1721 2953
465 121 707 167 TIBULLI
754 121 864 167 LIB.
892 123 963 169 IV.
990 133 1023 168 5.
1050 131 1083 170 6.
1380 127 1443 173 91

156 243 294 309 Optat
329 244 447 292 idem
483 244 654 291 iuvenis
688 245 812 310 quod
845 264 953 304 nos,
993 247 1071 294 sed
1107 247 1265 294 tectius
1301 258 1449 313 optat:

219 331 331 377 Nam
363 330 504 395 pudet
537 330 647 378 haec
681 331 805 378 illum
842 331 988 380 dicere
1024 333 1158 381 verba
1190 333 1353 399 palam.

157 417 215 462 At
250 428 321 472 tu,
360 417 555 474 Natalis,
597 418 810 483 quoniam
846 418 956 465 deus
993 422 1143 468 onmia
1177 422 1337 479 sentis,

104 513 151 546 20
225 501 413 550 Anuue:
467 503 578 569 quid
608 505 769 562 refert,
819 505 985 554 clamve
1016 508 1217 572 palamve
1253 509 1411 572 roget?

523 802 898 843 CARMEN
964 805 1040 844 VI.

155 911 358 998 lxlatalis
393 953 533 1010 Iuno,
582 965 759 1001 sanctos
797 972 906 1019 cape
938 954 1050 1000 luris
1086 971 1291 1010 acervos,

230 1037 358 1099 Quos
393 1038 474 1085 tibi
513 1038 590 1086 dat
622 1051 775 1087 tenera
811 1040 942 1087 docta
973 1039 1123 1105 puella
1157 1058 1307 1086 manu.

163 1123 278 1170 Tota
314 1123 396 1170 tibi
433 1135 498 1171 est
529 1124 689 1182 hodie,
732 1125 815 1172 ’tibi
851 1144 897 1172 se
933 1125 1175 1172 laetissima
1211 1125 1425 1190 compsit,

229 1209 376 1256 Staret
410 1221 460 1256 ut
496 1222 596 1258 ante
629 1222 728 1258 tuos
766 1211 1087 1277 conspicienda
1120 1211 1258 1258 focos.

132 1294 248 1342 5Illa
285 1295 467 1360 quidem
504 1297 698 1343 ornandi
736 1315 892 1344 causas
927 1297 1033 1354 tibi,
1073 1297 1199 1353 diva,
1244 1295 1435 1359 relegat:

226 1382 306 1428 Est
340 1392 513 1440 tamen,
559 1382 730 1430 occulte
768 1383 840 1430 cui
874 1383 1098 1448 placuisse
1135 1382 1248 1433 velit.

161 1466 222 1513 At
256 1478 328 1524 tu,
378 1480 555 1526 sancta,
598 1468 720 1532 fave,
765 1487 854 1516 neu
890 1469 990 1535 quis
1027 1468 1206 1516 divellat
1241 1481 1462 1526 amantes,

233 1553 325 1600 Sed
359 1553 509 1601 iuveni
544 1573 712 1620 quaeso
742 1567 898 1602 mutua
934 1555 1080 1603 vincla
1113 1575 1236 1621 para.

161 1639 235 1686 Sic
271 1640 385 1686 bene
422 1659 690 1705 compones:
744 1641 861 1688 ullae
897 1661 990 1688 11011
1027 1641 1100 1688 1116
1136 1641 1311 1706 puellae

113 1734 159 1768 10
237 1726 412 1772 Servire
449 1738 525 1772 aut
558 1726 769 1790 cuiquam
804 1727 985 1789 dignior
1019 1727 1093 1773 illa
1129 1728 1236 1773 vlro.

172 1813 264 1858 Nec
298 1812 441 1876 possit
476 1812 664 1877 cupidos
700 1812 889 1875 vigilans
927 1812 1206 1877 deprendere
1243 1824 1417 1869 custos,

234 1897 530 1962 Fallendique
566 1898 658 1944 vias
696 1898 813 1944 mille
849 1898 1071 1945 ministret
1106 1898 1259 1944 Amor.

168 1987 330 2030 Aunue
367 2002 684 2049 purpureaque
721 1984 820 2030 veni
856 1984 1089 2049 perlucida
1124 1983 1267 2050 palla:

236 2071 326 2116 Ter
360 2069 440 2117 tibi
471 2069 520 2117 fit
551 2069 665 2127 libo,
714 2082 802 2127 ter,
850 2070 933 2118 dea
965 2083 1109 2128 casta,
1150 2088 1287 2117 mero.

215 2283 253 2316 V.
269 2285 326 2317 ⁵20.
361 2283 493 2316 clamne
519 2285 685 2329 palamne
710 2287 769 2320 viri
803 2287 911 2330 docti,
948 2288 1020 2322 sine
1050 2288 1171 2322 idonea
1201 2299 1313 2323 causa.

214 2366 256 2400 V.
276 2369 305 2399 1.
341 2377 543 2401 acervos,
601 2369 770 2404 Minorem
796 2381 815 2403 a
847 2371 940 2405 libris
970 2373 1206 2407 auctoritatem
1234 2373 1335 2407 habet
1363 2374 1470 2406 altera

119 2430 220 2464 lectio
250 2430 406 2466 honores.

216 2515 304 2548 VJ.
341 2526 423 2549 neu
458 2518 556 2560 quis
591 2517 669 2552 cm.
697 2529 776 2551 vffl'.
828 2520 892 2553 Alii
919 2532 1002 2553 net-e
1028 2520 1084 2563 id,
1118 2533 1158 2554 ηε
1188 2521 1292 2566 quid,
1324 2533 1365 2554 ne
1396 2535 1470 2558 nos,

121 2590 161 2609 me
195 2590 274 2614 nox,
