1721 2953
306 168 386 202 302
613 159 983 205 COMMENTAR.
1016 165 1073 204 IN
1107 165 1334 207 TIBULLI

312 276 468 318 dignitas,
493 275 600 309 virtus
627 275 752 317 innata,
777 285 844 319 qua
868 277 1043 320 quaelibet
1068 288 1123 312 res
1146 283 1305 313 censetur
1332 283 1367 314 et
1392 280 1424 313 in
1451 280 1561 324 pretio
1587 285 1648 315 est.

311 342 494 375 MAu'rIAL.
522 339 615 382 VIII,
649 343 716 374 65:
761 341 901 374 Grande
940 342 1006 376 loci
1043 343 1204 376 meritum
1243 350 1427 379 testantur
1462 351 1498 378 et
1534 346 1652 378 altera

311 409 412 443 dona.
461 407 698 451 Imprimisque
731 408 820 452 apud
855 410 1000 443 seriores
1033 411 1171 455 saepius
1205 412 1346 456 reperiri
1371 411 1456 446 hanc
1479 413 1652 456 significa-

311 477 435 508 tionem
471 474 572 509 docet
600 476 885 512 Foncsstmmus.
919 474 1063 513 *Contra
1096 480 1129 513 in
1163 480 1444 515 antecedentibus
1479 482 1651 526 posuimus

309 541 434 584 ubique
458 542 556 576 aliam
583 543 789 578 locutionem
813 543 919 580 hanc:
959 547 986 580 si
1013 548 1161 580 carmina
1187 558 1262 581 mea
1287 548 1424 582 meritas
1446 548 1565 582 laudes
1589 548 1653 581 de·-

309 608 442 650 ficiant,
477 608 509 642 h.
538 619 568 642 e.
593 610 620 642 si
647 611 761 654 poesis
786 613 863 645 mea
888 621 954 645 non
981 613 1103 646 reddat
1130 613 1247 647 laudes
1273 614 1430 656 meritas,
1466 613 1527 647 sed
1554 613 1651 647 debi-

309 674 390 715 lior,
415 674 538 708 exilior
559 676 604 708 sit
629 679 664 709 et
689 676 778 710 desit
802 677 958 711 laudibus
985 679 1049 711 rite
1075 678 1250 720 dicendis,
1275 678 1366 722 quod
1392 679 1457 712 etsi
1482 680 1582 723 plane
1606 680 1652 713 si-

309 740 442 774 milibus
468 743 632 786 exemplis
658 743 820 778 illustrari
845 747 985 788 nequit,
1024 749 1137 779 tamen
1170 746 1213 780 ab
1250 757 1312 780 usu
1349 747 1479 789 vulgari
1505 757 1536 781 v.
1563 745 1654 790 defi-

309 819 382 838 cere
417 817 484 840 non
520 808 692 842 abhorret.
744 811 856 852 Atque
893 809 976 844 llaec
1011 809 1186 844 hactenus.
1244 812 1377 846 Viderit
1406 811 1455 844 his
1489 811 1653 845 enarratis

309 874 417 906 lector
447 873 522 918 ipse
555 875 637 917 quid
669 876 786 921 eligat.
838 879 905 910 Aut
931 878 1076 922 primum
1103 882 1162 912 aut
1189 879 1343 912 ultimum
1371 879 1541 922 explicata
1568 879 1653 911 ratio

309 949 409 981 vera,
434 942 539 983 atque
564 950 632 983 ego
657 941 750 975 illam
774 944 944 976 veriorem
969 943 1090 977 liabeo.
1139 944 1228 978 Nam
1256 946 1377 977 melius
1403 949 1515 978 tamen
1543 943 1652 987 luypo-

311 1004 437 1039 thetice
462 1005 621 1048 loquitur,
647 1007 676 1040 si
700 1008 892 1052 reperiatur
917 1009 1069 1050 inferior,
1094 1013 1129 1042 at
1155 1010 1304 1043 voluisse
1329 1012 1414 1043 satis
1438 1021 1525 1051 esse,
1551 1021 1651 1052 qnam

307 1083 351 1106 ex
377 1073 485 1113 altera
517 1073 649 1108 ratione
681 1075 796 1108 statim
829 1075 985 1109 concedit
1018 1077 1140 1109 merita
1174 1086 1241 1109 nou
1279 1076 1471 1110 habiturum
1505 1087 1651 1111 carmen.

310 1126 452 1171 Accedit
485 1138 576 1181 quod
612 1139 707 1172 locus
739 1139 789 1173 sic
823 1150 890 1173 non
926 1145 994 1173 tam
1029 1142 1152 1175 multas
1185 1153 1308 1186 pausas
1343 1142 1445 1177 habet
1478 1146 1514 1177 et
1547 1143 1654 1177 divisa

309 1205 477 1247 membra,
509 1205 568 1239 sed
595 1206 724 1238 unitate
759 1205 950 1248 grandioris
984 1210 1177 1241 structurae
1210 1208 1342 1251 placet3
1384 1212 1563 1252 praeterea
1587 1219 1654 1243 nou

310 1273 394 1304 bene
420 1271 546 1305 dixerit
571 1275 675 1315 poeta
701 1272 743 1305 de
768 1282 805 1305 se
833 1273 996 1315 loquens:
1033 1275 1063 1307 si
1088 1274 1236 1308 carmina
1265 1285 1340 1308 mea
1367 1275 1484 1309 laudes
1508 1287 1528 1309 a
1552 1276 1656 1309 meri-

308 1342 351 1372 tis
383 1350 435 1384 pr.
469 1339 609 1373 iudices.
638 1358 683 1364 -
727 1341 917 1383 Pergamus
950 1341 994 1374 ad
1032 1341 1178 1384 singula.
1235 1342 1484 1385 Conditor,
1523 1347 1657 1386 auctor,
1690 1392 1692 1395 .

308 1408 481 1447 narrator,
514 1396 672 1448 scriptor.
719 1406 829 1441 Ovrn.
856 1406 962 1440 Trist.
988 1407 1033 1449 ll,
1060 1410 1151 1441 335:
1192 1407 1330 1440 Divitis
1356 1407 1487 1453 ingenii
1511 1414 1563 1441 est
1589 1409 1656 1441 im-

309 1469 428 1502 mania
454 1470 616 1503 Caesaris
647 1476 732 1502 acta
759 1469 921 1505 Condere.
963 1472 1073 1506 VIRG.
1099 1471 1221 1515 Eclog.
1248 1472 1308 1514 VI,
1334 1476 1376 1507 7:
1416 1471 1539 1506 tristia
1574 1486 1656 1506 con·

310 1536 388 1570 dere
420 1535 524 1572 bellu.
572 1537 643 1571 Sed
678 1537 888 1582 vituperatus
922 1542 974 1571 est
1009 1543 1132 1582 poeta,
1171 1539 1262 1582 quod
1298 1550 1365 1574 non
1397 1540 1538 1583 genitivi
1572 1552 1655 1575 con-

308 1604 529 1637 structionem
557 1604 775 1647 praetulerit,
806 1605 912 1637 veluti
939 1605 1046 1638 Ovm.
1073 1605 1180 1638 Trist.
1207 1606 1249 1647 V,
1276 1608 1308 1647 l,
1335 1609 1390 1640 10.
1417 1606 1526 1641 dicat:
1551 1609 1657 1640 Sum-

310 1681 376 1717 que
407 1669 612 1714 argumenti
644 1669 802 1702 conditor
833 1669 907 1713 ipse
943 1669 1020 1703 mei.
1069 1671 1222 1705 Frustra,
1273 1671 1414 1705 nativus
1443 1670 1496 1706 hic
1521 1673 1655 1715 siguifi—

308 1738 440 1772 cantior
474 1741 537 1770 est.
586 1736 736 1770 Genitivi
769 1747 888 1770 sensus
930 1741 1041 1772 esset:
1081 1739 1110 1771 si
1135 1738 1344 1772 condiderim
1377 1738 1548 1774 humiliter
1580 1746 1655 1775 acta

311 1807 424 1844 tauta3
462 1802 565 1836 dativi
600 1801 653 1836 hic
686 1807 756 1836 est:
795 1804 822 1836 si
852 1804 894 1836 ad
919 1808 1012 1837 tanta
1045 1808 1121 1838 acta
1154 1807 1219 1839 rite
1245 1805 1397 1840 canenda
1421 1806 1554 1841 humilis
1581 1819 1655 1842 esse

312 1868 546 1912 deprehendar
579 1870 746 1904 conditor.
797 1871 960 1905 Ceterum
993 1872 1036 1906 ad
1071 1883 1102 1906 v.
1139 1872 1284 1906 humilis
1316 1874 1360 1907 cf.
1386 1874 1554 1909 PssTnoN.
1580 1876 1653 1909 Sat.

309 1939 375 1969 83:
400 1937 478 1982 Ego
497 1943 606 1980 poeta
630 1948 707 1968 sum
732 1942 768 1968 et
793 1943 834 1969 ut
859 1949 960 1981 spero
985 1951 1054 1971 non
1083 1938 1273 1971 humillimi
1297 1938 1458 1983 spiritus,
1484 1959 1532 1965 —
1568 1941 1656 1974 Mox

311 2006 498 2044 praeter
534 2004 579 2035 te
615 2001 719 2043 dicit,
758 2012 835 2035 cum
862 2003 1011 2037 Messala
1037 2005 1132 2048 pacis
1157 2006 1287 2039 artibus
1313 2016 1378 2039 non
1407 2007 1517 2039 minus
1548 2008 1657 2039 clarus

311 2071 402 2101 esset
426 2078 526 2110 quam
551 2067 641 2100 belli.
689 2067 728 2100 In
760 2069 933 2111 poematio
959 2069 1047 2102 Ciris
1073 2069 1111 2103 ’ν.
1137 2072 1193 2103 36.
1226 2072 1417 2114 appellatur
1443 2071 1658 2104 doctissimus

309 2134 488 2176 iuvenum,
521 2137 556 2166 et
583 2137 715 2167 constat
747 2134 882 2168 celebre
917 2135 988 2168 eius
1013 2146 1135 2169 nomen
1161 2137 1250 2170 inter
1275 2141 1427 2170 oratores
1452 2137 1576 2178 fuisse,
1613 2138 1656 2171 cf.

311 2199 513 2233 Smnmuc.
548 2199 591 2233 ad
627 2200 768 2243 Quintil.
805 2201 832 2243 l,
864 2204 900 2243 5,
934 2204 989 2236 15.
1025 2207 1060 2236 et
1094 2202 1308 2237 Ennunn'rn
1342 2203 1480 2245 Proleg.
1515 2203 1549 2236 in
1584 2203 1656 2237 Cic.

313 2265 408 2298 Brut.
441 2275 521 2308 pag.
555 2265 746 2299 CXXXVI.
810 2267 994 2301 Praeterea
1034 2278 1179 2312 poeseos
1216 2273 1252 2302 et
1288 2267 1520 2313 philosophiae
1558 2268 1658 2302 lande

311 2330 436 2362 eximia
469 2330 632 2372 florebat,
669 2331 711 2365 cf.
748 2332 896 2366 Vmcm.
933 2332 1043 2366 Catal.
1078 2333 1140 2368 ΧΙ.
1181 2338 1216 2368 et
1252 2334 1397 2368 HoRA'r.
1433 2335 1494 2376 111,
1527 2337 1585 2374 21,
1620 2336 1656 2366 9.

311 2395 407 2428 Talis
433 2396 540 2439 igitur
564 2397 614 2430 vir
639 2398 740 2431 etiam
767 2409 820 2432 res
847 2403 962 2442 gestas
990 2410 1069 2433 suas
1095 2402 1222 2444 optime
1248 2400 1476 2444 descripserit,
1500 2403 1538 2432 ut
1562 2409 1658 2432 com-

311 2467 451 2505 parante
486 2464 625 2497 Vunmo
660 2464 777 2498 Livius
812 2466 854 2499 de
891 2466 1058 2500 Cicerone
1100 2466 1183 2500 dicit
1220 2477 1275 2509 ap.
1312 2467 1448 2500 Sanno.
1483 2465 1656 2498 Rumon.

312 2529 451 2562 Suasor.
482 2533 523 2564 6:
562 2530 601 2564 Si
626 2531 704 2576 quis
730 2538 847 2564 tamen
871 2530 1070 2565 virtutibus
1097 2532 1188 2564 vitia
1209 2531 1391 2577 pensat-it,
1416 2530 1472 2564 vir
1497 2543 1657 2574 magnus,

314 2605 413 2632 acer,
448 2594 678 2629 memorabilis
706 2596 791 2642 fuit
816 2603 850 2630 et
875 2596 913 2629 in
937 2596 1038 2631 culus
1065 2596 1190 2630 laudes
1209 2597 1470 2642 persequendus
1499 2598 1656 2630 Cicerone

316 2660 503 2695 laudatore
536 2675 622 2706 opus
644 2663 774 2710 fuerit.
801 2684 843 2689 --
885 2665 995 2699 Porro
1028 2664 1202 2698 chartis
1241 2664 1448 2698 intexere
1485 2667 1537 2697 est
1563 2673 1656 2696 man-
