1721 2953
269 167 348 201 446
583 159 953 205 COMMENTAR.
984 164 1042 205 IN
1072 164 1300 206 TIBULLI

617 452 1082 501 CARMEN
1181 454 1263 499 Vl.

739 761 1148 805 INTRODUCTIO.

266 917 443 974 Carmen
478 938 603 980 poetae
635 935 770 969 nomine
804 935 969 979 scriptum
1002 933 1046 968 ad
1080 934 1243 968 Iunonem
1270 934 1304 968 in
1336 935 1440 968 natali
1466 936 1610 980 puellae,

266 1013 353 1045 quae
378 1000 530 1045 Sulpicia
554 1004 626 1042 est,
660 1001 723 1034 etsi
746 1010 810 1034 nec
843 1000 916 1034 eius
942 1010 1067 1033 nomen
1091 1001 1240 1033 occurrit
1270 1010 1334 1033 nec
1360 1000 1523 1034 Cerinthi.
1573 1000 1611 1032 In

265 1068 406 1100 introitu
438 1067 526 1100 viam
562 1066 626 1100 sibi
661 1069 759 1110 parat
794 1069 896 1109 poeta
929 1065 974 1098 ad
1007 1075 1172 1098 summam
1206 1064 1408 1098 seutentiam
1443 1066 1614 1106 carminis,

267 1133 425 1166 invocans
452 1132 616 1165 Iunonem
641 1135 680 1165 ut
704 1130 847 1174 recipiat
871 1130 960 1163 dona
985 1130 1141 1172 puellae,
1166 1140 1375 1173 narransque
1401 1131 1551 1164 suaviter
1576 1135 1614 1164 ut

266 1211 307 1234 ea
332 1201 507 1244 eleganter
531 1203 667 1244 compta
693 1197 794 1232 hodie
818 1198 852 1231 in
877 1196 1040 1231 honorem
1065 1196 1169 1239 deae,
1195 1197 1293 1231 simul
1321 1201 1433 1231 tamen
1458 1198 1514 1232 alii
1539 1199 1614 1231 cuiw

265 1268 342 1302 dam
367 1269 504 1312 placere
531 1267 624 1302 velit.
674 1266 805 1300 Adsunt
841 1266 930 1300 enim
964 1265 1053 1299 festo
1080 1266 1179 1299 amici
1207 1265 1374 1308 familiae,
1412 1266 1502 1300 inter
1528 1276 1614 1309 quos

265 1333 458 1370 Cerintlms.
516 1334 590 1368 Iam
615 1337 803 1377 sequuntur
828 1333 862 1366 in
888 1332 1001 1366 medio
1027 1333 1176 1367 carmine
1211 1343 1250 1366 ea
1275 1333 1310 1366 in
1335 1333 1458 1376 quibus
1483 1344 1615 1367 summa

265 1401 315 1432 vis
349 1400 447 1433 inest.
505 1400 711 1443 Imploratur
737 1399 901 1431 auxilium
934 1398 1072 1430 Iunonis
1107 1398 1149 1430 ad
1184 1407 1334 1431 amorem
1367 1399 1542 1441 Sulpiciae
1579 1402 1615 1431 et

266 1464 417 1498 cerinthi
440 1463 639 1497 firmandum
665 1467 700 1496 et
726 1462 898 1496 tuendum.
947 1462 1058 1503 Cura,
1098 1464 1165 1504 ait,
1198 1474 1241 1497 ne
1267 1463 1469 1497 divellantur
1492 1475 1612 1497 aman-

265 1536 337 1572 tes,
362 1530 423 1564 sed
448 1530 559 1564 iuveni
585 1534 738 1563 mutuum
764 1539 914 1563 amorem
939 1528 1086 1572 inspira,
1112 1529 1161 1562 sic
1185 1529 1310 1563 bonum
1335 1534 1370 1563 et
1392 1531 1525 1562 firmum
1551 1530 1615 1562 erit

265 1596 405 1638 foedus,
440 1607 507 1630 non
535 1596 650 1639 dispar
677 1601 711 1629 et
737 1597 862 1629 laxum.
911 1594 1027 1627 Tuere
1054 1594 1177 1627 deinde
1203 1595 1304 1628 etiam
1330 1600 1516 1628 conventus
1542 1596 1615 1628 fur-

264 1663 353 1695 tivos
378 1673 495 1696 eorum
521 1665 556 1695 et
580 1663 672 1695 mille
697 1662 768 1695 vias
792 1661 931 1694 fallendi
957 1661 1117 1695 custodes
1142 1662 1312 1695 ministret
1335 1662 1450 1696 Amor.
1501 1664 1613 1705 Atque

265 1728 348 1762 haec
373 1733 471 1771 sunt,
509 1728 543 1762 in
571 1728 693 1772 quibus
720 1728 898 1762 consilium
923 1729 1086 1762 carminis.
1107 1729 1310 1762 continetur.
1360 1728 1398 1761 In
1428 1728 1521 1761 exitu
1548 1729 1616 1762 ite-

265 1807 339 1829 rum
373 1797 540 1840 repetitur
573 1796 753 1829 invocatio.
803 1796 1005 1829 Obtestatur
1031 1795 1129 1829 deam
1155 1795 1224 1840 ‘per
1257 1807 1372 1838 sacra,
1412 1807 1499 1839 quae
1526 1797 1614 1829 offe-

265 1867 405 1905 runtur,
440 1867 478 1896 ut
502 1867 628 1896 annuat
652 1862 693 1896 iis
718 1873 805 1905 quae
831 1862 932 1896 modo
960 1863 1068 1907 petiit,
1118 1864 1217 1898 Velle
1242 1864 1330 1897 enim
1357 1864 1505 1908 puellam
1533 1863 1613 1896 nihil

265 1931 370 1973 aliud,
397 1932 478 1965 licet
503 1935 610 1965 matre
635 1930 864 1972 dissentiente,
892 1934 926 1964 et
946 1931 997 1964 uri
1025 1941 1099 1964 eam
1123 1929 1429 1964 vehementissime.
1479 1930 1614 1974 Nempe

267 2010 363 2032 amor
387 1999 521 2043 puellae
547 2009 635 2032 nunc
661 1998 775 2042 paullo
800 1997 958 2031 disertius
985 1997 1209 2040 describitur,
1245 2002 1284 2031 ut
1308 1998 1411 2032 faciat
1437 1998 1501 2032 dea
1526 2009 1614 2041 quae

268 2070 349 2099 aute
374 2070 496 2107 rogata
521 2069 610 2099 sunt.
661 2066 773 2107 Atque
795 2066 841 2098 ita
865 2065 993 2099 claudit
1018 2076 1163 2107 carmen,
1189 2070 1311 2109 optans
1336 2070 1375 2099 ut
1396 2077 1470 2099 cum
1495 2066 1615 2109 proxi-

267 2141 342 2163 mus
367 2141 474 2163 annus
501 2131 651 2171 venerit,
688 2131 754 2162 iam
780 2134 878 2164 vetus
904 2134 938 2164 et
964 2131 1171 2164 inveteratus
1197 2132 1240 2163 sit
1266 2141 1362 2163 amor
1387 2141 1449 2163 nec
1475 2130 1612 2162 dissolvi

269 2197 413 2240 amplius
447 2197 564 2240 possit.
616 2197 675 2246 Sic
709 2200 822 2239 poeta.
872 2195 978 2230 Vides
1011 2207 1129 2229 rursus
1155 2196 1413 2239 compositionis
1439 2197 1616 2237 rationem,

268 2264 402 2305 qualem
428 2261 553 2295 habere
579 2261 631 2294 hic
667 2262 777 2295 solent
805 2263 958 2295 natalitia
990 2263 1158 2303 carmina,
1193 2261 1362 2305 habetque
1390 2263 1490 2295 etiam
1517 2266 1615 2296 ante-

269 2327 404 2360 cedens.
453 2327 491 2359 In
526 2326 714 2359 exordio
750 2331 890 2360 vocatur
923 2327 986 2360 dea
1019 2331 1057 2360 ut
1081 2327 1170 2360 adsit
1195 2331 1229 2360 et
1254 2328 1365 2371 capiat
1391 2328 1497 2370 dona,
1534 2339 1616 2361 me-

270 2391 384 2424 dium
419 2401 592 2423 carmen
626 2402 745 2434 preces
771 2390 869 2424 habet
905 2402 967 2435 pro
1000 2402 1116 2425 amore
1141 2396 1259 2425 mutuo
1290 2394 1493 2434 amantium,
1524 2394 1614 2426 exi-

270 2463 337 2491 tus
367 2458 513 2499 denique
546 2457 578 2489 id
613 2459 685 2500 agit
719 2462 757 2490 ut
790 2462 863 2492 rata
898 2460 979 2492 fiant
1012 2462 1100 2491 vota.
1151 2458 1292 2491 Accedit
1318 2469 1398 2491 vero
1424 2468 1511 2490 nnnc
1538 2456 1613 2499 hoc,

271 2521 360 2564 quod
386 2526 439 2555 ter
463 2523 628 2565 repetitur
652 2524 833 2565 invocatio,
860 2523 1145 2566 quemadmodum
1168 2523 1201 2556 in
1221 2533 1323 2557 carm.
1344 2522 1405 2557 lV.
1431 2522 1474 2555 ad
1498 2521 1611 2556 Phoe-

270 2588 350 2623 bum
375 2588 518 2623 vidimus
545 2590 679 2624 sactum.
