1721 2953
297 176 377 210 388
590 166 963 210 COMMENTAR.
995 170 1052 210 IN
1084 170 1314 211 TIBULLI

298 285 477 325 dorm-erit,
502 283 629 317 sentiat
654 293 795 317 necesse
821 288 873 318 est
895 284 1085 330 imperfecti
1111 294 1196 327 opus
1222 294 1282 317 nos
1308 288 1436 326 tenere,
1462 294 1527 317 non
1554 285 1643 317 clas„

295 353 354 385 sici
382 355 512 395 poetae.
563 349 687 383 Dicunt
713 350 912 392 Scimcssn,
942 353 1115 391 Vunvms,
1143 350 1355 383 Huscnxms
1381 351 1414 383 in
1439 350 1640 384 adolescen-

297 420 340 451 lia
367 419 397 450 icl
432 417 566 450 Albium
593 416 724 450 secisse.
775 418 822 450 At
855 419 943 451 enim
979 419 1143 463 scriptum
1177 423 1273 452 certe
1299 423 1351 452 est
1378 422 1455 463 post
1478 419 1595 452 initum
1621 429 1639 451 a

298 487 441 520 Messala
481 485 693 518 consulatum
729 494 807 518 ann.
832 486 912 518 723.
948 496 1015 528 quo
1041 495 1128 518 anno
1163 485 1264 518 etiam
1295 485 1402 529 prima
1429 486 1541 528 elegia
1565 485 1641 518 libri

294 551 391 594 primi
427 551 574 594 scripta,
611 559 712 592 quam
747 553 866 583 secuta
899 554 951 584 est
986 561 1062 584 ann.
1096 553 1180 584 725.
1215 550 1316 584 tertia
1359 551 1509 584 eiusdem
1551 551 1640 584 libri.

297 619 331 651 ln
363 616 411 651 lus
447 622 560 651 autem
597 617 801 651 carminibus
837 628 913 652 cum
949 628 1080 651 summa
1116 619 1164 651 vis
1198 621 1233 651 et
1266 618 1373 651 virtus
1405 617 1532 651 Tibulli
1558 627 1640 651 con-

292 684 474 727 spiciatur,
526 682 697 725 quomodo
739 683 833 717 credi
873 688 986 728 potest
1019 684 1138 717 eodem
1177 688 1334 728 tempore
1375 687 1444 717 tam
1479 683 1642 718 dissimile

292 762 376 795 opus
413 751 455 783 ab
489 761 530 783 eo
568 750 823 793 compositum?
872 751 985 793 Atque
1021 750 1151 783 etiamsi
1177 750 1251 783 fieri
1279 753 1416 794 posset,
1452 749 1543 793 quod
1568 750 1641 784 fieri

290 817 426 859 nequit,
454 819 490 848 ut
515 817 643 858 aliquot
674 817 768 849 annis
793 816 887 859 prius
913 819 1099 860 poneretur
1124 816 1307 860 scriptum,
1342 826 1397 850 res
1423 816 1542 849 eadem
1567 826 1642 849 ma-

295 889 412 919 neret:
450 885 610 928 egregius
639 883 691 917 liic
727 887 830 927 poeta
867 884 969 917 etiam
1005 884 1035 916 in
1067 884 1298 917 adolescentia
1324 894 1389 917 non
1416 885 1527 928 potuit
1558 883 1640 917 haec

295 963 438 994 canere,
475 962 539 986 non
568 952 697 995 potuit,
733 951 890 993 inquam,
928 951 984 993 qui
1011 960 1179 993 generosa
1213 951 1314 983 animi
1350 951 1482 991 indole,
1522 951 1640 993 vigore

293 1021 489 1061 affectuum,
515 1019 686 1062 elegantia
705 1018 831 1060 iudicii,
857 1022 930 1051 arte
956 1018 1226 1061 compositionis,
1250 1017 1452 1050 elocutionis
1474 1017 1640 1059 dignitate

292 1090 327 1120 et
350 1087 567 1130 simplicitate
595 1097 614 1119 a
639 1085 872 1128 mythologico
898 1085 1033 1127 alioque
1059 1085 1150 1117 inani
1178 1088 1298 1116 ornatu
1324 1083 1434 1116 aliena
1460 1086 1640 1126 tantopere

293 1154 418 1186 eminet
452 1153 540 1185 inter
575 1152 764 1194 elegiacos,
802 1150 1003 1184 adolescens
1039 1149 1265 1182 adulatorium
1301 1153 1335 1182 et
1368 1160 1478 1194 paene
1503 1151 1637 1191 servile,

291 1219 461 1258 ieiunum,
500 1219 651 1260 ineptum
688 1215 862 1258 ingenium
896 1214 1032 1249 habere.
1094 1217 1211 1251 Quare
1247 1216 1348 1249 etiam
1383 1217 1535 1249 Vossms
1571 1227 1639 1250 non

291 1285 479 1318 audiendus
518 1289 569 1318 est
613 1294 754 1317 censens
796 1283 941 1316 fortasse
984 1280 1139 1315 noluisse
1181 1287 1318 1326 poetam
1357 1284 1456 1316 aliter
1491 1283 1641 1316 scribere

291 1363 390 1394 quam
418 1351 470 1384 hic
496 1351 642 1391 sactum,
679 1361 747 1392 quo
773 1350 854 1383 nihil
880 1351 948 1392 legi
976 1350 1085 1393 magis
1112 1349 1198 1383 mire
1226 1348 1363 1382 dictum.
1421 1350 1471 1383 Ac
1496 1359 1540 1382 ne
1565 1359 1640 1382 esse

290 1417 426 1459 quidem
453 1417 577 1449 malum
602 1425 737 1448 carmen
763 1415 903 1456 iudicat,
928 1415 988 1447 sed
1016 1415 1100 1447 bene
1124 1419 1347 1457 temperatum
1374 1415 1482 1447 landis
1507 1415 1639 1456 magni-

292 1485 426 1517 ficentia
454 1486 488 1515 et
513 1481 700 1514 modestiae
726 1480 956 1524 simplicitate,
983 1481 1031 1512 sic
1063 1480 1196 1511 scilicet
1220 1480 1394 1522 appellans
1420 1491 1508 1522 quae
1535 1491 1635 1523 supra

292 1551 336 1583 ob
362 1550 479 1583 oculos
504 1547 676 1591 posuimus
702 1547 835 1580 lectori.
888 1547 1026 1581 Quanto
1052 1545 1174 1578 melius
1200 1545 1422 1587 Hnsemuns,
1448 1546 1504 1588 qui
1531 1547 1638 1579 inter-

289 1616 404 1660 polata
430 1613 595 1657 quaedam
619 1612 734 1645 dicere
761 1610 909 1643 malebat
936 1611 1068 1650 inesse,
1096 1613 1133 1641 ut
1158 1619 1211 1642 vv.
1239 1612 1446 1652 197-203.‚
1472 1621 1514 1644 ne
1539 1611 1637 1644 nimis

294 1682 432 1725 indigna
457 1681 686 1714 tribuerentur
710 1677 862 1710 Tibullo.
911 1676 981 1709 Sed
1009 1680 1127 1709 contra
1157 1677 1316 1710 Vossmm
1342 1681 1556 1720 ceterosque,
1581 1680 1637 1721 qni

287 1748 461 1781 Tibullum
498 1749 674 1779 auctorem
709 1741 854 1783 habent,
892 1741 1077 1785 disputavit
1115 1742 1217 1775 etiam
1255 1741 1418 1775 Bicfflus
1451 1743 1638 1779 verissime.

291 1814 413 1856 Neque
449 1824 489 1845 ea
521 1822 575 1845 res
610 1810 724 1844 dubia.
777 1808 1024 1843 Abiudicarunt
1050 1808 1178 1842 dudum
1205 1808 1344 1842 Tibullo
1369 1817 1504 1843 carmen
1531 1810 1636 1843 HuY-

287 1892 390 1922 Num,
426 1880 769 1913 MszcnssRmcHIUs
796 1876 838 1909 ad
866 1876 987 1910 Horat.
1014 1876 1076 1918 111,
1102 1878 1159 1919 25,
1183 1888 1217 1920 p.
1245 1877 1350 1917 245„
1389 1875 1635 1909 EICHsTAmus

287 1948 319 1979 iu
345 1948 604 1989 Programmate
630 1944 763 1978 lenensi
798 1952 875 1976 ann·
903 1946 1027 1986 1806„
1067 1944 1135 1976 iam
1169 1953 1271 1987 supra
1304 1942 1461 1985 laudato,
1499 1943 1633 1985 aliique.

289 2017 338 2046 Ac
368 2014 539 2046 Huva‘ms
573 2011 740 2054 originem
766 2011 837 2043 eius
871 2009 920 2043 his
955 2011 1066 2043 verbis
1102 2010 1271 2054 explicat:
1309 2010 1438 2051 „Plura
1464 2008 1629 2042 habemus

289 2078 479 2112 huiusmodi
514 2077 682 2116 carmina,
720 2076 856 2108 serioris
890 2076 1012 2108 aetatis
1049 2075 1159 2117 fetus,
1196 2075 1318 2118 quibus
1348 2074 1483 2118 poetica
1508 2083 1564 2106 ars
1590 2073 1632 2105 ad

289 2144 476 2177 rhetoricas
511 2143 829 2187 praeceptiuncnlus
865 2143 1018 2176 revocari
1054 2144 1180 2186 coepit.
1241 2141 1342 2177 Quod
1375 2145 1488 2174 autem
1514 2141 1546 2173 in
1572 2140 1633 2173 de—

288 2209 545 2244 clamationibus
571 2208 682 2251 fac-ere
718 2208 877 2241 solebant
909 2212 947 2241 ut
977 2208 1093 2241 nobile
1130 2218 1174 2241 ex
1205 2211 1323 2241 vetere
1348 2205 1488 2239 historia
1511 2215 1634 2238 nomen

288 2280 322 2309 et
347 2275 472 2309 factum
499 2278 746 2320 proponerent,
780 2275 811 2308 in
847 2286 915 2318 quo
939 2276 1086 2309 iuvenile
1113 2275 1288 2318 ingenium
1313 2273 1555 2308 controversiis
1580 2272 1633 2305 fo-

286 2343 441 2376 rensibus
475 2342 712 2386 praeluderet,
747 2342 836 2375 idem
872 2343 1059 2376 instituisse
1096 2342 1255 2375 videntur
1288 2340 1443 2383 magistri
1468 2339 1632 2383 poetices,

295 2412 334 2440 ut
363 2418 405 2440 ex
432 2411 569 2448 vetere,
607 2409 788 2450 Augusteo
813 2408 984 2451 inpriiniS,
1021 2409 1158 2441 saeculo
1184 2408 1358 2441 materiem
1384 2403 1635 2439 exercitationis

291 2479 446 2519 peterent
478 2484 625 2516 suaeque
658 2476 910 2519 praeceptionis
945 2475 1101 2519 exempla
1132 2475 1371 2518 proponerent.
1418 2469 1456 2503 In
1484 2469 1634 2502 Ammo-

287 2552 396 2575 nocri
423 2541 567 2574 LirriNA
595 2542 690 2584 plura
717 2542 867 2574 carmina
891 2544 1094 2582 occurrunt,
1120 2550 1210 2582 quae
1236 2539 1269 2571 in
1299 2536 1385 2569 bunc
1411 2544 1549 2568 censum
1576 2543 1633 2566 re-

286 2607 423 2640 ferenda
450 2610 526 2639 sunt
553 2610 588 2638 ut
613 2606 676 2638 iam
704 2607 744 2638 ad
773 2607 951 2640 Catalecta
978 2607 1146 2640 Vincunt
1181 2603 1383 2637 monuimus.
1432 2601 1521 2633 Sunt
1546 2609 1632 2632 non-

292 2675 380 2707 nulla
407 2684 447 2707 ex
475 2675 514 2707 iis
540 2674 570 2706 in
600 2674 718 2716 quibus
746 2674 870 2717 ingenii
897 2685 980 2708 vena
1008 2677 1060 2706 est
1085 2683 1149 2706 non
1179 2671 1342 2707 obscura,
1379 2669 1442 2702 alia
1470 2667 1630 2702 orationis
