1721 2953
0 1599 33 1626 >4

528 172 670 213 LIBR.
700 173 773 213 IV.
832 171 998 214 CARM.
1030 173 1062 213 1.
1377 176 1455 212 391

112 291 220 321 ortam
241 287 437 320 varietatem
462 295 537 319 cum
561 284 604 318 de
625 284 878 318 constructione
903 286 1088 329 particulae
1110 290 1149 317 ut
1170 284 1392 319 dubitaretur.
1412 304 1455 308 —

113 355 276 398 Sequitur
310 364 397 387 nunc
431 354 526 386 locus
561 353 661 385 etiam
696 351 891 393 difficilior,
931 354 1025 386 cuius
1062 363 1149 397 quae
1183 354 1226 386 sit
1260 362 1337 385 vera
1372 362 1457 385 con-

111 422 265 463 structio,
290 430 415 464 anceps
442 424 494 453 est
518 418 690 452 iudicium.
741 418 925 451 Videamus
952 421 1059 453 varias
1081 420 1242 461 rationes,
1268 429 1350 461 quas
1371 419 1456 451 inire

113 488 230 530 possis.
281 486 434 519 Primum
459 488 601 529 possunt
627 484 738 517 onmia
763 494 829 516 una
857 485 996 527 periodo
1022 484 1273 529 comprehendi,
1302 487 1338 516 ut
1364 484 1455 517 Sca-

111 564 225 587 LIGuR
253 553 353 595 fecit,
378 554 446 586 sic:
486 554 530 586 At
555 553 582 585 si
610 551 759 584 carmina
785 561 862 583 mea
886 551 1002 584 laudes
1027 553 1165 585 meritas
1191 552 1366 592 deficiant,
1393 549 1453 583 hu-

109 621 197 654 milis
228 621 292 653 sim
326 619 481 653 laudator
516 619 618 651 tantis
652 618 737 651 actis
769 628 880 660 neque
914 619 1047 651 omnino
1081 619 1256 661 quisquam
1283 617 1369 650 sacta
1396 620 1456 649 tua

109 689 246 729 praeter
269 689 304 719 te
337 686 420 718 satis
442 677 557 728 ‘digne
591 683 786 718 describere
822 685 950 728 possit,
990 689 1042 717 est
1067 685 1163 718 nobis
1188 684 1335 718 voluisse
1360 684 1454 717 satis.

108 753 306 794 Sequuntur
331 751 395 785 hoc
420 753 522 795 vulgo
546 752 770 795 interpretes,
810 751 874 784 nisi
909 751 1000 794 quod
1034 750 1225 792 HEYNms,
1264 749 1454 783 WUNDER-

109 827 253 850 memus
289 821 323 851 et
355 817 517 850 Baculus
552 817 706 850 MURE‘rt
735 817 947 859 aliorumque
972 818 1153 863 lectionem
1179 828 1220 848 ac
1246 815 1453 860 praeferunt,

106 883 378 926 quandoquidem
402 893 471 916 non
499 887 567 916 tam
593 883 766 926 oppositio
801 881 854 916 hic
884 894 960 916 esse
987 883 1119 916 videtur
1146 893 1244 925 quam
1277 881 1454 915 continua-

108 948 155 980 tio
180 947 465 981 antecedentium.
515 948 629 990 Atque
663 949 710 981 ita
747 949 846 981 etiam
880 948 959 981 mihi
995 949 1118 992 placet.
1166 949 1275 982 Porro
1300 949 1451 981 Vossws

105 1024 184 1047 cum
202 1015 360 1049 HfflNSIo
386 1015 575 1058 asyndeton
602 1020 755 1049 removet
781 1016 952 1049 scribens:
976 1015 1157 1060 tantisque
1177 1014 1330 1049 humilis.
1380 1015 1452 1049 Sed

106 1079 170 1114 hoc
196 1081 297 1115 modo
326 1082 507 1115 collocatio
539 1082 721 1116 verborum
747 1083 899 1116 deterior
930 1083 990 1124 fit,
1028 1092 1104 1115 cum
1130 1082 1178 1114 vis
1203 1081 1390 1115 sententiae
1416 1081 1451 1114 in

105 1159 136 1180 ν.
162 1147 342 1182 humilis
367 1149 429 1190 sit,
455 1160 497 1182 ac
523 1153 616 1192 patet
640 1160 743 1182 causa
768 1148 943 1191 asyndeti,
968 1149 998 1182 si
1023 1148 1158 1192 quidem
1185 1150 1257 1192 ipsa
1281 1148 1450 1181 sententia

104 1213 309 1246 antecedens
333 1214 499 1256 repetitur
527 1214 729 1257 explicatius
757 1224 833 1246 cum
858 1213 1056 1255 gradatione
1082 1215 1246 1256 quadam,
1281 1213 1450 1247 clauditur

104 1284 220 1313 autem
259 1280 415 1322 gradatio
457 1281 647 1313 sententiae
685 1280 788 1313 tertio
830 1279 964 1313 demum
1003 1281 1172 1321 membro,
1219 1279 1275 1312 ubi
1315 1279 1449 1322 copula.

103 1348 233 1379 Tamen
259 1357 325 1379 non
351 1357 441 1389 nego
473 1348 629 1390 poeticae
666 1347 810 1380 orationi
841 1347 872 1380 in
898 1347 958 1380 tali
983 1357 1020 1380 re
1046 1348 1154 1389 magis
1180 1347 1362 1380 convenire
1387 1356 1448 1379 co-

102 1412 309 1456 pulationem
345 1412 494 1444 omnium
529 1413 760 1446 membrorum
795 1423 895 1456 quam
920 1414 1108 1456 asyndeton
1144 1414 1177 1446 in
1212 1414 1324 1447 medio
1359 1415 1446 1447 loco.

101 1482 214 1523 Atque
251 1479 334 1513 haec
369 1479 506 1521 quidem
544 1479 587 1512 de
621 1478 683 1512 his.
746 1479 823 1512 Alio
858 1479 961 1513 modo
997 1480 1208 1513 Hvscuxms
1245 1483 1297 1512 est
1335 1480 1448 1513 omnia

99 1547 298 1590 complexus
323 1555 389 1578 una
415 1545 556 1589 periodo
582 1547 652 1579 sic:
679 1546 725 1579 At
750 1546 778 1579 si
805 1547 956 1580 carmina
980 1547 1117 1590 poesios
1143 1546 1302 1580 deficiant
1326 1546 1444 1580 laudes

99 1617 186 1655 tuas,
211 1614 239 1647 si
266 1613 336 1657 (pr.
357 1612 438 1656 sim)
467 1612 599 1645 humilis
625 1606 840 1647 historiarum
868 1614 1026 1647 conditor
1050 1615 1153 1647 tantis
1180 1615 1264 1647 actis
1289 1614 1361 1647 scil.
1384 1614 1447 1647 de-

98 1680 208 1720 ficiat,
238 1689 348 1722 neque
373 1679 460 1711 alius
485 1679 662 1720 quisquam
698 1679 788 1712 facta
820 1683 876 1712 tua
905 1683 1039 1722 praeter
1064 1683 1098 1712 te
1124 1679 1225 1721 digne
1251 1678 1444 1713 describere

100 1747 213 1787 queat,
238 1747 291 1776 est
315 1743 411 1776 nobis
436 1743 585 1776 voluisse
609 1744 703 1778 satis.
756 1744 854 1779 Quae
875 1745 1000 1777 nemini
1020 1745 1184 1789 placitura
1204 1744 1326 1785 credo3
1351 1744 1444 1786 quod

99 1812 304 1854 imaginatur
339 1812 389 1844 vir
425 1811 546 1845 doctus
584 1810 740 1844 carminis
776 1809 904 1843 heroici
941 1810 1149 1844 conditorem
1183 1815 1217 1844 et
1251 1810 1443 1854 pedestrem

97 1879 299 1922 scriptorem
335 1877 552 1911 ilistoriarum
587 1877 651 1910 sibi
688 1878 837 1922 opponi,
876 1878 1142 1911 distinctioribus
1175 1878 1286 1911 verbis
1311 1878 1344 1910 id
1370 1878 1443 1910 fieri

98 1943 247 1977 debebat
272 1954 371 1986 quam
399 1942 451 1977 hic
477 1948 529 1977 est
553 1943 692 1986 factum,
719 1954 761 1977 ne
789 1945 901 1978 dicam
927 1945 969 1979 de
992 1946 1114 1978 ceteris
1139 1955 1224 1988 quae
1252 1945 1440 1988 displicent.

98 2008 282 2042 Yideamus
318 2019 420 2053 porro
455 2010 540 2042 alios
577 2008 707 2043 modos.
758 2010 843 2043 Nam
862 2021 958 2054 quae
994 2011 1027 2044 in
1062 2011 1342 2044 antecedentibus
1375 2021 1441 2044 una

97 2080 149 2110 est
173 2077 243 2110 visa
271 2077 448 2120 periodus,
477 2081 592 2120 potest
618 2078 719 2110 etiam
745 2077 868 2120 dividi,
897 2081 930 2111 et
956 2079 1100 2123 primum
1126 2079 1262 2121 quidem
1289 2078 1357 2111 sic:
1396 2078 1442 2110 At

94 2142 123 2175 si
149 2144 295 2176 carmina
321 2154 396 2176 mea
421 2143 538 2176 laudes
566 2147 642 2177 tuas
670 2145 849 2186 deficiant,
882 2149 955 2179 esto
980 2146 1043 2180 sim
1069 2145 1202 2179 humilis
1228 2145 1329 2178 tantis
1354 2144 1440 2177 actis

95 2210 268 2252 conditor,
301 2222 364 2244 nec
389 2212 515 2254 poterit
546 2212 683 2245 omnino
713 2214 891 2255 quisquam
925 2213 1027 2256 digne
1062 2217 1097 2246 te
1131 2212 1270 2246 laudare
1304 2215 1440 2255 praeter

94 2280 128 2308 te
154 2276 275 2319 ipsum.
326 2276 389 2309 Est
415 2278 510 2311 nobis
536 2278 683 2311 voluisse
709 2279 801 2311 satis.
852 2278 922 2311 Sed
957 2279 1091 2312 minime
1124 2279 1236 2322 placet
1270 2276 1367 2310 nobis
1402 2283 1438 2308 ut

94 2344 301 2375 Gomnfflro
336 2342 399 2376 hoc
438 2354 546 2386 genus
581 2344 853 2377 constructionis.
904 2345 1028 2377 Restat
1061 2345 1166 2386 igitur
1201 2344 1317 2376 ultima
1351 2343 1437 2375 ratio

93 2410 357 2452 consideranda,
394 2422 493 2454 quam
532 2412 678 2455 probare
719 2412 973 2446 monuimus
1013 2412 1155 2445 videtur.
1223 2411 1307 2444 Cum
1348 2411 1436 2444 enim

92 2478 195 2520 vulgo
221 2489 242 2508 α
268 2477 403 2510 meritis
428 2479 582 2520 legatur,
618 2479 666 2512 sic
695 2480 882 2513 construit:
920 2479 980 2520 „Si
1008 2490 1050 2511 ex
1075 2479 1281 2522 praestantia
1307 2476 1436 2510 iudices

93 2544 241 2576 carmina
266 2555 292 2576 s.
319 2542 346 2577 si
372 2556 390 2577 a
417 2543 544 2577 meritis
572 2555 611 2578 ea
639 2545 776 2587 laudes,
813 2545 894 2578 have
923 2546 1059 2589 quidem
1087 2546 1265 2587 deficiant,
1301 2544 1434 2577 humilis

93 2608 155 2641 sim
191 2609 345 2642 conditor
379 2612 480 2643 tantis
515 2611 601 2643 actis
635 2621 743 2651 neque
780 2613 915 2644 omnino
950 2612 1124 2654 quisquam
1153 2623 1207 2645 res
1234 2616 1308 2645 tuas
1334 2612 1435 2651 digne

95 2676 293 2710 laudaverit.
343 2677 405 2711 Est
444 2678 540 2712 nobis
580 2679 728 2712 voluisse
766 2680 882 2712 satis-⁵⁵
933 2680 1019 2714 Nam
1055 2680 1215 2713 meritam
1252 2684 1303 2713 est
1337 2680 1438 2713 etiam
