1721 2953
277 135 356 172 212
591 126 962 173 cossxvtMENTAR.
993 131 1053 175 IN
1084 132 1313 175 TIBULLI

279 244 409 289 vulgari
441 252 568 287 opere3
608 241 743 276 divinae
778 243 828 277 rei
863 253 981 279 omnes
1016 255 1157 291 operam
1193 246 1286 282 dent.
1335 246 1497 282 Ceterum
1522 249 1628 282 utitur

278 324 365 348 nune
390 311 451 344 hac
475 310 645 344 sententia
668 314 810 354 propter
835 313 1013 346 transitum
1040 324 1059 347 a
1084 314 1165 347 viris
1191 314 1234 347 ad
1260 314 1426 358 feminas,
1457 320 1497 349 ut
1523 326 1627 360 saepe

277 381 319 414 ab
352 388 419 411 uno
444 388 571 421 genere
596 377 638 410 ad
665 376 778 419 aliud,
815 377 858 410 ab
883 389 949 412 uua
975 381 1090 424 specie
1115 380 1158 414 ad
1182 381 1282 414 aliam
1307 391 1369 425 per
1392 381 1629 426 interpositam

275 443 478 479 seutentiam
504 442 698 485 generalem
724 446 912 485 transeunt,
938 443 982 477 cs.
1008 444 1100 477 aliud
1125 431 1320 489 exemplum
1343 447 1503 480 Pmnm.
1525 445 1625 480 Nem.

275 509 370 552 vm,
393 512 451 543 36.
475 528 522 534 —
560 519 643 542 non
679 509 846 542 audeat
882 511 990 544 lenior
1025 510 1173 545 hortatio
1210 517 1283 555 est,
1309 525 1350 546 ne
1386 513 1521 546 audeat
1556 513 1627 547 sor—

274 578 352 612 tior.
402 577 567 610 Similiter
595 589 664 610 non
697 587 775 610 cum
807 578 1009 621 imperativo
1044 580 1216 622 iungitur,
1253 585 1292 614 ut
1317 582 1425 616 Ovm.
1452 582 1525 615 Art.
1550 582 1628 615 Am·

272 644 335 686 Ill,
359 646 447 677 129:
486 643 556 677 Vos
583 654 720 688 quoque
744 655 813 675 non
844 643 938 676 caris
963 655 1069 676 aures
1095 651 1237 677 onerate
1262 645 1409 690 lapillis.
1458 646 1629 690 Exempla

271 709 450 752 utriusque
473 708 735 742 constructionis
769 718 835 740 nou
862 718 957 750 rara,
991 709 1069 742 vide
1097 710 1310 745 [imm-noma.
1336 712 1378 745 ad
1405 712 1528 748 Horat.
1552 714 1625 747 Sat.

272 777 318 819 11,
342 780 376 819 5,
402 778 459 810 91.
486 788 519 820 p.
546 777 626 809 374.
660 779 695 808 et
728 775 873 808 Womn
900 775 989 808 Mus.
1027 776 1167 819 Antiqu.
1204 777 1305 812 Stud.
1344 778 1387 812 T.
1412 778 1440 812 Ι.
1475 790 1510 822 p.
1543 781 1626 812 581.

275 843 600 876 Wvunuumcfflcs
637 841 729 884 quod
764 846 939 885 comparat
975 842 1072 877 Hom.
1098 844 1139 878 ll.
1164 844 1208 886 ΙΙ,
1244 847 1335 878 250:
1379 842 1439 878 οὐκ
1475 840 1516 877 {iv
1547 841 1628 887 ἆγο-

276 906 407 955 ρεύοις,
441 910 586 942 alienum
613 912 675 942 est.
700 926 747 932 -—-
785 909 941 952 pensis
975 910 1252 953 imposuisse
1284 921 1473 953 manum,
1508 911 1627 944 conse-

273 979 352 1009 runt
386 976 494 1009 Ovm.
521 975 665 1008 Heroid.
692 975 754 1017 IX,
781 978 838 1008 76.
874 975 917 1009 de
943 976 1096 1010 Hercule
1121 981 1244 1011 neate:
1279 977 1447 1010 rasilibus
1473 977 1628 1010 calathis

272 1041 477 1086 imposuisse
511 1053 666 1074 manum.
697 1059 745 1066 --
783 1042 825 1076 V.
853 1044 896 1074 11
932 1053 983 1085 sq.
1050 1043 1136 1078 Vos
1173 1054 1364 1086 quoque.
1423 1043 1550 1076 Confer
1584 1042 1628 1076 de

272 1109 428 1142 iunctura
452 1108 494 1142 ad
520 1108 548 1150 1,
573 1110 608 1150 2,
634 1110 690 1140 15.
740 1106 827 1140 Cum
861 1111 976 1141 autem
1008 1108 1043 1141 in
1076 1110 1182 1142 sacris
1215 1119 1281 1142 nou
1309 1109 1420 1142 solum
1455 1109 1627 1143 silentium

271 1174 463 1218 imponatur
481 1175 533 1216 iis,
558 1174 616 1217 qui
641 1173 818 1216 intersunt,
842 1173 903 1208 sed
929 1175 1034 1208 etiam
1055 1180 1236 1210 arceantur
1261 1176 1460 1210 solemniter
1484 1177 1543 1219 qui
1563 1176 1627 1209 ab-

270 1251 346 1274 esse
372 1241 538 1283 debeant,
575 1244 678 1285 poeta
711 1241 815 1274 etiam
848 1239 914 1275 hoc
947 1242 1024 1275 loco
1060 1243 1094 1275 in
1128 1241 1213 1276 hanc
1239 1253 1312 1276 rem
1337 1243 1498 1276 nonnulla
1521 1241 1629 1276 addit.

269 1310 319 1342 Ac
344 1309 487 1352 primum
510 1308 758 1350 generaliorem
782 1308 880 1351 ponit
904 1308 1109 1352 formulam,
1149 1310 1238 1343 Vos
1276 1309 1441 1343 abesse
1475 1309 1625 1349 iubeo,

270 1375 393 1409 deinde
429 1375 630 1419 specialiora
674 1379 710 1408 et
752 1374 945 1408 definitiora
980 1376 1087 1408 verba
1121 1376 1278 1409 subiicit:
1327 1375 1539 1409 discedat
1576 1375 1626 1408 ab

269 1443 377 1483 aris,
416 1441 473 1474 cai
506 1440 758 1485 praeterlapsae
792 1447 892 1474 nocte
921 1441 1042 1475 Venus
1072 1441 1212 1487 gaudia
1247 1440 1345 1475 tulit.
1392 1442 1472 1477 Quo
1497 1451 1626 1484 genere

269 1508 404 1543 dicendi
438 1508 520 1551 quid
555 1507 743 1550 efficiatur,
777 1512 934 1552 apertum
969 1512 1038 1543 est:
1073 1508 1152 1541 dum
1187 1508 1236 1541 sic
1262 1508 1436 1541 cumulate
1462 1507 1626 1550 loquitur,

269 1576 406 1618 gravius
441 1575 607 1618 loquitur,
642 1579 677 1608 et
711 1573 797 1608 hanc
831 1576 897 1608 vim
933 1576 1036 1609 etiam
1069 1575 1103 1608 in
1140 1575 1362 1617 sequentibus
1393 1576 1625 1608 continuatam

268 1642 382 1676 vides:
423 1648 526 1674 casta
552 1642 690 1685 placent
714 1641 866 1685 superis,
888 1652 987 1685 pura
1012 1651 1091 1675 cum
1117 1646 1214 1674 veste
1237 1641 1370 1682 venite,
1392 1640 1496 1684 puris
1519 1640 1626 1674 mani-

268 1709 332 1742 bus
365 1709 490 1742 sumite
524 1718 658 1751 aquam.
710 1707 814 1744 Quod
848 1707 995 1752 denique
1028 1719 1049 1742 a
1083 1708 1208 1752 plurali
1240 1706 1286 1740 ad
1311 1707 1518 1750 singularem
1544 1715 1626 1749 pro-

270 1784 408 1817 gressus
433 1777 496 1815 est,
521 1784 583 1806 vos
607 1770 709 1805 iubeo
730 1792 777 1798 —-
797 1772 957 1805 discedat
983 1777 1062 1815 etc„
1085 1776 1201 1807 amant
1225 1773 1362 1806 omnino
1385 1776 1519 1806 veteres
1543 1782 1625 1815 pro-

268 1850 424 1882 gressum
452 1850 472 1872 a
508 1839 631 1883 plurali
669 1837 714 1872 ad
749 1838 958 1881 singularem
994 1838 1028 1871 iu
1061 1837 1272 1881 designanda
1304 1848 1342 1871 re
1370 1841 1431 1872 aut
1467 1847 1624 1881 persona,

267 1917 334 1949 quo
366 1907 538 1950 pertinent
564 1905 709 1939 maxime
734 1905 836 1938 talia:
881 1907 970 1937 Tum
998 1904 1127 1949 procul
1166 1902 1316 1941 αὒείιὶε,
1355 1901 1516 1949 quisquis
1541 1900 1625 1934 colit

268 1979 346 2006 orte
372 1972 532 2017 capillos,
556 1977 592 2004 et
607 1971 700 2016 fluit
725 1971 842 2016 effuso
868 1971 927 2004 cui
951 1977 1039 2017 toga
1064 1970 1152 2003 laxa
1177 1970 1270 2007 sinu,
1294 1970 1322 2012 I,
1348 1973 1382 2011 6,
1405 1971 1462 2003 39.
1511 1969 1625 2002 Grae-

267 2041 315 2075 cis
340 2045 376 2074 et
399 2040 533 2073 Latinis
565 2050 654 2083 quae
689 2039 722 2072 iu
762 2049 836 2072 usu.
896 2039 1100 2083 Suspicetur
1134 2038 1272 2082 quidem
1306 2037 1429 2080 aliquis
1461 2035 1505 2069 ad
1538 2034 1625 2069 hauc

267 2110 376 2152 ipsam
401 2118 554 2141 normam
579 2108 681 2140 etiam
707 2105 761 2140 hic
785 2117 805 2139 a
830 2105 971 2140 Tibullo
995 2107 1161 2150 scriptum
1188 2104 1376 2140 discedite,
1404 2102 1479 2145 cui,
1504 2112 1626 2146 quem-

266 2173 448 2208 admodum
472 2173 506 2206 in
533 2172 695 2206 Wittiano
731 2172 859 2214 legitur
892 2175 928 2205 et
953 2172 1047 2214 aliis,
1086 2171 1147 2206 sed
1176 2172 1279 2205 nolim
1306 2174 1440 2205 mutare
1465 2167 1625 2202 discedat

267 2244 409 2284 propter
433 2240 673 2274 auctoritatem
699 2238 883 2280 librorum,
914 2249 981 2281 qua
1003 2239 1134 2272 nititur.
1157 2257 1203 2263 -
1228 2248 1339 2283 pura
1364 2247 1460 2272 cum
1483 2239 1621 2275 veste,

266 2306 310 2339 cf.
344 2306 385 2338 ad
419 2306 446 2347 Ι,
481 2308 536 2347 10,
567 2307 626 2338 27.
659 2323 707 2330 -—
759 2303 815 2337 Et
846 2304 1066 2338 manibus
1109 2304 1232 2349 puris
1275 2304 1441 2342 sumito
1481 2300 1624 2335 fontis

266 2383 439 2415 aquam,
475 2370 506 2405 h.
535 2383 564 2406 e.
600 2375 635 2405 et
667 2372 791 2405 sumite
822 2382 945 2415 aquam
979 2376 1016 2405 ut
1050 2382 1169 2405 manus
1204 2381 1312 2416 purae
1334 2371 1421 2411 sint,
1454 2378 1482 2402 s,
1514 2367 1623 2401 mani-

266 2438 330 2471 bus
354 2437 550 2481 purgandis.
612 2437 676 2471 Est
710 2439 816 2481 igitur
850 2437 1013 2472 manibus
1050 2438 1120 2474 dat.
1154 2442 1190 2473 et
1220 2437 1324 2483 puris
1358 2445 1420 2479 per
1451 2433 1624 2479 prolepsin

264 2503 403 2537 dictum.
463 2504 511 2537 Ut
536 2504 642 2538 Ovm.
669 2505 764 2539 Fast.
789 2506 832 2548 V,
856 2508 947 2540 4352
991 2507 1126 2553 Terque
1162 2515 1288 2538 manus
1318 2513 1433 2546 puras
1458 2500 1624 2546 fontana

261 2569 400 2614 proluit
426 2570 533 2605 unda.
583 2570 747 2606 Ceterum
772 2576 868 2616 patet
894 2571 977 2606 baec
1007 2573 1048 2606 iis
1077 2571 1163 2611 dici,
1203 2568 1327 2612 quibus
1351 2568 1518 2601 interesse
1542 2567 1624 2600 licet

263 2636 387 2678 suerin
421 2635 463 2670 nd
499 2635 561 2670 lios
596 2636 700 2680 igitur
727 2637 839 2672 oratio
863 2637 973 2678 redit,
1010 2635 1191 2669 transitum
1218 2644 1300 2668 vero
1326 2632 1368 2667 ab
1395 2630 1622 2666 antecedente

1708 2559 1721 2599 ἃ

1707 2694 1721 2715 'C

1708 2719 1721 2729 ι

1708 2746 1719 2774 ’κ
