1721 2953
260 177 340 203 Lxx
796 161 871 201 DE
905 158 1062 203 POESI

263 293 351 319 cam
382 280 412 329 I,
444 278 482 329 4,
505 282 553 317 81
580 291 668 331 sqq.
701 281 740 328 5,
773 281 823 317 67
851 291 939 332 sqq.
970 284 1008 327 8,
1031 282 1082 318 67
1105 292 1195 332 sqq.
1226 280 1276 329 ΙΙ,
1308 279 1346 328 4,
1376 282 1424 318 51
1451 290 1541 331 sqq.
1572 281 1609 325 6,

262 358 311 394 41
347 369 437 409 sqq.
476 355 546 403 JV,
579 358 643 401 13,
676 357 725 392 17
758 366 849 407 sqq.
906 353 1066 406 Nempe
1098 353 1431 410 exitus-carmini
1459 360 1528 392 aut
1558 353 1611 392 si-

263 431 371 470 milis
412 430 641 482 imponitur
683 429 912 481 principio,
961 430 1046 469 sive
1096 437 1308 481 repetatur
1351 429 1613 482 prIncipium,

264 507 349 547 sive
382 507 460 544 alia
491 503 693 544 sententia
718 504 942 544 conformis
974 503 1137 544 claudat
1167 513 1312 555 totum,
1340 528 1396 535 -——
1422 505 1553 545 veluti
1579 505 1614 544 si

264 582 402 621 laudes
441 582 485 620 in
522 588 665 620 votum
708 590 855 621 exeant
895 590 942 620 ut
980 594 1090 621 nova
1131 579 1280 620 decora
1313 581 1504 630 veniant,
1544 587 1615 618 aut

265 657 526 710 querimonia
554 656 599 694 in
625 669 768 708 preces
801 663 846 694 ut
875 664 1003 695 cesset
1035 655 1148 708 quod
1178 656 1378 708 queraris,
1407 654 1478 694 fiat
1502 653 1615 707 quod

265 734 427 786 cupias,
466 755 521 762 ——
552 741 621 772 aut
654 746 739 772 non
770 741 829 772 est
856 732 997 771 similis
1028 732 1257 784 principio,
1297 730 1370 771 sed
1399 730 1615 779 dissimilis,

267 810 510 861 contrarius,
546 810 618 863 qui
646 824 722 862 per
750 811 1021 849 mutationem
1047 808 1271 848 sententiae
1299 807 1516 847 adducitur
1545 810 1616 847 ab·

266 896 389 939 rupto
426 887 567 939 priore
599 900 722 926 cursu
750 901 904 926 rerum.
971 886 1037 926 Sic
1068 885 1139 925 ubi
1170 885 1340 939 querela
1369 893 1514 936 regnat
1541 899 1617 937 per

270 962 460 1014 elegiam,
491 963 766 1017 tranquillitas
796 964 1053 1014 invenietur,
1084 964 1118 1002 si
1146 971 1277 1002 mutet
1306 962 1548 1001 sententiam
1578 969 1618 1000 et

267 1039 345 1076 alia
374 1039 547 1078 meliora
579 1053 744 1091 sperare
775 1039 943 1091 incipiat
972 1046 1108 1091 poeta.
1177 1039 1312 1090 Atque
1345 1044 1390 1074 ut
1426 1035 1505 1074 alia
1540 1047 1616 1087 po-

265 1126 382 1159 nam,
413 1113 464 1161 ΙΙ,
496 1114 534 1164 4,
564 1117 632 1152 51.
670 1115 756 1153 irae
788 1114 977 1153 carminis
1013 1112 1217 1152 finiuntur
1251 1113 1330 1161 sic,
1371 1118 1419 1149 ut
1445 1118 1616 1162 repente

265 1197 421 1228 mutata
455 1191 656 1229 sententia
688 1204 730 1229 se
763 1190 975 1230 submittat
1007 1190 1198 1229 Tibullus
1227 1187 1434 1229 voluntati
1464 1186 1618 1226 Neme-

265 1264 333 1302 sis.
391 1264 446 1302 At
474 1265 524 1313 ΙΙ,
557 1268 594 1314 6,
624 1266 691 1304 41.
720 1273 814 1316 post
843 1265 1075 1318 querelam,
1116 1263 1431 1304 obtestationem
1463 1263 1619 1314 gravis-

267 1339 412 1378 simam
450 1347 620 1390 repente
659 1339 820 1378 inhibet
860 1353 1047 1389 cursum,
1093 1347 1261 1378 excusat
1296 1339 1477 1390 puellam
1507 1346 1547 1377 et
1574 1338 1618 1376 in

266 1416 402 1454 lenam
437 1417 599 1467 culpam
629 1429 793 1456 omnem
824 1416 968 1455 reiicit.
1025 1416 1117 1455 Alio
1146 1418 1238 1455 loco
1267 1416 1340 1464 IV,
1365 1418 1431 1463 13,
1455 1418 1505 1453 17
1528 1427 1618 1467 sqq.

267 1494 341 1532 ubi
380 1508 421 1533 se
461 1494 599 1533 multis
637 1495 775 1535 verbis
804 1494 848 1533 in
886 1503 1133 1547 perpetuum
1165 1492 1369 1533 addictum
1400 1491 1620 1532 affirmavit

268 1570 432 1618 amicae,
463 1578 632 1621 repente
659 1585 709 1609 ex
742 1571 890 1611 affectu
916 1570 967 1610 ad
994 1583 1035 1609 se
1063 1569 1169 1609 redit
1199 1569 1305 1623 (quid
1313 1568 1421 1620 facio
1442 1565 1619 1621 demens),

267 1645 386 1697 quasi
408 1645 696 1697 imprudenter
719 1645 884 1698 prodito
910 1645 1069 1694 ardore,
1101 1644 1304 1697 siquidem
1332 1645 1473 1695 puella
1495 1657 1619 1693 nunc,

268 1734 411 1760 secura
442 1722 592 1760 amoris
623 1722 708 1771 sui,
749 1722 890 1760 sutura
927 1722 976 1760 sit
1011 1720 1185 1760 difficilis
1220 1728 1260 1759 et
1289 1720 1481 1771 superba.
1538 1718 1621 1757 Sed

267 1795 334 1834 vel
365 1796 420 1834 sic
452 1796 508 1834 ait
537 1809 579 1834 se
610 1806 853 1836 mansurum
882 1796 926 1834 in
956 1794 1036 1835 fide
1068 1803 1108 1833 et
1137 1794 1378 1834 constantia.
1435 1793 1620 1832 Maxime

268 1884 368 1910 vero
401 1871 560 1910 illustre
592 1873 827 1923 exemplum
856 1873 918 1911 rei
944 1872 1001 1916 tin
1042 1872 1162 1910 tertia
1197 1871 1324 1922 elegia
1359 1870 1456 1909 libri
1495 1870 1621 1923 primi

273 1955 417 1996 exstat,
447 1948 520 1986 ubi
541 1956 635 1999 post
659 1946 867 1986 dimidiam
891 1956 1053 1999 partem
1079 1948 1268 1987 carminis
1297 1949 1509 2000 paullatim
1530 1963 1621 1988 mu-

268 2030 380 2061 tatur
408 2023 530 2062 facies
559 2037 721 2073 rerum,
762 2033 802 2063 et
840 2033 933 2076 post
963 2025 1238 2063 tristissimum
1267 2025 1431 2064 initium
1467 2024 1510 2062 in
1539 2024 1620 2064 fine

266 2099 512 2138 laetissimus
535 2086 668 2138 exit—us
689 2100 878 2140 habetur.
938 2098 1082 2139 Discas
1108 2099 1230 2139 simul
1253 2113 1305 2138 ex
1329 2099 1458 2139 allatis
1481 2113 1621 2139 exem-

269 2175 348 2227 plis
375 2188 459 2214 non
490 2175 590 2214 oriri
613 2176 839 2214 mutatione
871 2176 1096 2215 sententiae
1127 2189 1268 2215 veram
1295 2176 1621 2227 repugnantiam,

271 2266 377 2304 quae
408 2253 605 2291 unitatem
636 2251 826 2290 carminis
851 2254 979 2302 tollat,
1013 2251 1084 2291 sed
1106 2251 1253 2291 adduci
1280 2252 1401 2291 etiam
1430 2253 1485 2292 sic
1511 2265 1620 2292 com-

271 2328 440 2367 modum
480 2328 616 2368 finem.
683 2329 848 2368 Prolata
880 2329 957 2368 ista
988 2327 1030 2367 vi
1069 2341 1231 2377 rerum,
1273 2341 1377 2380 quae
1413 2328 1621 2379 implebat,

270 2405 441 2453 urgebat
469 2411 621 2454 pectus,
652 2416 909 2456 consequens
933 2411 1018 2443 erat
1040 2411 1085 2442 ut
1115 2402 1270 2442 rediret
1299 2402 1350 2443 ad
1379 2417 1420 2443 se
1449 2403 1621 2452 animus,

272 2478 615 2531 ,cum-ederentque
649 2482 748 2519 tales
785 2494 952 2529 sensus,
991 2480 1035 2518 in
1078 2480 1228 2533 quibus
1259 2478 1422 2518 tandem
1457 2478 1619 2530 acquie-

273 2568 383 2592 scere
421 2555 578 2593 lit-eret:
612 2567 739 2606 quare
771 2557 856 2607 ipsa
890 2540 1035 2595 natura
1067 2564 1228 2607 poetam
1258 2556 1299 2593 in
1335 2555 1470 2593 multis
1501 2567 1619 2605 argu-

273 2631 417 2670 mentis
452 2629 502 2669 ad
547 2631 616 2670 has
655 2634 902 2671 mutationes
942 2633 1164 2672 sentcntiae
1205 2631 1390 2671 ducebat.
1458 2629 1538 2669 Sed
1576 2640 1616 2669 ul

1717 2613 1721 2642 ι’
