<?xml version="1.0" encoding="UTF-8"?>
<!DOCTYPE html PUBLIC "-//W3C//DTD XHTML 1.0 Transitional//EN"
    "http://www.w3.org/TR/xhtml1/DTD/xhtml1-transitional.dtd">
<html xmlns="http://www.w3.org/1999/xhtml" xml:lang="en" lang="en">
 <head>
  <title>
</title>
<meta http-equiv="Content-Type" content="text/html;charset=utf-8" />
  <meta name='ocr-system' content='tesseract 3.04.00' />
  <meta name='ocr-capabilities' content='ocr_page ocr_carea ocr_par ocr_line ocrx_word'/>
</head>
<body>
  <div class='ocr_page' id='page_1' title='image "./carminaexrecensi00tibuuoft_0059.png"; bbox 0 0 1721 2953; ppageno 0'>
   <div class='ocr_carea' id='block_1_1' title="bbox 583 141 1406 184">
    <p class='ocr_par' dir='ltr' id='par_1_1' title="bbox 583 141 1406 184">
     <span class='ocr_line' id='line_1_1' title="bbox 583 141 1406 184; baseline -0.002 -1"><span class='ocrx_word' id='word_1_1' title='bbox 583 141 825 184; x_wconf 78' lang='lat' dir='ltr'><strong>TIBULLI.</strong></span> <span class='ocrx_word' id='word_1_2' title='bbox 1336 158 1406 181; x_wconf 78' lang='lat' dir='ltr'><strong>Lm</strong></span> 
     </span>
    </p>
   </div>
   <div class='ocr_carea' id='block_1_2' title="bbox 0 254 1400 2599">
    <p class='ocr_par' dir='ltr' id='par_1_2' title="bbox 0 254 1400 2599">
     <span class='ocr_line' id='line_1_2' title="bbox 54 254 1400 309; baseline -0.002 -12"><span class='ocrx_word' id='word_1_3' title='bbox 54 259 209 299; x_wconf 70' lang='lat' dir='ltr'><strong>tei-iisse</strong></span> <span class='ocrx_word' id='word_1_4' title='bbox 247 268 346 298; x_wconf 86' lang='lat' dir='ltr'><strong>vero</strong></span> <span class='ocrx_word' id='word_1_5' title='bbox 384 269 494 296; x_wconf 87' lang='lat' dir='ltr'><strong>nunc</strong></span> <span class='ocrx_word' id='word_1_6' title='bbox 532 255 722 296; x_wconf 86' lang='lat' dir='ltr'><strong>meliores</strong></span> <span class='ocrx_word' id='word_1_7' title='bbox 756 268 921 305; x_wconf 82' lang='lat' dir='ltr'><strong>sensus,</strong></span> <span class='ocrx_word' id='word_1_8' title='bbox 959 263 1004 295; x_wconf 79' lang='lat' dir='ltr'><strong>ut</strong></span> <span class='ocrx_word' id='word_1_9' title='bbox 1035 261 1130 295; x_wconf 84' lang='lat' dir='ltr'><strong>sunt</strong></span> <span class='ocrx_word' id='word_1_10' title='bbox 1161 254 1233 309; x_wconf 82' lang='lat' dir='ltr'><strong>qui</strong></span> <span class='ocrx_word' id='word_1_11' title='bbox 1262 254 1400 308; x_wconf 82' lang='lat' dir='ltr'><strong>inepte</strong></span> 
     </span>
     <span class='ocr_line' id='line_1_3' title="bbox 54 331 1400 385; baseline -0.001 -11"><span class='ocrx_word' id='word_1_12' title='bbox 54 334 238 383; x_wconf 81' lang='lat' dir='ltr'><strong>credant,</strong></span> <span class='ocrx_word' id='word_1_13' title='bbox 281 331 485 373; x_wconf 84' lang='lat' dir='ltr'><strong>maximus</strong></span> <span class='ocrx_word' id='word_1_14' title='bbox 516 346 634 372; x_wconf 86' lang='lat' dir='ltr'><strong>error</strong></span> <span class='ocrx_word' id='word_1_15' title='bbox 663 341 724 372; x_wconf 88' lang='lat' dir='ltr'><strong>est</strong></span> <span class='ocrx_word' id='word_1_16' title='bbox 755 341 796 372; x_wconf 89' lang='lat' dir='ltr'><strong>et</strong></span> <span class='ocrx_word' id='word_1_17' title='bbox 823 334 938 372; x_wconf 88' lang='lat' dir='ltr'><strong>nullo</strong></span> <span class='ocrx_word' id='word_1_18' title='bbox 968 331 1093 372; x_wconf 85' lang='lat' dir='ltr'><strong>modo</strong></span> <span class='ocrx_word' id='word_1_19' title='bbox 1133 333 1212 372; x_wconf 89' lang='lat' dir='ltr'><strong>hoc</strong></span> <span class='ocrx_word' id='word_1_20' title='bbox 1248 334 1400 385; x_wconf 88' lang='lat' dir='ltr'><strong>proba-</strong></span> 
     </span>
     <span class='ocr_line' id='line_1_4' title="bbox 51 409 1400 464; baseline -0.002 -12"><span class='ocrx_word' id='word_1_21' title='bbox 51 413 172 452; x_wconf 76' lang='lat' dir='ltr'><strong>veris.</strong></span> <span class='ocrx_word' id='word_1_22' title='bbox 239 409 369 451; x_wconf 79' lang='lat' dir='ltr'><strong>Ardet</strong></span> <span class='ocrx_word' id='word_1_23' title='bbox 411 409 577 464; x_wconf 88' lang='lat' dir='ltr'><strong>quidem</strong></span> <span class='ocrx_word' id='word_1_24' title='bbox 617 425 728 450; x_wconf 86' lang='lat' dir='ltr'><strong>nunc</strong></span> <span class='ocrx_word' id='word_1_25' title='bbox 767 410 1067 450; x_wconf 89' lang='lat' dir='ltr'><strong>vehementiori</strong></span> <span class='ocrx_word' id='word_1_26' title='bbox 1107 411 1278 460; x_wconf 78' lang='lat' dir='ltr'><strong>affectu,</strong></span> <span class='ocrx_word' id='word_1_27' title='bbox 1329 409 1400 450; x_wconf 86' lang='lat' dir='ltr'><strong>sed</strong></span> 
     </span>
     <span class='ocr_line' id='line_1_5' title="bbox 51 485 1398 539; baseline -0.001 -14"><span class='ocrx_word' id='word_1_28' title='bbox 51 486 233 525; x_wconf 85' lang='lat' dir='ltr'><strong>amabilis</strong></span> <span class='ocrx_word' id='word_1_29' title='bbox 274 485 435 525; x_wconf 88' lang='lat' dir='ltr'><strong>insania</strong></span> <span class='ocrx_word' id='word_1_30' title='bbox 474 486 580 536; x_wconf 82' lang='lat' dir='ltr'><strong>eius,</strong></span> <span class='ocrx_word' id='word_1_31' title='bbox 624 486 657 525; x_wconf 87' lang='lat' dir='ltr'><strong>si</strong></span> <span class='ocrx_word' id='word_1_32' title='bbox 695 485 876 539; x_wconf 83' lang='lat' dir='ltr'><strong>excipias</strong></span> <span class='ocrx_word' id='word_1_33' title='bbox 907 487 1108 537; x_wconf 80' lang='lat' dir='ltr'><strong>carm.11,</strong></span> <span class='ocrx_word' id='word_1_34' title='bbox 1141 486 1180 526; x_wconf 85' lang='grc'><strong>4.</strong></span> <span class='ocrx_word' id='word_1_35' title='bbox 1221 494 1260 525; x_wconf 86' lang='lat' dir='ltr'><strong>et</strong></span> <span class='ocrx_word' id='word_1_36' title='bbox 1292 499 1398 526; x_wconf 87' lang='lat' dir='ltr'><strong>non-</strong></span> 
     </span>
     <span class='ocr_line' id='line_1_6' title="bbox 49 561 1399 617; baseline 0 -15"><span class='ocrx_word' id='word_1_37' title='bbox 49 565 162 603; x_wconf 84' lang='lat' dir='ltr'><strong>nulla</strong></span> <span class='ocrx_word' id='word_1_38' title='bbox 189 563 233 602; x_wconf 90' lang='lat' dir='ltr'><strong>in</strong></span> <span class='ocrx_word' id='word_1_39' title='bbox 265 562 409 602; x_wconf 86' lang='lat' dir='ltr'><strong>ultima</strong></span> <span class='ocrx_word' id='word_1_40' title='bbox 447 561 498 602; x_wconf 87' lang='lat' dir='ltr'><strong>ad</strong></span> <span class='ocrx_word' id='word_1_41' title='bbox 527 563 691 603; x_wconf 86' lang='lat' dir='ltr'><strong>Deliam</strong></span> <span class='ocrx_word' id='word_1_42' title='bbox 722 563 871 615; x_wconf 81' lang='lat' dir='ltr'><strong>elegia3</strong></span> <span class='ocrx_word' id='word_1_43' title='bbox 909 563 1069 617; x_wconf 82' lang='lat' dir='ltr'><strong>quaerit</strong></span> <span class='ocrx_word' id='word_1_44' title='bbox 1105 562 1274 602; x_wconf 85' lang='lat' dir='ltr'>calidius</span> <span class='ocrx_word' id='word_1_45' title='bbox 1313 576 1399 602; x_wconf 87' lang='lat' dir='ltr'><strong>am-</strong></span> 
     </span>
     <span class='ocr_line' id='line_1_7' title="bbox 48 636 1398 690; baseline 0.001 -14"><span class='ocrx_word' id='word_1_46' title='bbox 48 639 218 690; x_wconf 84' lang='lat' dir='ltr'><strong>plexum</strong></span> <span class='ocrx_word' id='word_1_47' title='bbox 261 645 441 687; x_wconf 84' lang='lat' dir='ltr'><strong>amatae,</strong></span> <span class='ocrx_word' id='word_1_48' title='bbox 486 636 558 678; x_wconf 88' lang='lat' dir='ltr'><strong>sed</strong></span> <span class='ocrx_word' id='word_1_49' title='bbox 597 638 722 677; x_wconf 85' lang='lat' dir='ltr'><strong>animi</strong></span> <span class='ocrx_word' id='word_1_50' title='bbox 761 638 882 678; x_wconf 88' lang='lat' dir='ltr'><strong>simul</strong></span> <span class='ocrx_word' id='word_1_51' title='bbox 922 639 1162 687; x_wconf 81' lang='lat' dir='ltr'><strong>harmonia,</strong></span> <span class='ocrx_word' id='word_1_52' title='bbox 1207 650 1398 678; x_wconf 88' lang='lat' dir='ltr'><strong>curarum</strong></span> 
     </span>
     <span class='ocr_line' id='line_1_8' title="bbox 45 713 1396 767; baseline 0 -15"><span class='ocrx_word' id='word_1_53' title='bbox 45 714 209 767; x_wconf 78' lang='lat' dir='ltr'><strong>requies</strong></span> <span class='ocrx_word' id='word_1_54' title='bbox 239 713 291 752; x_wconf 86' lang='lat' dir='ltr'><strong>ad</strong></span> <span class='ocrx_word' id='word_1_55' title='bbox 319 722 480 767; x_wconf 87' lang='lat' dir='ltr'><strong>tempus</strong></span> <span class='ocrx_word' id='word_1_56' title='bbox 509 714 627 754; x_wconf 81' lang='lat' dir='ltr'><strong>reddi</strong></span> <span class='ocrx_word' id='word_1_57' title='bbox 659 714 879 760; x_wconf 79' lang='lat' dir='ltr'><strong>videbatur</strong></span> <span class='ocrx_word' id='word_1_58' title='bbox 906 715 951 754; x_wconf 86' lang='lat' dir='ltr'><strong>in</strong></span> <span class='ocrx_word' id='word_1_59' title='bbox 981 715 1074 754; x_wconf 89' lang='lat' dir='ltr'><strong>sinu</strong></span> <span class='ocrx_word' id='word_1_60' title='bbox 1104 715 1278 767; x_wconf 77' lang='lat' dir='ltr'><strong>puellae,</strong></span> <span class='ocrx_word' id='word_1_61' title='bbox 1309 714 1396 754; x_wconf 86' lang='lat' dir='ltr'><strong>sine</strong></span> 
     </span>
     <span class='ocr_line' id='line_1_9' title="bbox 49 789 1399 844; baseline 0 -16"><span class='ocrx_word' id='word_1_62' title='bbox 49 804 130 843; x_wconf 87' lang='lat' dir='ltr'><strong>qua</strong></span> <span class='ocrx_word' id='word_1_63' title='bbox 162 789 303 830; x_wconf 85' lang='lat' dir='ltr'><strong>vivere</strong></span> <span class='ocrx_word' id='word_1_64' title='bbox 336 791 526 840; x_wconf 77' lang='lat' dir='ltr'><strong>nolebat,</strong></span> <span class='ocrx_word' id='word_1_65' title='bbox 561 804 645 844; x_wconf 85' lang='lat' dir='ltr'><strong>quo</strong></span> <span class='ocrx_word' id='word_1_66' title='bbox 677 804 839 843; x_wconf 83' lang='lat' dir='ltr'><strong>semper</strong></span> <span class='ocrx_word' id='word_1_67' title='bbox 865 791 1076 830; x_wconf 82' lang='lat' dir='ltr'><strong>serebatur</strong></span> <span class='ocrx_word' id='word_1_68' title='bbox 1103 797 1190 830; x_wconf 85' lang='lat' dir='ltr'><strong>toto</strong></span> <span class='ocrx_word' id='word_1_69' title='bbox 1219 797 1399 842; x_wconf 79' lang='lat' dir='ltr'><strong>pectore.</strong></span> 
     </span>
     <span class='ocr_line' id='line_1_10' title="bbox 44 865 1395 924; baseline -0.001 -19"><span class='ocrx_word' id='word_1_70' title='bbox 44 866 142 906; x_wconf 84' lang='lat' dir='ltr'>Post</span> <span class='ocrx_word' id='word_1_71' title='bbox 173 866 318 906; x_wconf 86' lang='lat' dir='ltr'><strong>Deliae</strong></span> <span class='ocrx_word' id='word_1_72' title='bbox 350 866 517 920; x_wconf 87' lang='lat' dir='ltr'><strong>quidem</strong></span> <span class='ocrx_word' id='word_1_73' title='bbox 548 866 762 920; x_wconf 86' lang='lat' dir='ltr'><strong>perfidiam</strong></span> <span class='ocrx_word' id='word_1_74' title='bbox 793 881 942 907; x_wconf 84' lang='lat' dir='ltr'><strong>exosus</strong></span> <span class='ocrx_word' id='word_1_75' title='bbox 980 866 1139 924; x_wconf 85' lang='lat' dir='ltr'><strong>puellas</strong></span> <span class='ocrx_word' id='word_1_76' title='bbox 1171 865 1222 905; x_wconf 91' lang='lat' dir='ltr'><strong>ad</strong></span> <span class='ocrx_word' id='word_1_77' title='bbox 1254 865 1395 905; x_wconf 85' lang='lat' dir='ltr'><strong>Mara-</strong></span> 
     </span>
     <span class='ocr_line' id='line_1_11' title="bbox 44 942 1398 997; baseline -0.001 -15"><span class='ocrx_word' id='word_1_78' title='bbox 44 943 105 982; x_wconf 66' lang='lat' dir='ltr'><strong>ihi</strong></span> <span class='ocrx_word' id='word_1_79' title='bbox 142 956 263 982; x_wconf 88' lang='lat' dir='ltr'><strong>usum</strong></span> <span class='ocrx_word' id='word_1_80' title='bbox 292 943 499 986; x_wconf 85' lang='lat' dir='ltr'><strong>aberravit</strong></span> <span class='ocrx_word' id='word_1_81' title='bbox 529 945 701 997; x_wconf 76' lang='lat' dir='ltr'><strong>opinor,</strong></span> <span class='ocrx_word' id='word_1_82' title='bbox 743 953 781 984; x_wconf 88' lang='lat' dir='ltr'><strong>et</strong></span> <span class='ocrx_word' id='word_1_83' title='bbox 818 944 968 984; x_wconf 84' lang='lat' dir='ltr'><strong>talibus</strong></span> <span class='ocrx_word' id='word_1_84' title='bbox 999 943 1248 983; x_wconf 82' lang='lat' dir='ltr'><strong>carminibus</strong></span> <span class='ocrx_word' id='word_1_85' title='bbox 1278 942 1398 990; x_wconf 76' lang='lat' dir='ltr'><strong>lusit3</strong></span> 
     </span>
     <span class='ocr_line' id='line_1_12' title="bbox 45 1018 1396 1073; baseline 0 -17"><span class='ocrx_word' id='word_1_86' title='bbox 45 1018 125 1058; x_wconf 88' lang='lat' dir='ltr'><strong>alio</strong></span> <span class='ocrx_word' id='word_1_87' title='bbox 155 1032 255 1059; x_wconf 87' lang='lat' dir='ltr'><strong>vero</strong></span> <span class='ocrx_word' id='word_1_88' title='bbox 284 1027 471 1072; x_wconf 88' lang='lat' dir='ltr'><strong>tempore</strong></span> <span class='ocrx_word' id='word_1_89' title='bbox 501 1036 524 1060; x_wconf 87' lang='lat' dir='ltr'><strong>a</strong></span> <span class='ocrx_word' id='word_1_90' title='bbox 554 1020 730 1073; x_wconf 87' lang='lat' dir='ltr'><strong>Glycera</strong></span> <span class='ocrx_word' id='word_1_91' title='bbox 761 1019 944 1060; x_wconf 77' lang='lat' dir='ltr'><strong>desertus</strong></span> <span class='ocrx_word' id='word_1_92' title='bbox 981 1019 1204 1072; x_wconf 81' lang='lat' dir='ltr'><strong>sapientius</strong></span> <span class='ocrx_word' id='word_1_93' title='bbox 1243 1019 1288 1057; x_wconf 88' lang='lat' dir='ltr'><strong>in</strong></span> <span class='ocrx_word' id='word_1_94' title='bbox 1325 1031 1396 1056; x_wconf 87' lang='lat' dir='ltr'><strong>ru—</strong></span> 
     </span>
     <span class='ocr_line' id='line_1_13' title="bbox 46 1094 1395 1150; baseline -0.001 -16"><span class='ocrx_word' id='word_1_95' title='bbox 46 1095 168 1135; x_wconf 86' lang='lat' dir='ltr'><strong>sticae</strong></span> <span class='ocrx_word' id='word_1_96' title='bbox 190 1096 296 1136; x_wconf 82' lang='lat' dir='ltr'><strong>vitae</strong></span> <span class='ocrx_word' id='word_1_97' title='bbox 319 1097 658 1150; x_wconf 73' lang='lat' dir='ltr'><strong>tranquillitatem</strong></span> <span class='ocrx_word' id='word_1_98' title='bbox 687 1096 895 1137; x_wconf 88' lang='lat' dir='ltr'><strong>secessisse</strong></span> <span class='ocrx_word' id='word_1_99' title='bbox 916 1096 1059 1150; x_wconf 88' lang='lat' dir='ltr'><strong>ibique</strong></span> <span class='ocrx_word' id='word_1_100' title='bbox 1083 1094 1248 1136; x_wconf 83' lang='lat' dir='ltr'><strong>videtur</strong></span> <span class='ocrx_word' id='word_1_101' title='bbox 1269 1108 1395 1148; x_wconf 89' lang='lat' dir='ltr'><strong>quae—</strong></span> 
     </span>
     <span class='ocr_line' id='line_1_14' title="bbox 45 1171 1394 1226; baseline -0.001 -14"><span class='ocrx_word' id='word_1_102' title='bbox 45 1172 186 1212; x_wconf 80' lang='lat' dir='ltr'><strong>sivisse</strong></span> <span class='ocrx_word' id='word_1_103' title='bbox 216 1172 361 1212; x_wconf 83' lang='lat' dir='ltr'><strong>solatia</strong></span> <span class='ocrx_word' id='word_1_104' title='bbox 390 1172 564 1222; x_wconf 78' lang='lat' dir='ltr'><strong>doloris,</strong></span> <span class='ocrx_word' id='word_1_105' title='bbox 598 1172 707 1213; x_wconf 78' lang='lat' dir='ltr'><strong>unde</strong></span> <span class='ocrx_word' id='word_1_106' title='bbox 737 1182 881 1226; x_wconf 88' lang='lat' dir='ltr'><strong>postea</strong></span> <span class='ocrx_word' id='word_1_107' title='bbox 908 1181 1109 1213; x_wconf 88' lang='lat' dir='ltr'><strong>retractus</strong></span> <span class='ocrx_word' id='word_1_108' title='bbox 1136 1174 1180 1212; x_wconf 90' lang='lat' dir='ltr'><strong>in</strong></span> <span class='ocrx_word' id='word_1_109' title='bbox 1208 1171 1394 1212; x_wconf 86' lang='lat' dir='ltr'><strong>Nemesis</strong></span> 
     </span>
     <span class='ocr_line' id='line_1_15' title="bbox 45 1247 1394 1301; baseline -0.002 -13"><span class='ocrx_word' id='word_1_110' title='bbox 45 1262 227 1288; x_wconf 89' lang='lat' dir='ltr'><strong>amorem</strong></span> <span class='ocrx_word' id='word_1_111' title='bbox 257 1256 477 1301; x_wconf 82' lang='lat' dir='ltr'><strong>postquam</strong></span> <span class='ocrx_word' id='word_1_112' title='bbox 505 1247 708 1288; x_wconf 70' lang='lat' dir='ltr'><strong>crescente</strong></span> <span class='ocrx_word' id='word_1_113' title='bbox 729 1250 877 1288; x_wconf 87' lang='lat' dir='ltr'><strong>morbo</strong></span> <span class='ocrx_word' id='word_1_114' title='bbox 907 1248 1033 1287; x_wconf 87' lang='lat' dir='ltr'><strong>animi</strong></span> <span class='ocrx_word' id='word_1_115' title='bbox 1053 1248 1279 1288; x_wconf 81' lang='lat' dir='ltr'><strong>infaustum</strong></span> <span class='ocrx_word' id='word_1_116' title='bbox 1307 1261 1394 1286; x_wconf 85' lang='lat' dir='ltr'><strong>car·-</strong></span> 
     </span>
     <span class='ocr_line' id='line_1_16' title="bbox 43 1323 1393 1378; baseline -0.002 -14"><span class='ocrx_word' id='word_1_117' title='bbox 43 1339 139 1364; x_wconf 88' lang='lat' dir='ltr'><strong>men</strong></span> <span class='ocrx_word' id='word_1_118' title='bbox 168 1325 218 1373; x_wconf 82' lang='grc' dir='ltr'><strong>ΙΙ,</strong></span> <span class='ocrx_word' id='word_1_119' title='bbox 250 1325 287 1363; x_wconf 75' lang='lat'><strong>4.</strong></span> <span class='ocrx_word' id='word_1_120' title='bbox 327 1324 566 1375; x_wconf 81' lang='lat' dir='ltr'><strong>scripserat,</strong></span> <span class='ocrx_word' id='word_1_121' title='bbox 602 1332 737 1363; x_wconf 84' lang='lat' dir='ltr'><strong>tamen</strong></span> <span class='ocrx_word' id='word_1_122' title='bbox 772 1338 895 1378; x_wconf 87' lang='lat' dir='ltr'><strong>quam</strong></span> <span class='ocrx_word' id='word_1_123' title='bbox 925 1325 1091 1364; x_wconf 89' lang='lat' dir='ltr'><strong>mollem</strong></span> <span class='ocrx_word' id='word_1_124' title='bbox 1127 1323 1170 1362; x_wconf 89' lang='lat' dir='ltr'><strong>in</strong></span> <span class='ocrx_word' id='word_1_125' title='bbox 1201 1324 1393 1363; x_wconf 84' lang='lat' dir='ltr'><strong>affectum</strong></span> 
     </span>
     <span class='ocr_line' id='line_1_17' title="bbox 43 1398 1393 1452; baseline 0 -13"><span class='ocrx_word' id='word_1_126' title='bbox 43 1400 162 1439; x_wconf 81' lang='lat' dir='ltr'><strong>etiam</strong></span> <span class='ocrx_word' id='word_1_127' title='bbox 184 1400 284 1439; x_wconf 85' lang='lat' dir='ltr'><strong>haec</strong></span> <span class='ocrx_word' id='word_1_128' title='bbox 305 1399 440 1452; x_wconf 87' lang='lat' dir='ltr'><strong>poesis</strong></span> <span class='ocrx_word' id='word_1_129' title='bbox 465 1398 613 1439; x_wconf 80' lang='lat' dir='ltr'><strong>desinit</strong></span> <span class='ocrx_word' id='word_1_130' title='bbox 640 1400 683 1438; x_wconf 90' lang='lat' dir='ltr'><strong>in</strong></span> <span class='ocrx_word' id='word_1_131' title='bbox 707 1408 838 1440; x_wconf 85' lang='lat' dir='ltr'><strong>sexto.</strong></span> <span class='ocrx_word' id='word_1_132' title='bbox 897 1400 1087 1441; x_wconf 85' lang='lat' dir='ltr'><strong>Profecto</strong></span> <span class='ocrx_word' id='word_1_133' title='bbox 1123 1399 1267 1452; x_wconf 81' lang='lat' dir='ltr'><strong>dignus</strong></span> <span class='ocrx_word' id='word_1_134' title='bbox 1296 1408 1393 1440; x_wconf 76' lang='lat' dir='ltr'><strong>erat.</strong></span> 
     </span>
     <span class='ocr_line' id='line_1_18' title="bbox 42 1469 1078 1530; baseline 0 -14"><span class='ocrx_word' id='word_1_135' title='bbox 42 1477 75 1516; x_wconf 86' lang='lat' dir='ltr'><strong>si</strong></span> <span class='ocrx_word' id='word_1_136' title='bbox 106 1477 197 1530; x_wconf 83' lang='lat' dir='ltr'><strong>quis</strong></span> <span class='ocrx_word' id='word_1_137' title='bbox 231 1476 349 1526; x_wconf 82' lang='lat' dir='ltr'><strong>alius,</strong></span> <span class='ocrx_word' id='word_1_138' title='bbox 376 1476 546 1516; x_wconf 88' lang='lat' dir='ltr'><strong>meliore</strong></span> <span class='ocrx_word' id='word_1_139' title='bbox 581 1469 691 1516; x_wconf 80' lang='lat' dir='ltr'><strong>sorte</strong></span> <span class='ocrx_word' id='word_1_140' title='bbox 722 1477 901 1529; x_wconf 82' lang='lat' dir='ltr'><strong>optimus</strong></span> <span class='ocrx_word' id='word_1_141' title='bbox 934 1475 1078 1530; x_wconf 80' lang='lat' dir='ltr'><strong>poeta!</strong></span> 
     </span>
     <span class='ocr_line' id='line_1_19' title="bbox 155 1550 1391 1607; baseline 0.002 -16"><span class='ocrx_word' id='word_1_142' title='bbox 155 1550 236 1591; x_wconf 87' lang='lat' dir='ltr'><strong>Sed</strong></span> <span class='ocrx_word' id='word_1_143' title='bbox 265 1560 512 1604; x_wconf 86' lang='lat' dir='ltr'><strong>perventum</strong></span> <span class='ocrx_word' id='word_1_144' title='bbox 542 1566 653 1591; x_wconf 85' lang='lat' dir='ltr'><strong>nunc</strong></span> <span class='ocrx_word' id='word_1_145' title='bbox 683 1567 732 1593; x_wconf 89' lang='lat' dir='ltr'><strong>eo</strong></span> <span class='ocrx_word' id='word_1_146' title='bbox 766 1561 845 1604; x_wconf 82' lang='lat' dir='ltr'><strong>est,</strong></span> <span class='ocrx_word' id='word_1_147' title='bbox 886 1562 930 1593; x_wconf 83' lang='lat' dir='ltr'><strong>ut</strong></span> <span class='ocrx_word' id='word_1_148' title='bbox 965 1552 1014 1594; x_wconf 87' lang='lat' dir='ltr'><strong>de</strong></span> <span class='ocrx_word' id='word_1_149' title='bbox 1046 1557 1193 1593; x_wconf 75' lang='lat' dir='ltr'><strong>tristitia</strong></span> <span class='ocrx_word' id='word_1_150' title='bbox 1217 1561 1256 1593; x_wconf 82' lang='lat' dir='ltr'><strong>et</strong></span> <span class='ocrx_word' id='word_1_151' title='bbox 1291 1568 1391 1607; x_wconf 86' lang='lat' dir='ltr'><strong>quc-</strong></span> 
     </span>
     <span class='ocr_line' id='line_1_20' title="bbox 41 1626 915 1680; baseline 0.003 -15"><span class='ocrx_word' id='word_1_152' title='bbox 41 1627 217 1667; x_wconf 88' lang='lat' dir='ltr'><strong>rimonia</strong></span> <span class='ocrx_word' id='word_1_153' title='bbox 247 1626 508 1666; x_wconf 84' lang='lat' dir='ltr'><strong>Tibullianae</strong></span> <span class='ocrx_word' id='word_1_154' title='bbox 538 1641 711 1680; x_wconf 84' lang='lat' dir='ltr'><strong>poeseos</strong></span> <span class='ocrx_word' id='word_1_155' title='bbox 741 1627 915 1669; x_wconf 84' lang='lat' dir='ltr'><strong>dicatur.</strong></span> 
     </span>
     <span class='ocr_line' id='line_1_21' title="bbox 97 1702 1231 1759; baseline 0.006 -20"><span class='ocrx_word' id='word_1_156' title='bbox 97 1702 298 1740; x_wconf 71' lang='lat' dir='ltr'><strong>Versibus</strong></span> <span class='ocrx_word' id='word_1_157' title='bbox 328 1702 541 1754; x_wconf 82' lang='lat' dir='ltr'><strong>impariter</strong></span> <span class='ocrx_word' id='word_1_158' title='bbox 572 1704 721 1743; x_wconf 79' lang='lat' dir='ltr'><strong>iunctis</strong></span> <span class='ocrx_word' id='word_1_159' title='bbox 752 1705 1012 1758; x_wconf 89' lang='lat' dir='ltr'><strong>querimonia</strong></span> <span class='ocrx_word' id='word_1_160' title='bbox 1040 1704 1231 1759; x_wconf 81' lang='lat' dir='ltr'><strong>primum⁷</strong></span> 
     </span>
     <span class='ocr_line' id='line_1_22' title="bbox 98 1777 1390 1832; baseline 0.002 -16"><span class='ocrx_word' id='word_1_161' title='bbox 98 1777 196 1816; x_wconf 85' lang='lat' dir='ltr'><strong>Post</strong></span> <span class='ocrx_word' id='word_1_162' title='bbox 226 1777 346 1815; x_wconf 85' lang='lat' dir='ltr'><strong>etiam</strong></span> <span class='ocrx_word' id='word_1_163' title='bbox 381 1777 538 1815; x_wconf 86' lang='lat' dir='ltr'><strong>inclusa</strong></span> <span class='ocrx_word' id='word_1_164' title='bbox 569 1786 629 1816; x_wconf 83' lang='lat' dir='ltr'><strong>est</strong></span> <span class='ocrx_word' id='word_1_165' title='bbox 656 1779 742 1818; x_wconf 83' lang='lat' dir='ltr'><strong>voti</strong></span> <span class='ocrx_word' id='word_1_166' title='bbox 775 1780 976 1819; x_wconf 83' lang='lat' dir='ltr'><strong>sententia</strong></span> <span class='ocrx_word' id='word_1_167' title='bbox 1005 1793 1186 1832; x_wconf 88' lang='lat' dir='ltr'><strong>compos.</strong></span> <span class='ocrx_word' id='word_1_168' title='bbox 1223 1781 1390 1819; x_wconf 63' lang='lat' dir='ltr'><strong>Honm,</strong></span> 
     </span>
     <span class='ocr_line' id='line_1_23' title="bbox 42 1853 1391 1910; baseline 0.003 -19"><span class='ocrx_word' id='word_1_169' title='bbox 42 1853 169 1891; x_wconf 66' lang='lat' dir='ltr'><strong>Nullo</strong></span> <span class='ocrx_word' id='word_1_170' title='bbox 211 1854 390 1893; x_wconf 79' lang='lat' dir='ltr'><strong>camnine</strong></span> <span class='ocrx_word' id='word_1_171' title='bbox 432 1853 623 1892; x_wconf 88' lang='lat' dir='ltr'><strong>Tibullus</strong></span> <span class='ocrx_word' id='word_1_172' title='bbox 658 1862 915 1894; x_wconf 84' lang='lat' dir='ltr'><strong>venustatem</strong></span> <span class='ocrx_word' id='word_1_173' title='bbox 958 1855 1115 1894; x_wconf 84' lang='lat' dir='ltr'><strong>formae</strong></span> <span class='ocrx_word' id='word_1_174' title='bbox 1156 1865 1391 1910; x_wconf 84' lang='lat' dir='ltr'><strong>ceterasque</strong></span> 
     </span>
     <span class='ocr_line' id='line_1_24' title="bbox 0 1929 1390 1985; baseline 0.002 -16"><span class='ocrx_word' id='word_1_175' title='bbox 0 1953 1 1958; x_wconf 68' lang='lat'>=</span> <span class='ocrx_word' id='word_1_176' title='bbox 41 1930 182 1970; x_wconf 69' lang='lat' dir='ltr'><strong>laudes</strong></span> <span class='ocrx_word' id='word_1_177' title='bbox 214 1931 447 1983; x_wconf 85' lang='lat' dir='ltr'><strong>puellarum</strong></span> <span class='ocrx_word' id='word_1_178' title='bbox 479 1944 649 1973; x_wconf 87' lang='lat' dir='ltr'><strong>suarum</strong></span> <span class='ocrx_word' id='word_1_179' title='bbox 687 1929 834 1971; x_wconf 83' lang='lat' dir='ltr'><strong>diserte</strong></span> <span class='ocrx_word' id='word_1_180' title='bbox 875 1931 1097 1973; x_wconf 81' lang='lat' dir='ltr'><strong>celebravit</strong></span> <span class='ocrx_word' id='word_1_181' title='bbox 1134 1940 1180 1972; x_wconf 81' lang='lat' dir='ltr'><strong>ut</strong></span> <span class='ocrx_word' id='word_1_182' title='bbox 1213 1933 1390 1985; x_wconf 81' lang='lat' dir='ltr'><strong>Proper-</strong></span> 
     </span>
     <span class='ocr_line' id='line_1_25' title="bbox 0 1999 1387 2061; baseline 0.003 -15"><span class='ocrx_word' id='word_1_183' title='bbox 0 1999 1 2029; x_wconf 29' lang='grc' dir='ltr'><strong>ἦ</strong></span> <span class='ocrx_word' id='word_1_184' title='bbox 39 2008 143 2056; x_wconf 77' lang='lat' dir='ltr'><strong>tius,</strong></span> <span class='ocrx_word' id='word_1_185' title='bbox 182 2021 257 2047; x_wconf 85' lang='lat' dir='ltr'><strong>nec</strong></span> <span class='ocrx_word' id='word_1_186' title='bbox 291 2006 439 2059; x_wconf 81' lang='lat' dir='ltr'><strong>gaudia</strong></span> <span class='ocrx_word' id='word_1_187' title='bbox 468 2008 617 2046; x_wconf 77' lang='lat' dir='ltr'><strong>amoris</strong></span> <span class='ocrx_word' id='word_1_188' title='bbox 654 2016 848 2060; x_wconf 86' lang='lat' dir='ltr'><strong>percepta</strong></span> <span class='ocrx_word' id='word_1_189' title='bbox 880 2009 930 2048; x_wconf 89' lang='lat' dir='ltr'><strong>ab</strong></span> <span class='ocrx_word' id='word_1_190' title='bbox 967 2023 1016 2050; x_wconf 87' lang='lat' dir='ltr'><strong>eo</strong></span> <span class='ocrx_word' id='word_1_191' title='bbox 1048 2011 1139 2050; x_wconf 88' lang='lat' dir='ltr'><strong>cani</strong></span> <span class='ocrx_word' id='word_1_192' title='bbox 1169 2010 1275 2061; x_wconf 79' lang='lat' dir='ltr'><strong>dixi,</strong></span> <span class='ocrx_word' id='word_1_193' title='bbox 1319 2011 1387 2050; x_wconf 87' lang='lat' dir='ltr'><strong>sed</strong></span> 
     </span>
     <span class='ocr_line' id='line_1_26' title="bbox 40 2083 1390 2142; baseline 0.001 -18"><span class='ocrx_word' id='word_1_194' title='bbox 40 2085 134 2125; x_wconf 85' lang='lat' dir='ltr'><strong>talia</strong></span> <span class='ocrx_word' id='word_1_195' title='bbox 163 2099 324 2137; x_wconf 86' lang='lat' dir='ltr'><strong>semper</strong></span> <span class='ocrx_word' id='word_1_196' title='bbox 351 2093 535 2137; x_wconf 87' lang='lat' dir='ltr'><strong>tempora</strong></span> <span class='ocrx_word' id='word_1_197' title='bbox 559 2083 772 2124; x_wconf 82' lang='lat' dir='ltr'><strong>tractanda</strong></span> <span class='ocrx_word' id='word_1_198' title='bbox 802 2085 985 2138; x_wconf 80' lang='lat' dir='ltr'><strong>sumpsit,</strong></span> <span class='ocrx_word' id='word_1_199' title='bbox 1013 2087 1087 2126; x_wconf 91' lang='lat' dir='ltr'><strong>ubi</strong></span> <span class='ocrx_word' id='word_1_200' title='bbox 1107 2088 1390 2142; x_wconf 75' lang='lat' dir='ltr'><strong>querimoniae.</strong></span> 
     </span>
     <span class='ocr_line' id='line_1_27' title="bbox 38 2160 1392 2215; baseline 0.006 -16"><span class='ocrx_word' id='word_1_201' title='bbox 38 2161 153 2200; x_wconf 86' lang='lat' dir='ltr'><strong>locus</strong></span> <span class='ocrx_word' id='word_1_202' title='bbox 184 2168 308 2210; x_wconf 86' lang='lat' dir='ltr'><strong>esset,</strong></span> <span class='ocrx_word' id='word_1_203' title='bbox 342 2160 511 2200; x_wconf 90' lang='lat' dir='ltr'><strong>nonnisi</strong></span> <span class='ocrx_word' id='word_1_204' title='bbox 540 2160 728 2213; x_wconf 85' lang='lat' dir='ltr'><strong>dissidia,</strong></span> <span class='ocrx_word' id='word_1_205' title='bbox 760 2164 896 2213; x_wconf 82' lang='lat' dir='ltr'><strong>rixas,</strong></span> <span class='ocrx_word' id='word_1_206' title='bbox 936 2165 1092 2205; x_wconf 89' lang='lat' dir='ltr'><strong>clausas</strong></span> <span class='ocrx_word' id='word_1_207' title='bbox 1122 2166 1255 2215; x_wconf 84' lang='lat' dir='ltr'><strong>sores,</strong></span> <span class='ocrx_word' id='word_1_208' title='bbox 1286 2166 1392 2207; x_wconf 85' lang='lat' dir='ltr'><strong>desi-</strong></span> 
     </span>
     <span class='ocr_line' id='line_1_28' title="bbox 40 2236 1390 2293; baseline 0.004 -18"><span class='ocrx_word' id='word_1_209' title='bbox 40 2236 173 2286; x_wconf 76' lang='lat' dir='ltr'><strong>deria,</strong></span> <span class='ocrx_word' id='word_1_210' title='bbox 209 2245 326 2286; x_wconf 77' lang='lat' dir='ltr'><strong>vota,</strong></span> <span class='ocrx_word' id='word_1_211' title='bbox 367 2238 683 2288; x_wconf 86' lang='lat' dir='ltr'><strong>obtestationes,</strong></span> <span class='ocrx_word' id='word_1_212' title='bbox 724 2253 862 2290; x_wconf 83' lang='lat' dir='ltr'><strong>curas,</strong></span> <span class='ocrx_word' id='word_1_213' title='bbox 902 2241 1178 2293; x_wconf 79' lang='lat' dir='ltr'><strong>suspiciones,</strong></span> <span class='ocrx_word' id='word_1_214' title='bbox 1214 2239 1390 2292; x_wconf 78' lang='lat' dir='ltr'><strong>dolores,</strong></span> 
     </span>
     <span class='ocr_line' id='line_1_29' title="bbox 37 2312 1391 2368; baseline 0.004 -17"><span class='ocrx_word' id='word_1_215' title='bbox 37 2313 206 2352; x_wconf 82' lang='lat' dir='ltr'><strong>timores</strong></span> <span class='ocrx_word' id='word_1_216' title='bbox 237 2312 387 2352; x_wconf 87' lang='lat' dir='ltr'><strong>amoris</strong></span> <span class='ocrx_word' id='word_1_217' title='bbox 421 2314 597 2366; x_wconf 85' lang='lat' dir='ltr'><strong>loquens</strong></span> <span class='ocrx_word' id='word_1_218' title='bbox 609 2344 619 2363; x_wconf 86' lang='lat'><em>,</em></span> <span class='ocrx_word' id='word_1_219' title='bbox 661 2313 771 2354; x_wconf 86' lang='lat' dir='ltr'><strong>unde</strong></span> <span class='ocrx_word' id='word_1_220' title='bbox 804 2315 848 2355; x_wconf 89' lang='lat' dir='ltr'><strong>in</strong></span> <span class='ocrx_word' id='word_1_221' title='bbox 887 2316 1188 2368; x_wconf 75' lang='lat' dir='ltr'><strong>Epigrammate</strong></span> <span class='ocrx_word' id='word_1_222' title='bbox 1217 2317 1391 2357; x_wconf 79' lang='lat' dir='ltr'><strong>Domitii</strong></span> 
     </span>
     <span class='ocr_line' id='line_1_30' title="bbox 39 2387 1389 2442; baseline 0.007 -16"><span class='ocrx_word' id='word_1_223' title='bbox 39 2387 167 2428; x_wconf 80' lang='lat' dir='ltr'><strong>Marsi</strong></span> <span class='ocrx_word' id='word_1_224' title='bbox 195 2389 354 2429; x_wconf 86' lang='lat' dir='ltr'><strong>flevisse</strong></span> <span class='ocrx_word' id='word_1_225' title='bbox 385 2388 535 2429; x_wconf 84' lang='lat' dir='ltr'><strong>dicitur</strong></span> <span class='ocrx_word' id='word_1_226' title='bbox 565 2391 685 2442; x_wconf 78' lang='lat' dir='ltr'><strong>elegis</strong></span> <span class='ocrx_word' id='word_1_227' title='bbox 720 2405 894 2432; x_wconf 84' lang='lat' dir='ltr'><strong>amores.</strong></span> <span class='ocrx_word' id='word_1_228' title='bbox 961 2394 1262 2434; x_wconf 84' lang='lat' dir='ltr'><strong>Perlustremus</strong></span> <span class='ocrx_word' id='word_1_229' title='bbox 1295 2396 1389 2435; x_wconf 85' lang='lat' dir='ltr'><strong>bre-</strong></span> 
     </span>
     <span class='ocr_line' id='line_1_31' title="bbox 39 2464 1389 2524; baseline 0.005 -22"><span class='ocrx_word' id='word_1_230' title='bbox 39 2464 144 2503; x_wconf 65' lang='lat' dir='ltr'><strong>xiter</strong></span> <span class='ocrx_word' id='word_1_231' title='bbox 171 2465 343 2516; x_wconf 77' lang='lat' dir='ltr'><strong>singula.</strong></span> <span class='ocrx_word' id='word_1_232' title='bbox 399 2465 528 2516; x_wconf 79' lang='lat' dir='ltr'><strong>-lgitur</strong></span> <span class='ocrx_word' id='word_1_233' title='bbox 557 2465 960 2524; x_wconf 72' lang='grc' dir='ltr'><strong><em>παρακλαυσίθυρα</em></strong></span> <span class='ocrx_word' id='word_1_234' title='bbox 992 2477 1099 2518; x_wconf 80' lang='lat' dir='ltr'><strong>sunt,</strong></span> <span class='ocrx_word' id='word_1_235' title='bbox 1133 2478 1176 2508; x_wconf 89' lang='lat' dir='ltr'><strong>ut</strong></span> <span class='ocrx_word' id='word_1_236' title='bbox 1199 2470 1295 2509; x_wconf 85' lang='lat' dir='ltr'><strong>hinc</strong></span> <span class='ocrx_word' id='word_1_237' title='bbox 1325 2470 1389 2509; x_wconf 86' lang='lat' dir='ltr'><strong>in-</strong></span> 
     </span>
     <span class='ocr_line' id='line_1_32' title="bbox 41 2540 1384 2599; baseline 0.006 -22"><span class='ocrx_word' id='word_1_238' title='bbox 41 2540 248 2592; x_wconf 76' lang='lat' dir='ltr'><strong>cipiamus,</strong></span> <span class='ocrx_word' id='word_1_239' title='bbox 278 2541 502 2582; x_wconf 83' lang='lat' dir='ltr'><strong>secundum</strong></span> <span class='ocrx_word' id='word_1_240' title='bbox 535 2551 575 2582; x_wconf 81' lang='lat' dir='ltr'><strong>et</strong></span> <span class='ocrx_word' id='word_1_241' title='bbox 605 2543 795 2596; x_wconf 80' lang='lat' dir='ltr'><strong>quinium</strong></span> <span class='ocrx_word' id='word_1_242' title='bbox 828 2558 989 2585; x_wconf 87' lang='lat' dir='ltr'><strong>carmen</strong></span> <span class='ocrx_word' id='word_1_243' title='bbox 1020 2546 1115 2586; x_wconf 83' lang='lat' dir='ltr'><strong>libri</strong></span> <span class='ocrx_word' id='word_1_244' title='bbox 1145 2546 1281 2599; x_wconf 86' lang='lat' dir='ltr'><strong>primi.</strong></span> <span class='ocrx_word' id='word_1_245' title='bbox 1342 2550 1384 2586; x_wconf 84' lang='lat' dir='ltr'><strong>ln</strong></span> 
     </span>
    </p>
   </div>
   <div class='ocr_carea' id='block_1_3' title="bbox 38 2618 1388 2676">
    <p class='ocr_par' dir='ltr' id='par_1_3' title="bbox 38 2618 1388 2676">
     <span class='ocr_line' id='line_1_33' title="bbox 38 2618 1388 2676; baseline 0.004 -21"><span class='ocrx_word' id='word_1_246' title='bbox 38 2618 109 2657; x_wconf 85' lang='lat' dir='ltr'><strong>illo</strong></span> <span class='ocrx_word' id='word_1_247' title='bbox 141 2619 326 2670; x_wconf 79' lang='lat' dir='ltr'><strong>queritur</strong></span> <span class='ocrx_word' id='word_1_248' title='bbox 357 2619 541 2661; x_wconf 87' lang='lat' dir='ltr'><strong>custodia</strong></span> <span class='ocrx_word' id='word_1_249' title='bbox 570 2621 707 2662; x_wconf 78' lang='lat' dir='ltr'><strong>mariti</strong></span> <span class='ocrx_word' id='word_1_250' title='bbox 738 2623 893 2662; x_wconf 85' lang='lat' dir='ltr'><strong>clausas</strong></span> <span class='ocrx_word' id='word_1_251' title='bbox 924 2622 1033 2665; x_wconf 80' lang='lat' dir='ltr'><strong>sores</strong></span> <span class='ocrx_word' id='word_1_252' title='bbox 1073 2632 1112 2663; x_wconf 88' lang='lat' dir='ltr'><strong>et</strong></span> <span class='ocrx_word' id='word_1_253' title='bbox 1142 2623 1388 2676; x_wconf 74' lang='lat' dir='ltr'><strong>persuadere</strong></span> 
     </span>
    </p>
   </div>
  </div>
 </body>
</html>
