1721 2953
483 148 625 190 LIBR.
657 149 689 188 Ι.
744 146 900 188 ELEG.
934 147 1004 188 III.
1362 151 1410 187 61

80 274 238 309 fefellerit
265 283 360 319 spem
386 274 507 308 iustam
533 281 596 305 uec
620 270 709 306 adsit
732 271 765 305 in
785 269 848 304 hoc
873 270 1046 314 pericu103
1079 269 1151 304 eius
1176 268 1263 303 enim
1286 269 1415 303 auxilio

77 343 207 386 potenti
233 342 378 375 confisus
403 338 668 373 incolumitatem
693 340 888 380 speraverat
913 338 946 370 in
970 337 1091 369 itinere
1124 339 1182 368 aut
1206 336 1413 369 curationem

80 413 268 452 promptam
305 406 332 438 si
365 405 445 448 quid
480 404 670 445 accideret,
701 413 776 436 cum
803 413 840 436 ea
868 407 1046 446 tantopere
1070 403 1239 436 coleretur
1260 412 1281 434 a
1308 402 1416 445 Delia,

73 479 175 516 atque
207 472 307 506 etiam
332 475 412 505 vota
436 471 546 514 puella
572 470 718 503 fecisset.
766 470 915 503 Accusat
940 469 1084 511 denique
1103 468 1240 502 omnino
1260 473 1415 501 aetatem

72 537 137 571 sub
162 539 244 570 Iove
271 542 512 581 praesentem,
544 544 631 577 quae
672 532 815 566 habendi
849 533 1024 577 cupiditati
1048 533 1162 566 dedita
1187 532 1346 566 caedibus
1375 543 1416 567 ac

73 605 169 638 bellis
201 603 349 646 gaudeat
381 612 534 646 semper,
571 600 660 634 unde
694 601 786 633 mille
834 600 953 633 mortis
986 600 1081 640 viae3
1116 600 1165 632 sic
1198 608 1278 632 vero
1312 601 1415 634 etiam

74 675 175 715 poeta
199 670 234 703 in
265 669 329 703 hoc
362 669 485 702 malum
511 678 607 701 suum
633 667 761 701 incidit.
828 667 939 708 Atque
964 666 1009 698 ita
1034 664 1209 705 Tibullus,
1241 668 1280 698 ut
1309 664 1415 706 vides,

71 738 246 781 praeclaro
272 737 399 770 affectu
422 734 577 769 exhaurit
600 735 726 775 omnia,
766 744 816 774 se,
839 732 975 774 Isidem,
1001 734 1147 764 aetatem
1172 730 1318 773 denique
1340 731 1418 764 uni-

73 813 203 836 versam
227 812 390 835 accusans
429 801 620 843 infortunii,
656 811 723 844 quo
762 800 905 834 laborat.
952 797 1024 832 Sed
1049 807 1125 830 cum
1148 797 1286 839 querela
1310 798 1417 831 mixta

71 867 169 900 simul
193 867 343 911 precatio
368 870 422 900 est
444 866 626 900 identidem
664 866 811 910 repetita
836 875 899 909 pro
934 865 1062 898 salute:
1097 867 1173 896 orat
1197 862 1345 897 Mortem
1378 867 1417 896 ut

72 931 239 964 abstineat
262 941 398 973 manu5‚
430 936 506 965 orat
529 932 654 965 Isidem
686 935 725 964 ut
749 933 943 971 succurrat,
969 933 1045 962 orat
1070 928 1216 971 denique
1238 928 1353 961 Iovem
1378 932 1417 962 ut

75 998 210 1039 parcat,
235 996 264 1029 si
288 996 362 1029 fieri
386 997 505 1041 possit.
556 997 607 1029 Ac
636 996 711 1038 quis
737 1006 803 1028 non
829 996 931 1028 etiam
955 994 989 1027 in
1014 993 1078 1027 hoc
1102 995 1257 1036 agnoscit
1279 1004 1418 1028 suavem

74 1060 207 1103 elegiae
231 1061 400 1103 indolem,
437 1072 523 1104 quae
546 1071 613 1094 non
638 1061 749 1094 solum
776 1060 978 1093 varietatem
1003 1060 1188 1093 affectuum
1212 1064 1323 1102 amat,
1356 1059 1418 1094 sed

74 1128 176 1160 etiam
197 1127 326 1160 reditus
350 1127 394 1160 ad
418 1126 560 1160 eandem
585 1125 800 1165 seutentiam,
825 1124 962 1157 easdem
988 1126 1156 1167 querelas,
1181 1124 1300 1158 eadem
1326 1129 1417 1160 vota.

73 1193 228 1226 Vidimus
250 1193 401 1237 primam
421 1198 581 1236 partem,
620 1202 707 1234 quae
731 1195 803 1224 tota
830 1191 962 1224 flebilis.
1012 1190 1091 1223 Non
1121 1194 1255 1234 poterat
1279 1202 1416 1225 manere

76 1258 130 1292 hic
154 1263 287 1301 motus;
327 1260 401 1302 quis
428 1259 516 1292 enim
542 1260 575 1291 in
599 1259 658 1291 tali
683 1258 869 1291 infortunio
895 1267 963 1290 non
987 1256 1108 1289 solatia
1130 1255 1285 1288 dolorum
1312 1267 1420 1298 quae-

75 1330 148 1368 rat,
184 1336 251 1359 non
283 1335 380 1369 spem
412 1325 562 1358 melioris
594 1325 751 1358 fortunae
776 1323 946 1366 arripiat?
995 1321 1049 1354 Ita
1072 1330 1153 1354 vero
1178 1321 1322 1353 affectus
1347 1321 1420 1355 ele-

74 1392 151 1435 giae
183 1391 333 1434 quietem
365 1390 487 1423 iustam
520 1389 679 1422 inveniet.
729 1388 788 1422 Sic
814 1387 1012 1420 deducimur
1038 1384 1081 1418 ad
1106 1383 1280 1416 secundae
1302 1384 1420 1428 partis

73 1461 320 1500 argumentum.
369 1448 508 1488 T'rausit
530 1455 619 1487 enim
644 1464 732 1487 nunc
765 1452 930 1495 cogitatio
955 1449 1000 1484 ad
1033 1449 1163 1491 inferna
1198 1451 1292 1493 loca,
1330 1461 1418 1494 quae

74 1532 128 1555 res
153 1521 307 1565 proxime
332 1520 513 1553 coniuncta
539 1523 591 1552 est
625 1517 916 1552 antecedentibus·
976 1516 1014 1549 Si
1050 1520 1163 1549 tamen
1195 1517 1417 1559 moriendum,

73 1589 139 1630 ait,
164 1589 224 1622 fiat
247 1587 339 1631 quod
364 1588 396 1620 in
422 1587 499 1620 fatis
524 1590 599 1628 est;
624 1570 740 1621 Venus
769 1586 843 1629 ipsa
867 1585 900 1616 in
926 1583 1064 1616 beatum
1088 1581 1243 1624 Elysium
1269 1593 1323 1616 me
1353 1582 1419 1616 du-

74 1656 140 1693 cet,
164 1650 223 1683 ubi
241 1651 347 1683 Amor
369 1648 502 1682 assidue
527 1649 656 1691 proelia
679 1648 810 1688 miscet,
838 1647 959 1680 rivales
983 1649 1107 1686 autem,
1132 1645 1189 1687 qui
1214 1645 1419 1679 labefactare

77 1717 196 1749 Deliae
219 1713 319 1748 fidem
340 1713 543 1746 studuerunt
567 1716 602 1745 et
627 1711 776 1754 maligna
803 1710 1024 1743 fascinatione
1050 1710 1319 1752 lentasjmilitias
1340 1709 1419 1743 mihi

78 1784 257 1825 pararunt,
283 1779 449 1812 Tartarus
475 1778 626 1822 excipito
652 1778 840 1822 poenisque
865 1777 977 1819 dignis
1003 1776 1166 1810 cruciato.
1213 1776 1273 1810 Sic
1296 1787 1419 1810 conso-

78 1850 166 1881 latus
190 1847 335 1880 animum
369 1855 430 1888 spe
464 1843 637 1877 felicitatis
671 1842 860 1876 destinatae
885 1842 918 1875 in
942 1841 1063 1883 Elysio
1089 1845 1124 1874 et
1147 1850 1278 1884 poenae
1304 1841 1420 1874 rivali-

75 1913 138 1945 bus
162 1912 197 1945 in
220 1911 366 1945 Tartaro
392 1908 601 1951 subeundae,
624 1912 661 1942 et
685 1919 760 1942 cum
786 1912 886 1942 antea
912 1907 1108 1941 lamentatio
1133 1906 1293 1940 continua
1316 1911 1419 1950 esset,

74 1990 162 2014 nunc
196 1978 332 2013 hilarior
364 1978 528 2020 cogitatio
559 1977 664 2011 futuri
697 1976 873 2009 successit.
922 1974 1051 2017 Accipe
1074 1974 1217 2016 reliqua.
1264 1973 1304 2006 In
1328 1973 1419 2006 Tar-

73 2052 168 2088 taro,
192 2047 305 2090 pergit
328 2045 360 2078 in
386 2045 451 2077 fine
474 2044 767 2084 antecedentium,
792 2042 894 2075 etiam
921 2041 1078 2073 mulieres
1104 2039 1304 2083 puniuntur,
1329 2048 1417 2081 quae

72 2113 216 2147 Veneris
241 2121 364 2145 numen
390 2111 580 2152 laeserunt,
621 2115 657 2144 at
690 2114 727 2143 tu
761 2112 856 2142 casta
893 2117 1048 2148 maneaS,
1083 2105 1202 2146 Delia,
1236 2115 1419 2148 servesque

73 2177 185 2212 fidem.
234 2176 282 2210 Et
305 2186 392 2209 nunc
417 2175 494 2209 vide
521 2175 656 2207 exitum
671 2187 681 2206 .·
721 2173 786 2207 hoc
811 2173 900 2207 enim
924 2171 1026 2206 modo
1051 2181 1186 2205 reversa
1211 2171 1420 2213 cogitatione

75 2245 118 2278 ad
149 2253 289 2287 superas
326 2243 504 2285 regiones,
540 2241 676 2275 iamiam
710 2241 885 2284 praeclara
918 2238 1115 2283 phantasiae
1148 2237 1180 2270 vi
1207 2236 1418 2270 obliviscitur

74 2314 177 2354 poeta
202 2314 364 2349 mortem,
396 2308 538 2341 resumit
561 2316 657 2349 spem
682 2305 801 2338 salutis
826 2308 861 2337 et
885 2302 928 2337 de
953 2302 1064 2336 reditu
1094 2302 1254 2336 incolumi
1278 2301 1420 2343 cogitat,

76 2386 153 2410 cum
177 2384 320 2418 vespere
346 2376 486 2416 repente
511 2371 651 2404 intrabit
676 2370 708 2402 in
734 2370 853 2402 Deliae
878 2368 1014 2402 domum
1042 2374 1077 2401 et
1101 2369 1215 2412 puella
1240 2369 1328 2401 laete
1354 2367 1419 2400 ob-

76 2442 164 2475 viam
197 2444 312 2474 curret
345 2438 478 2472 reddito
513 2437 650 2470 amanti.
701 2434 793 2470 Quid
830 2435 1037 2478 praeclarius
1071 2433 1133 2467 hoc
1159 2433 1254 2467 fine?
1302 2431 1421 2466 Habes

77 2506 353 2549 compositionem
389 2503 519 2549 pulchri
551 2502 727 2543 carminis,
766 2501 966 2536 suavissimo
1000 2511 1184 2545 progressu
1217 2511 1237 2534 a
1267 2499 1419 2534 tristibus

78 2569 120 2604 ad
146 2571 285 2605 laetiora
309 2576 342 2606 et
369 2572 549 2606 laetissima
577 2569 759 2615 pergentis.
