1721 2953
533 154 676 195 LIBR.
707 154 739 193 Ι.
796 151 953 191 ELEG.
983 151 1054 191 IV.
1410 151 1461 188 89

126 269 264 311 longum
289 268 430 310 videtur,
461 271 498 301 ut
523 267 587 309 liic,
613 269 648 300 et
672 265 715 299 de
739 263 896 306 iucundo,
922 263 1012 306 quod
1037 262 1190 307 cupimus
1214 270 1289 300 esse
1314 261 1464 302 longum,

126 335 230 378 genio
262 335 496 377 indulgentes,
534 337 573 366 ut
596 333 767 366 Tnnmwr.
794 329 939 375 Adelph.
964 330 1025 372 lv,
1050 332 1085 372 2,
1110 332 1169 361 52.
1208 315 1393 360 Murmur„
1418 322 1465 363 11,

126 404 185 434 89.
232 401 285 434 Cf.
310 401 459 434 Rumvx.
485 400 527 433 ad
559 400 641 433 Rut.
669 399 759 442 Lup.
783 398 826 440 11,
855 409 891 441 p.
918 400 999 431 100.
1048 396 1140 430 Nota
1165 399 1342 440 praeterea
1367 394 1464 425 sunt:

128 467 261 505 ducere,
283 466 436 503 trahere,
459 465 656 501 extrahere,
680 463 875 499 extendere,
905 463 1055 499 tendere,
1087 462 1241 497 educere,
1273 459 1343 494 vid.
1366 458 1467 491 BUR-

126 542 241 565 MANN.
267 531 309 564 ad
335 531 449 566 Valet.
466 531 517 564 Fl.
536 532 663 573 Argon.
687 529 715 571 I,
733 531 814 562 251.
839 531 876 561 et
896 527 938 561 ad
956 527 1054 561 Ovid.
1073 527 1159 562 Met.
1179 527 1206 569 Ι,
1223 528 1304 560 683.
1329 526 1469 557 notante

127 599 229 632 etiam
263 599 428 632 Hunno.
454 617 497 621 —
545 602 747 641 tempora
783 597 919 629 sicca.
971 594 1111 628 Confert
1147 594 1465 628 Wunnssnmcflms

129 662 252 697 Horat.
276 663 338 705 Ill,
361 665 420 705 29,
443 665 502 698 20.
536 661 643 695 siccos
670 661 762 698 dies,
797 659 854 694 ubi
879 659 946 693 vid.
973 659 1204 693 Mvrscmmn.
1253 659 1313 692 Sic
1337 658 1469 701 Σείριος

130 726 268 767 α’ζαλέος
292 729 447 766 Hsssmn.
472 730 570 763 Scut.
596 731 675 762 153.
701 732 737 762 et
760 726 873 760 siccas
899 726 997 759 canis
1021 727 1208 759 Pnopssm.
1233 724 1276 764 11,
1296 726 1354 764 28,
1374 724 1408 754 4.
1423 737 1470 744 —

131 794 174 829 V.
198 798 221 828 7
246 806 296 838 sq·
333 794 500 829 Bacchi
536 795 712 839 proles,
746 801 782 827 et
805 793 971 835 Veneris,
1003 797 1041 825 ut
1074 793 1226 836 plerique
1249 789 1398 823 tradunt.
1423 805 1469 813 --

131 859 236 893 Addit
259 859 381 894 deinde
404 864 505 904 poeta
525 859 567 893 ad
590 858 793 905 pentametri
810 862 965 891 ornatum
992 858 1091 890 aliam
1112 867 1232 890 novam
1257 853 1467 897 designatio-

131 933 208 958 nem
232 925 367 969 Priapi,
402 927 457 959 cui
484 925 576 969 quod
609 927 737 958 inserta
770 929 848 958 suut
879 925 1004 957 verba:
1041 924 1107 957 sic
1142 921 1267 961 mihi,
1300 919 1474 954 offendere

131 1001 198 1024 non
224 991 389 1034 debebat,
426 1002 503 1025 cum
538 1002 599 1036 per
631 995 741 1025 totum
765 992 878 1024 locum
904 990 999 1033 quasi
1024 999 1090 1022 una
1114 989 1157 1021 sit
1190 998 1256 1020 non
1288 987 1476 1029 interrupta

133 1057 295 1091 orationis
327 1043 549 1102 perpetuitas.
574 1077 622 1084 --
667 1068 808 1091 curva.
858 1057 1065 1099 Designatur
1098 1055 1183 1088 deus
1208 1063 1252 1086 ex
1277 1051 1392 1085 habitu
1417 1061 1476 1084 so-

134 1124 255 1165 lemni,
292 1134 395 1167 quare
430 1125 530 1158 etiam
567 1124 741 1168 epitheton
766 1124 862 1157 falcis
888 1122 942 1156 liic
967 1122 1105 1165 quidem
1135 1130 1178 1154 ex
1204 1129 1322 1152 eorum
1348 1126 1474 1160 genere

135 1197 211 1221 esse
235 1187 373 1230 debuit,
407 1199 494 1231 quae
528 1192 693 1232 perpetua
728 1188 854 1222 dicunt.
903 1186 1088 1222 minante,
1125 1185 1214 1228 quod
1241 1185 1390 1218 Vossms
1415 1192 1477 1214 au-

136 1252 252 1286 dacter
276 1253 389 1287 intulit
413 1264 463 1297 pr.
489 1253 540 1286 sic
564 1253 649 1285 milii
672 1253 825 1287 scribens
850 1250 953 1296 salve
986 1250 1163 1286 minante,
1202 1249 1267 1282 hoc
1292 1248 1398 1290 igitur
1430 1247 1479 1278 uti

137 1324 253 1363 aptum
279 1319 368 1353 foret
390 1330 491 1363 supra
511 1320 538 1360 l,
563 1324 592 1361 l,
614 1322 668 1352 18.
693 1320 741 1352 ita
764 1320 912 1351 alienum
938 1317 1014 1350 dico
1039 1317 1080 1348 ab
1107 1315 1169 1348 hoc
1195 1316 1282 1356 loco,
1311 1313 1369 1346 ubi
1394 1322 1480 1344 non-

136 1385 199 1417 nisi
225 1385 370 1418 maxime
395 1386 567 1428 generalia
592 1386 827 1428 requiruntur3
852 1388 887 1417 at
911 1382 1001 1426 quod
1028 1382 1159 1415 furibus
1185 1381 1370 1421 avibusque
1395 1387 1476 1421 per-

137 1451 258 1485 niciem
283 1452 429 1485 minatur
451 1451 532 1494 salx,
558 1450 640 1485 haec
666 1451 823 1494 specialis
848 1459 903 1482 res
928 1452 990 1489 est,
1017 1448 1112 1481 cuius
1138 1445 1288 1488 cognitio
1313 1454 1401 1476 nune
1425 1443 1479 1475 in-

138 1518 241 1551 utilis.
265 1536 307 1544 --
349 1517 598 1562 respondit.
648 1518 762 1560 Saepe
787 1517 981 1558 loquentem
1008 1513 1173 1546 inducunt
1196 1511 1357 1554 Priapum
1383 1512 1479 1541 vete-

138 1596 213 1627 res3
250 1587 346 1619 cuius
370 1586 418 1619 rei
445 1595 608 1628 quaenam
638 1566 768 1618 causa?
818 1582 932 1616 Credo
966 1581 1056 1624 quod
1082 1579 1263 1622 ignobilior
1287 1577 1390 1618 deus,
1423 1577 1480 1618 qui

138 1652 263 1695 ubique
287 1652 321 1684 in
347 1650 451 1685 hortis
483 1655 609 1691 staret,
645 1649 905 1682 familiaritatem
933 1646 1097 1689 quandam
1132 1644 1291 1676 maiorem
1317 1652 1394 1674 cum
1419 1640 1481 1674 ho-

138 1717 283 1750 minibus
314 1719 550 1755 contraxeram
586 1724 691 1756 quare
725 1716 763 1745 ut
792 1711 825 1745 hi
856 1711 990 1754 saepius
1016 1720 1093 1742 eum
1123 1707 1400 1749 alloquebantur,
1435 1706 1482 1737 ita

139 1782 213 1826 ipse
248 1782 349 1814 etiam
383 1780 517 1814 amabat
550 1778 643 1821 loqui
673 1787 749 1810 cum
781 1776 832 1808 iis.
881 1775 928 1807 Et
962 1784 1049 1807 nunc
1082 1773 1218 1815 quidem
1251 1772 1437 1805 consulitur
1461 1781 1482 1803 a

138 1847 299 1888 Tibullo3
332 1856 441 1888 neque
476 1850 588 1879 tamen
622 1844 699 1879 ideo
732 1843 878 1877 fatidicis
902 1841 966 1875 diis
990 1841 1161 1875 accenseri
1190 1839 1291 1873 debet
1317 1837 1374 1882 qui
1404 1848 1483 1871 ora-

139 1913 215 1946 cula
241 1922 307 1946 nou
331 1911 486 1945 habebat.
510 1930 554 1937 -—

580 2028 842 2071 Praecepta
876 2024 1042 2069 Priapi.

235 2117 274 2150 Si
299 2116 412 2150 statim
437 2125 474 2149 se
499 2114 681 2148 redderent
704 2114 800 2158 pueri
825 2123 941 2147 omnes
962 2110 1112 2152 formosi,
1137 2107 1330 2153 praeceptis
1351 2109 1386 2139 et
1407 2109 1481 2138 arte

141 2191 265 2223 magua
290 2192 376 2225 opus
408 2192 476 2214 non
508 2185 620 2222 esset3
660 2191 748 2214 nunc
773 2184 886 2214 autem
911 2189 1015 2223 saepe
1041 2177 1196 2211 'difficiles
1221 2178 1298 2208 suut
1323 2183 1385 2206 nec
1411 2172 1483 2205 sine

142 2257 247 2290 opera
270 2248 458 2280 vincuntur.
507 2247 623 2282 Quare
646 2256 732 2290 opus
756 2245 960 2290 praeceptis.
1010 2244 1159 2277 Docetur
1182 2241 1287 2282 igitur
1309 2237 1480 2282 quomodo

142 2312 197 2346 vel
220 2312 390 2345 reluctans
416 2321 502 2355 puer
526 2310 662 2344 tandem
687 2310 749 2343 sub
773 2311 891 2352 iugum
915 2308 1026 2351 redigi
1053 2308 1174 2352 possit.

235 2378 279 2413 V.
304 2380 424 2414 9-38.
469 2378 771 2422 Praeceptum
794 2376 1026 2419 generale.
1076 2373 1243 2407 Melius
1266 2371 1327 2405 sit
1351 2368 1483 2403 omni-

144 2456 196 2479 no
230 2456 312 2480 non
346 2445 553 2479 incidere
594 2446 635 2479 in
674 2455 866 2478 amorem
908 2451 1168 2487 puerorum,
1211 2439 1293 2473 dicit
1326 2439 1482 2481 Priapus,

145 2512 183 2545 si
221 2516 366 2545 tamen
408 2512 654 2553 incideris,
705 2515 812 2545 ante
847 2510 990 2544 omnia
1024 2506 1284 2542 constantia
1318 2503 1403 2536 tibi
1440 2506 1480 2534 et

148 2576 406 2620 pertinacia
439 2587 566 2620 opus,
604 2588 687 2620 qua
721 2577 855 2610 etiam
890 2574 1129 2608 durissima
1163 2575 1390 2617 postremo
1416 2579 1481 2602 su-

149 2647 377 2687 perantur,
428 2643 521 2677 Nou
548 2644 689 2687 igitur
715 2643 914 2677 absistes
941 2641 1178 2676 molestiae
1204 2637 1379 2678 taedio,
1406 2635 1479 2668 secl
