1721 2953
288 173 340 197 ιιι
835 156 909 197 DE
940 155 1097 198 POESI

291 285 434 319 tenero
464 275 557 318 sinu
588 274 790 325 detinere,
820 275 970 316 teneris
998 277 1175 318 retinere
1203 277 1388 329 lacertis,
1419 277 1520 332 quid
1551 278 1641 318 tali-

293 355 372 395 bus
412 353 550 396 verbis
588 348 892 393 verecundius?
951 349 1057 391 Sunt
1097 352 1253 406 aliquid
1292 352 1640 408 quemadmodum

294 428 405 485 apud
433 430 552 479 alios,
592 427 648 468 sic
677 427 787 481 apud
816 428 1030 469 Tibullum
1059 430 1291 482 voluptates
1331 431 1537 484 corporiS,
1570 429 1641 470 sed

293 519 498 559 nusquam
539 505 613 543 has
651 503 828 544 Veneris
872 505 1103 558 voluptates
1149 505 1193 544 in
1241 507 1434 558 amplexu
1479 507 1640 559 puellae

291 594 389 621 suae
428 588 641 634 perceptas
684 579 877 621 describit
915 590 954 621 et
994 583 1122 632 canit,
1161 596 1295 636 neque
1336 583 1420 622 ullo
1453 590 1640 636 tempore

291 657 346 698 sic
387 664 433 697 ut
467 656 712 709 ‘Propertius
752 664 821 696 aut
856 655 1029 698 Ovidius
1063 657 1224 697 deditus
1263 659 1343 697 suit
1377 656 1561 709 libidini3
1603 667 1640 699 at

291 732 439 774 foedus
477 746 658 787 perenne
700 733 807 773 vitae
847 729 1065 773 videbatur
1104 734 1142 773 ei
1186 747 1272 774 esse
1313 733 1464 774 debere
1491 738 1638 775 'amorz

290 810 429 851 vivere
460 821 554 848 cum
584 815 718 848 amata
746 807 917 861 placide,
945 809 1205 864 requiescere
1236 823 1378 850 secure
1407 810 1451 850 in
1480 812 1639 850 lacertis

293 885 391 936 eius,
420 884 616 938 adspectu
642 891 681 924 et
707 898 784 924 usu
814 884 901 924 eius
931 885 1015 925 frui
1044 885 1131 925 sine
1161 885 1281 926 rivali
1310 885 1354 925 in
1385 885 1639 938 simplicitate

292 970 331 1002 et
361 961 651 1017 aequabilitate
685 961 892 1001 inturbata
930 961 1058 1010 vitae,
1101 962 1180 1000 hoc
1220 959 1468 1001 desiderium
1513 969 1557 1000 ut
1596 962 1639 999 in

290 1038 539 1078 carminibus
570 1035 622 1076 ad
651 1037 814 1077 Deliam
845 1050 1105 1089 expressum,
1134 1036 1191 1076 ita
1223 1036 1392 1077 omnino
1422 1037 1525 1076 nihil
1553 1050 1638 1076 ma-

290 1114 349 1165 gis
380 1114 676 1153 Tibullianum.
741 1114 849 1153 Hinc
878 1115 922 1153 in
953 1127 1076 1153 carm.
1106 1113 1176 1161 IV,
1215 1116 1298 1160 13„
1345 1110 1459 1165 quod
1491 1111 1637 1163 Glyce-

287 1203 370 1239 rae,
397 1197 446 1229 ut
473 1188 666 1241 suspicati
694 1201 848 1238 sumus,
875 1188 1071 1240 scriptum
1099 1187 1142 1225 in
1170 1185 1329 1226 schedis
1359 1187 1512 1227 mortui
1540 1202 1639 1239 poe-

288 1273 353 1304 tae
376 1271 588 1317 repertum
611 1271 681 1313 est,
709 1261 849 1304 videas
873 1262 1045 1302 eandem
1068 1263 1310 1302 sententiam
1338 1264 1498 1314 egregio
1524 1265 1635 1302 loco:

402 1341 468 1379 Tu
499 1339 601 1379 mihi
630 1353 822 1379 curarum
850 1339 1037 1392 requies,
1067 1347 1108 1377 tu
1142 1346 1260 1378 nocte
1295 1340 1360 1379 vel
1390 1347 1477 1378 atra

457 1415 641 1464 Lumen,
671 1423 710 1454 et
738 1414 781 1454 in
815 1416 912 1456 solis
944 1423 987 1455 tu
1019 1416 1120 1454 mihi
1150 1417 1271 1455 turba
1302 1415 1415 1455 locis.

402 1488 466 1531 Sic
498 1505 570 1542 ego
599 1491 763 1530 secretis
795 1504 962 1543 possum
996 1492 1100 1530 bene
1134 1491 1272 1531 vixere
1303 1492 1426 1540 silvis,

458 1566 552 1616 Qua
581 1568 692 1607 nulla
725 1567 907 1606 humano
939 1567 990 1606 sit
1019 1568 1085 1607 via
1114 1568 1211 1606 trita
1244 1566 1362 1619 pede.

288 1649 335 1687 In
368 1660 451 1699 quo
485 1645 587 1684 mihi
615 1644 815 1697 imprimis
852 1645 1108 1696 praeclarum
1139 1642 1241 1682 illud
1270 1643 1443 1684 dictum:
1486 1653 1523 1682 tu
1551 1646 1640 1682 nn'ln'

290 1737 467 1762 curarum
499 1725 652 1776 requies,
684 1723 869 1771 observa,
901 1720 1014 1774 quod
1048 1720 1249 1761 eiusmodi
1279 1730 1338 1760 est
1370 1729 1414 1761 ut
1444 1735 1528 1761 non
1561 1734 1635 1773 po-

289 1800 414 1840 tuerit
442 1799 599 1839 felicius
630 1798 806 1850 exprimi
830 1812 930 1838 vera
958 1805 997 1837 et
1027 1798 1170 1837 intima
1198 1799 1303 1838 ratio
1333 1798 1505 1846 amoriS,
1534 1812 1635 1851 qua-

287 1877 368 1915 lem
398 1875 590 1913 Tibullus
626 1875 889 1926 sequebatur.
958 1875 1002 1911 In
1039 1877 1177 1912 amoris
1214 1888 1282 1912 usu
1309 1874 1397 1912 solvi
1420 1873 1635 1912 videbantur

246 1963 252 1968 '
289 1957 323 1991 ei
350 1965 471 1990 omnes
501 1962 638 1996 curae,
677 1956 816 1986 sanata
843 1956 948 1986 erant
981 1948 1189 1995 desideria,
1229 1948 1379 1986 sublata
1408 1949 1634 1987 dissonantia

285 2030 442 2079 pectoris
472 2027 640 2077 quaevis,
669 2030 702 2061 et
732 2023 786 2060 ad
809 2009 1051 2075 placidzorenz
1079 2030 1217 2062 statum
1246 2026 1463 2074 compositus
1491 2026 1634 2061 aninms

276 2102 481 2155 fruebatur
508 2086 608 2139 intus
635 2114 802 2138 summae
819 2098 1010 2151 felicitatis
1041 2114 1160 2139 sensu.
1218 2098 1323 2139 Cum
1359 2108 1495 2139 autem
1523 2100 1633 2138 simi-

287 2180 336 2218 lis
365 2178 415 2217 sit
446 2175 588 2217 rustici
621 2174 694 2215 otii
723 2176 1009 2229 tranquillitas,
1041 2176 1171 2216 libera
1204 2175 1440 2225 ambitione,
1476 2174 1633 2228 cupidi-

288 2254 450 2301 tatibus,
481 2251 612 2292 turbis
634 2250 818 2291 urbanae
848 2250 964 2300 vitae,
994 2250 1258 2304 perspicuum
1286 2258 1346 2290 est
1374 2263 1448 2290 cur
1476 2257 1633 2289 utrum-

254 2328 262 2336 *
290 2342 369 2382 que
402 2337 485 2367 tam
516 2335 623 2367 arcte
647 2327 911 2367 coniunctum
941 2327 992 2367 sit
1020 2328 1064 2366 in
1090 2329 1166 2367 hac
1200 2327 1327 2380 poesi,
1360 2334 1404 2366 ut
1432 2324 1632 2367 videmus.

289 2402 370 2445 Sed
404 2417 487 2443 non
520 2403 735 2456 capiebant
765 2404 870 2444 hanc
899 2403 1074 2444 idealem
1103 2406 1186 2445 vim
1216 2403 1366 2444 amoris
1396 2411 1435 2443 et
1463 2401 1632 2442 ditiores

289 2489 489 2521 amatores
534 2482 821 2533 praeferebant
865 2481 1048 2534 puellae,
1100 2494 1201 2534 quas
1244 2477 1403 2533 perdite
1446 2479 1630 2517 amabat:

288 2556 397 2596 unde
440 2557 592 2596 sactum
630 2565 674 2595 ut
712 2556 797 2609 ipse
838 2559 958 2597 etiam
992 2558 1116 2608 magis
1156 2555 1362 2608 magisque
1401 2554 1630 2606 voluptates

292 2634 450 2683 fugaces
476 2640 710 2686 quaereret,
756 2633 825 2684 qui
856 2633 960 2672 vitae
992 2633 1140 2672 soriam
1174 2645 1257 2671 non
1285 2628 1528 2678 iuvenisset3
1568 2629 1630 2666 iu-
