1721 2953
301 157 383 193 294
621 149 988 196 COMMENTAR.
1019 156 1078 197 IN
1108 158 1142 197 T
1145 158 1333 200 IBULLI

303 271 401 303 etiam
435 269 557 313 Apollo
590 273 730 313 rogatur
763 275 798 304 ut
826 273 1006 307 amoliatur
1039 278 1074 307 et
1106 280 1267 318 procuret
1299 276 1461 320 quidquid
1493 279 1640 323 prodigii

300 337 331 369 in
360 339 532 379 posterum
558 337 760 371 minaturum
786 339 831 371 sit
853 340 997 384 imperio
1025 341 1222 385 perniciem.
1286 342 1446 377 Ceterum
1473 344 1517 378 ad
1541 346 1639 379 locu-

299 404 424 437 tionem
451 414 564 449 merge
590 402 655 436 sub
681 404 894 450 aequoribus
918 407 1237 442 WUNnancnms
1262 409 1395 443 confert
1419 411 1528 444 Vmc..
1554 411 1638 445 Aen.

302 469 360 511 w,
385 471 466 503 342.
527 471 684 513 Augetur
718 472 767 505 vis
804 475 993 508 sententiae
1030 475 1146 508 addito
1185 475 1353 509 adiectim
1394 475 1637 518 indomitis,

297 535 425 576 saevis,
450 535 572 578 quibus
597 536 803 570 devorentur
827 549 867 572 ac
893 539 1070 573 deleantur
1092 542 1237 584 penitus.
1263 559 1309 564 —
1335 541 1389 574 Et
1414 552 1638 575 succensa

296 599 443 632 sacris
471 604 536 635 etc.
587 602 859 637 Comburebatur
890 604 1005 638 laurus
1039 606 1073 638 in
1104 606 1279 639 sacrificiis
1313 612 1348 639 et
1373 607 1407 639 in
1432 618 1469 640 re
1496 607 1639 650 magica,

296 669 331 696 et
368 665 517 708 crepitus
557 666 708 700 ardentis
742 668 826 701 rami
863 679 963 702 omen
998 669 1080 702 felix
1115 674 1272 703 votorum
1308 670 1514 714 habebatur,
1551 672 1640 706 unde

298 743 386 765 nunc
412 734 523 768 bene
549 736 766 779 crepitet,
793 735 824 771 h.
851 746 880 769 e.
905 747 982 770 cum
1008 737 1097 769 bono
1122 738 1254 779 omine,
1280 738 1323 771 cf.
1350 739 1455 772 PmN.
1480 739 1558 781 XV,
1583 742 1642 773 30.

297 800 404 832 ΟΠ».
430 800 522 833 Fast.
544 801 570 842 Ι,
597 803 678 834 344.
708 802 897 836 Pnopnm.
921 802 966 843 ΙΙ,
989 805 1049 844 28,
1071 805 1128 836 36.
1154 803 1320 838 Pommn.
1347 804 1389 836 ad
1415 803 1584 848 Lycophr.
1608 807 1641 838 6.

296 865 396 898 Voss.
430 866 473 899 ad
508 867 603 910 Virg.
640 867 762 911 Eclog.
790 869 883 911 Vlll,
919 871 977 902 82.
1041 869 1146 903 Vides
1182 874 1296 903 autem
1331 869 1386 904 hic
1421 871 1498 904 anni
1533 871 1641 904 felicis

296 932 474 973 angurium
500 934 570 976 peti
603 944 623 967 e
661 936 794 979 crepitu
829 947 995 969 accensae
1020 937 1128 978 lauri,
1168 936 1356 978 siquidem,
1399 941 1437 969 ut
1468 937 1500 970 in
1525 937 1641 970 Intro-

297 998 456 1033 ductione
493 1002 630 1043 monui,
679 1001 762 1036 baec
800 1014 921 1046 magna
958 1004 1109 1036 solennia
1145 1014 1247 1036 verna
1282 1004 1447 1047 Apollinis
1483 1004 1641 1037 videntur

298 1075 393 1106 esse,
431 1065 488 1099 ubi
515 1071 781 1101 consentaneum
808 1080 927 1112 preces
951 1070 1026 1102 fieri
1056 1080 1117 1112 pro
1149 1071 1227 1102 anni
1259 1070 1483 1103 successibus.
1534 1070 1640 1103 Cete-

297 1140 370 1163 rum
413 1141 508 1165 usum
549 1143 578 1166 v,
621 1133 792 1176 cresilas&
833 1133 875 1166 de
914 1134 1057 1167 flammis
1095 1134 1266 1177 rebusque
1305 1137 1456 1169 accensis
1492 1136 1639 1170 illustrat

298 1198 511 1233 Brmzrnfflus
546 1199 588 1233 ad
622 1200 743 1233 Horat.
779 1200 845 1233 Od.
870 1201 931 1242 IV,
970 1204 1022 1243 11,
1055 1204 1112 1235 11.
1139 1221 1184 1226 -
1230 1213 1379 1244 sacer,
1417 1203 1557 1236 faustus.
1591 1222 1638 1227 —

297 1264 405 1306 erit,
430 1266 500 1307 sic,
530 1266 597 1307 ait,
631 1266 764 1299 felicem
792 1265 989 1300 babebimus
1014 1277 1149 1301 annum.
1198 1268 1314 1304 Quare
1339 1268 1463 1302 frustra
1487 1270 1637 1303 Vossms

294 1335 353 1360 eat
379 1339 422 1362 ex
448 1331 578 1372 aliquot
604 1331 697 1364 libris
721 1332 905 1376 rescripsit.
955 1333 1138 1366 Monuerat
1163 1334 1228 1366 iam
1256 1335 1534 1369 ssnoncxuusms
1560 1348 1636 1371 esse

295 1399 422 1429 certam
456 1396 735 1440 pollicitationem
770 1402 804 1431 et
838 1400 946 1431 maius
979 1399 1106 1441 aliquid
1143 1411 1243 1442 quam
1269 1405 1424 1444 optatum
1449 1406 1484 1435 et
1509 1408 1635 1437 votum.

295 1462 429 1507 Nempe
456 1464 521 1497 scit
546 1475 608 1497 nec
632 1464 784 1505 dubitat,
816 1465 843 1497 si
873 1466 986 1498 laurus
1012 1466 1099 1499 bene
1125 1467 1290 1510 crepitet,
1317 1467 1449 1501 felicem
1476 1468 1549 1503 sore
1574 1481 1636 1503 an-

298 1542 388 1565 num.
414 1549 458 1555 —
494 1531 533 1565 V.
560 1532 604 1564 83
631 1542 704 1576 sqq.
744 1530 918 1564 Laurus
943 1531 1016 1564 ubi
1043 1531 1153 1565 bona
1180 1532 1308 1574 signa
1333 1532 1468 1567 dedit.
1520 1536 1637 1570 Quae-

296 1597 382 1629 ritur
406 1596 449 1630 de
484 1607 562 1630 vera
590 1598 722 1630 ratione
758 1598 835 1631 loci.
885 1597 992 1632 Potes
1017 1595 1105 1629 hunc
1136 1607 1263 1641 ponere
1288 1608 1433 1632 nexum:
1469 1600 1636 1634 Precatus

296 1666 348 1695 est
374 1666 475 1705 poeta
507 1666 544 1696 ut
569 1664 682 1696 laurus
707 1663 794 1696 bene
820 1664 985 1706 crepitet,
1020 1673 1101 1697 ecce
1127 1666 1220 1696 ratae
1245 1665 1329 1697 fiunt
1355 1675 1492 1708 preces,
1519 1677 1637 1700 revera

296 1728 354 1762 dat
388 1728 476 1763 bona
511 1730 610 1772 signa
644 1729 777 1762 laurus!
829 1728 963 1764 Quodsi
996 1727 1060 1762 hoc
1093 1728 1263 1772 praefers,
1298 1729 1460 1763 vividiore
1492 1730 1637 1766 formula

294 1805 380 1839 opus
406 1799 459 1829 est
483 1795 517 1828 in
541 1796 599 1828 tali
624 1799 747 1829 eventu
772 1794 977 1836 nuntiando,
1014 1794 1119 1828 veluti
1152 1805 1254 1840 supra
1280 1796 1313 1828 in
1338 1795 1438 1829 simili
1465 1807 1567 1830 causa
1592 1798 1637 1840 11,

297 1864 327 1900 l,
352 1864 409 1895 25.
435 1862 602 1905 legimus:
637 1862 821 1893 Eventura
843 1871 987 1905 precor:
1016 1859 1118 1892 viden
1143 1866 1185 1891 ut
1202 1859 1373 1905 felicibus
1398 1863 1491 1895 extis
1518 1863 1637 1908 Signi-

286 1928 375 1970 flcet
403 1928 566 1972 placidos
590 1927 720 1961 nantia
747 1927 848 1971 fibra
875 1926 982 1960 cleos?
1032 1927 1185 1962 venuste
1211 1927 1316 1969 igitur
1347 1927 1427 1961 olim
1457 1928 1636 1963 HEINSNJS

294 1993 440 2027 coniecit
465 1993 498 2025 io
522 2003 570 2036 pr.
597 1991 674 2029 uhi,
710 2003 777 2035 quo
803 1991 882 2026 nibil
909 1996 961 2026 est
985 1993 1093 2035 magis
1121 1992 1305 2035 poeticum.
1354 1994 1413 2027 Sic
1439 1994 1496 2036 qui
1519 1995 1636 2037 sequi-

294 2063 349 2091 tur
372 2059 477 2100 locus,
501 2059 687 2092 continebit
712 2058 976 2102 descriptionem
1000 2060 1131 2093 iamiam
1159 2060 1314 2093 instantis
1339 2064 1417 2104 post
1442 2060 1520 2094 data
1545 2062 1634 2095 bona

293 2123 390 2164 signa
414 2124 658 2166 prosperitatis.
708 2125 834 2158 Verum
868 2125 957 2158 enim
984 2135 1064 2159 vero
1090 2125 1305 2158 observatum
1334 2130 1386 2158 est
1410 2127 1508 2159 nimis
1533 2138 1632 2161 rece-

294 2188 376 2222 dere
400 2200 420 2222 a
445 2190 605 2224 librorum
631 2192 835 2225 auctoritate
860 2192 1007 2225 Humsu
1037 2191 1326 2233 emendationem,
1356 2201 1419 2224 nec
1445 2196 1559 2235 potest
1583 2192 1635 2225 fa-

294 2255 359 2287 cile
392 2255 536 2298 intelligi
572 2241 741 2299 quomodo
776 2257 809 2290 io
844 2263 1012 2292 mutatum
1047 2260 1080 2291 in
1115 2257 1265 2300 ubisit,
1303 2267 1390 2300 quae
1423 2257 1548 2290 tradita
1581 2261 1634 2290 est

295 2321 408 2356 lectio.
458 2322 755 2358 Considerabimus
789 2325 895 2367 igitur
926 2336 1014 2359 nunc
1052 2326 1153 2358 etiam
1189 2323 1283 2357 lianc.
1341 2325 1392 2356 Ac
1427 2322 1542 2365 quidni
1578 2322 1631 2354 vel

294 2389 342 2422 sic
370 2390 477 2433 possit
511 2391 628 2424 similis
660 2403 735 2425 esse
767 2392 913 2426 sensus?
968 2390 1036 2424 sbi
1068 2391 1110 2424 de
1136 2401 1173 2424 re
1199 2401 1278 2424 vere
1304 2390 1393 2423 facta
1418 2389 1554 2433 ponitur
1583 2398 1633 2430 pr.

294 2460 483 2498 postquam.
540 2456 615 2489 Erit
653 2458 758 2499 igitur
795 2458 847 2491 liic
885 2457 1084 2490 statuendus
1123 2465 1323 2499 progressus
1361 2454 1626 2486 sententiarum:

294 2523 340 2553 Iit
367 2534 533 2553 succensa
558 2521 668 2554 sacris
693 2523 838 2567 crepitet
864 2522 944 2555 bene
969 2522 1093 2554 lam-ea
1109 2520 1278 2566 flammis.
1336 2519 1425 2551 Hinc
1450 2530 1525 2551 cum
1553 2518 1634 2550 sub-

295 2587 398 2620 iicere
424 2591 559 2629 possetz
597 2588 684 2618 Ecce
719 2587 866 2631 crepitat
910 2585 990 2618 hene
1024 2584 1170 2620 laurus,
1198 2595 1272 2615 ecce
1305 2583 1367 2615 dat
1401 2582 1489 2615 Ιιυιια
1521 2582 1637 2626 signa,

297 2650 346 2685 bis·
372 2651 503 2685 omissis
534 2654 646 2686 statim
672 2653 721 2686 sic
748 2654 857 2696 pergit
886 2654 991 2686 laete:
1035 2654 1229 2693 l’oslquam
1256 2650 1382 2682 laurus
1419 2649 1511 2681 ‹lerlil
1547 2647 1636 2680 bona
