<?xml version="1.0" encoding="UTF-8"?>
<!DOCTYPE html PUBLIC "-//W3C//DTD XHTML 1.0 Transitional//EN"
    "http://www.w3.org/TR/xhtml1/DTD/xhtml1-transitional.dtd">
<html xmlns="http://www.w3.org/1999/xhtml" xml:lang="en" lang="en">
 <head>
  <title>
</title>
<meta http-equiv="Content-Type" content="text/html;charset=utf-8" />
  <meta name='ocr-system' content='tesseract 3.04.00' />
  <meta name='ocr-capabilities' content='ocr_page ocr_carea ocr_par ocr_line ocrx_word'/>
</head>
<body>
  <div class='ocr_page' id='page_1' title='image "./carminaexrecensi00tibuuoft_0108.png"; bbox 0 0 1721 2953; ppageno 0'>
   <div class='ocr_carea' id='block_1_1' title="bbox 292 172 1107 217">
    <p class='ocr_par' dir='ltr' id='par_1_1' title="bbox 292 172 1107 217">
     <span class='ocr_line' id='line_1_1' title="bbox 292 172 1107 217; baseline -0.004 0"><span class='ocrx_word' id='word_1_1' title='bbox 292 192 342 217; x_wconf 83' lang='lat' dir='ltr'>cu</span> <span class='ocrx_word' id='word_1_2' title='bbox 844 175 919 214; x_wconf 89' lang='lat' dir='ltr'>DE</span> <span class='ocrx_word' id='word_1_3' title='bbox 949 172 1107 216; x_wconf 83' lang='lat' dir='ltr'>POESI</span> 
     </span>
    </p>
   </div>
   <div class='ocr_carea' id='block_1_2' title="bbox 292 287 1708 2621">
    <p class='ocr_par' dir='ltr' id='par_1_2' title="bbox 292 287 1708 2621">
     <span class='ocr_line' id='line_1_2' title="bbox 292 287 1649 343; baseline -0.003 -12"><span class='ocrx_word' id='word_1_4' title='bbox 292 290 428 343; x_wconf 82' lang='lat' dir='ltr'>operis</span> <span class='ocrx_word' id='word_1_5' title='bbox 470 287 620 342; x_wconf 82' lang='lat' dir='ltr'>poetici</span> <span class='ocrx_word' id='word_1_6' title='bbox 658 287 786 339; x_wconf 71' lang='lat' dir='ltr'>ratio,</span> <span class='ocrx_word' id='word_1_7' title='bbox 829 288 1048 341; x_wconf 86' lang='lat' dir='ltr'>reputavit.</span> <span class='ocrx_word' id='word_1_8' title='bbox 1120 288 1164 327; x_wconf 87' lang='lat' dir='ltr'>In</span> <span class='ocrx_word' id='word_1_9' title='bbox 1200 302 1322 342; x_wconf 87' lang='lat' dir='ltr'>quem</span> <span class='ocrx_word' id='word_1_10' title='bbox 1361 287 1427 328; x_wconf 88' lang='lat' dir='ltr'>ille</span> <span class='ocrx_word' id='word_1_11' title='bbox 1467 300 1649 327; x_wconf 79' lang='lat' dir='ltr'>errorem</span> 
     </span>
     <span class='ocr_line' id='line_1_3' title="bbox 294 364 1652 421; baseline -0.003 -13"><span class='ocrx_word' id='word_1_12' title='bbox 294 367 456 421; x_wconf 82' lang='lat' dir='ltr'>saepius</span> <span class='ocrx_word' id='word_1_13' title='bbox 482 366 638 406; x_wconf 80' lang='lat' dir='ltr'><strong>incidit.</strong></span> <span class='ocrx_word' id='word_1_14' title='bbox 694 366 853 406; x_wconf 87' lang='lat' dir='ltr'>Verum</span> <span class='ocrx_word' id='word_1_15' title='bbox 879 366 959 407; x_wconf 87' lang='lat' dir='ltr'>hoc</span> <span class='ocrx_word' id='word_1_16' title='bbox 987 365 1133 406; x_wconf 84' lang='lat' dir='ltr'>obiter.</span> <span class='ocrx_word' id='word_1_17' title='bbox 1192 364 1369 405; x_wconf 81' lang='lat' dir='ltr'>Carmen</span> <span class='ocrx_word' id='word_1_18' title='bbox 1397 366 1505 404; x_wconf 86' lang='lat' dir='ltr'>inter</span> <span class='ocrx_word' id='word_1_19' title='bbox 1533 379 1652 418; x_wconf 87' lang='lat' dir='ltr'>prae-</span> 
     </span>
     <span class='ocr_line' id='line_1_4' title="bbox 294 442 1652 495; baseline -0.001 -12"><span class='ocrx_word' id='word_1_20' title='bbox 294 443 542 483; x_wconf 76' lang='lat' dir='ltr'>stantissima</span> <span class='ocrx_word' id='word_1_21' title='bbox 579 450 639 482; x_wconf 87' lang='lat' dir='ltr'>est</span> <span class='ocrx_word' id='word_1_22' title='bbox 674 442 935 483; x_wconf 88' lang='lat' dir='ltr'>Tibullianae</span> <span class='ocrx_word' id='word_1_23' title='bbox 968 443 1137 490; x_wconf 81' lang='lat' dir='ltr'>Musae,</span> <span class='ocrx_word' id='word_1_24' title='bbox 1181 455 1317 495; x_wconf 86' lang='lat' dir='ltr'>neque</span> <span class='ocrx_word' id='word_1_25' title='bbox 1361 443 1492 482; x_wconf 88' lang='lat' dir='ltr'>solum</span> <span class='ocrx_word' id='word_1_26' title='bbox 1532 442 1572 482; x_wconf 86' lang='lat' dir='ltr'>vi</span> <span class='ocrx_word' id='word_1_27' title='bbox 1613 451 1652 481; x_wconf 79' lang='lat' dir='ltr'>et</span> 
     </span>
     <span class='ocr_line' id='line_1_5' title="bbox 295 517 1654 572; baseline -0.001 -12"><span class='ocrx_word' id='word_1_28' title='bbox 295 522 436 572; x_wconf 64' lang='lat' dir='ltr'>vigore</span> <span class='ocrx_word' id='word_1_29' title='bbox 479 521 649 560; x_wconf 74' lang='lat' dir='ltr'>affectus</span> <span class='ocrx_word' id='word_1_30' title='bbox 686 517 944 569; x_wconf 81' lang='lat' dir='ltr'>distinctum,</span> <span class='ocrx_word' id='word_1_31' title='bbox 993 519 1065 558; x_wconf 88' lang='lat' dir='ltr'>sed</span> <span class='ocrx_word' id='word_1_32' title='bbox 1102 519 1224 558; x_wconf 78' lang='lat' dir='ltr'>etiam</span> <span class='ocrx_word' id='word_1_33' title='bbox 1261 519 1455 559; x_wconf 80' lang='lat' dir='ltr'>varietate</span> <span class='ocrx_word' id='word_1_34' title='bbox 1497 520 1654 570; x_wconf 79' lang='lat' dir='ltr'>egregia</span> 
     </span>
     <span class='ocr_line' id='line_1_6' title="bbox 297 594 1654 649; baseline 0 -15"><span class='ocrx_word' id='word_1_35' title='bbox 297 596 474 649; x_wconf 85' lang='lat' dir='ltr'>partium</span> <span class='ocrx_word' id='word_1_36' title='bbox 507 605 546 635; x_wconf 89' lang='lat' dir='ltr'>et</span> <span class='ocrx_word' id='word_1_37' title='bbox 574 597 783 644; x_wconf 84' lang='lat' dir='ltr'>locorum,</span> <span class='ocrx_word' id='word_1_38' title='bbox 825 595 958 647; x_wconf 88' lang='lat' dir='ltr'>sitque</span> <span class='ocrx_word' id='word_1_39' title='bbox 988 594 1065 633; x_wconf 88' lang='lat' dir='ltr'>tibi</span> <span class='ocrx_word' id='word_1_40' title='bbox 1098 595 1176 633; x_wconf 89' lang='lat' dir='ltr'>hoc</span> <span class='ocrx_word' id='word_1_41' title='bbox 1211 607 1366 634; x_wconf 84' lang='lat' dir='ltr'>novum</span> <span class='ocrx_word' id='word_1_42' title='bbox 1398 595 1654 634; x_wconf 82' lang='lat' dir='ltr'>luculentum</span> 
     </span>
     <span class='ocr_line' id='line_1_7' title="bbox 299 668 1656 723; baseline 0.001 -14"><span class='ocrx_word' id='word_1_43' title='bbox 299 672 535 723; x_wconf 71' lang='lat' dir='ltr'>exemplum</span> <span class='ocrx_word' id='word_1_44' title='bbox 570 668 801 722; x_wconf 75' lang='lat' dir='ltr'>grandiOrIs</span> <span class='ocrx_word' id='word_1_45' title='bbox 841 669 1172 721; x_wconf 80' lang='lat' dir='ltr'><strong>compositionis,</strong></span> <span class='ocrx_word' id='word_1_46' title='bbox 1212 668 1286 707; x_wconf 89' lang='lat' dir='ltr'>ubi</span> <span class='ocrx_word' id='word_1_47' title='bbox 1319 677 1456 721; x_wconf 80' lang='lat' dir='ltr'>partes</span> <span class='ocrx_word' id='word_1_48' title='bbox 1488 677 1525 710; x_wconf 81' lang='lat' dir='ltr'>el</span> <span class='ocrx_word' id='word_1_49' title='bbox 1562 684 1656 723; x_wconf 85' lang='lat' dir='ltr'>par-</span> 
     </span>
     <span class='ocr_line' id='line_1_8' title="bbox 300 743 1657 800; baseline -0.002 -13"><span class='ocrx_word' id='word_1_50' title='bbox 300 750 403 787; x_wconf 79' lang='lat' dir='ltr'>tium</span> <span class='ocrx_word' id='word_1_51' title='bbox 433 755 569 800; x_wconf 83' lang='lat' dir='ltr'>partes</span> <span class='ocrx_word' id='word_1_52' title='bbox 596 743 655 786; x_wconf 85' lang='lat' dir='ltr'>ita</span> <span class='ocrx_word' id='word_1_53' title='bbox 685 744 929 795; x_wconf 73' lang='lat' dir='ltr'>adornatae,</span> <span class='ocrx_word' id='word_1_54' title='bbox 960 753 1005 785; x_wconf 91' lang='lat' dir='ltr'>ut</span> <span class='ocrx_word' id='word_1_55' title='bbox 1030 753 1165 786; x_wconf 83' lang='lat' dir='ltr'>totum</span> <span class='ocrx_word' id='word_1_56' title='bbox 1194 744 1396 785; x_wconf 72' lang='lat' dir='ltr'>exstiterit</span> <span class='ocrx_word' id='word_1_57' title='bbox 1418 758 1494 798; x_wconf 86' lang='lat' dir='ltr'>per</span> <span class='ocrx_word' id='word_1_58' title='bbox 1517 746 1657 785; x_wconf 88' lang='lat' dir='ltr'>onmia</span> 
     </span>
     <span class='ocr_line' id='line_1_9' title="bbox 298 820 1657 875; baseline -0.001 -13"><span class='ocrx_word' id='word_1_59' title='bbox 298 823 487 862; x_wconf 87' lang='lat' dir='ltr'>membra</span> <span class='ocrx_word' id='word_1_60' title='bbox 515 823 788 875; x_wconf 82' lang='lat' dir='ltr'>pulcherrime</span> <span class='ocrx_word' id='word_1_61' title='bbox 819 830 1032 863; x_wconf 74' lang='lat' dir='ltr'>structum.</span> <span class='ocrx_word' id='word_1_62' title='bbox 1058 845 1114 851; x_wconf 91' lang='lat'>-—</span> <span class='ocrx_word' id='word_1_63' title='bbox 1174 820 1348 863; x_wconf 84' lang='lat' dir='ltr'>Claudat</span> <span class='ocrx_word' id='word_1_64' title='bbox 1376 823 1480 862; x_wconf 87' lang='lat' dir='ltr'>hanc</span> <span class='ocrx_word' id='word_1_65' title='bbox 1509 822 1657 862; x_wconf 87' lang='lat' dir='ltr'>seriem</span> 
     </span>
     <span class='ocr_line' id='line_1_10' title="bbox 302 896 1658 953; baseline -0.001 -15"><span class='ocrx_word' id='word_1_66' title='bbox 302 900 429 952; x_wconf 83' lang='lat' dir='ltr'>elegia</span> <span class='ocrx_word' id='word_1_67' title='bbox 460 901 492 950; x_wconf 91' lang='lat' dir='ltr'>I,</span> <span class='ocrx_word' id='word_1_68' title='bbox 515 903 553 941; x_wconf 85' lang='lat'>3.</span> <span class='ocrx_word' id='word_1_69' title='bbox 583 900 799 949; x_wconf 86' lang='lat' dir='ltr'>Tibullus,</span> <span class='ocrx_word' id='word_1_70' title='bbox 839 914 962 953; x_wconf 84' lang='lat' dir='ltr'>quem</span> <span class='ocrx_word' id='word_1_71' title='bbox 991 901 1162 940; x_wconf 86' lang='lat' dir='ltr'><strong>morbus</strong></span> <span class='ocrx_word' id='word_1_72' title='bbox 1194 899 1453 952; x_wconf 86' lang='lat' dir='ltr'>corripuerat</span> <span class='ocrx_word' id='word_1_73' title='bbox 1480 898 1523 938; x_wconf 89' lang='lat' dir='ltr'>in</span> <span class='ocrx_word' id='word_1_74' title='bbox 1554 896 1658 937; x_wconf 89' lang='lat' dir='ltr'>Cor-</span> 
     </span>
     <span class='ocr_line' id='line_1_11' title="bbox 300 976 1658 1030; baseline -0.004 -13"><span class='ocrx_word' id='word_1_75' title='bbox 300 992 420 1030; x_wconf 85' lang='lat' dir='ltr'>cyra,</span> <span class='ocrx_word' id='word_1_76' title='bbox 463 985 637 1017; x_wconf 84' lang='lat' dir='ltr'>mortem</span> <span class='ocrx_word' id='word_1_77' title='bbox 670 978 817 1016; x_wconf 84' lang='lat' dir='ltr'>timens</span> <span class='ocrx_word' id='word_1_78' title='bbox 850 978 892 1016; x_wconf 88' lang='lat' dir='ltr'>in</span> <span class='ocrx_word' id='word_1_79' title='bbox 924 977 1141 1029; x_wconf 83' lang='lat' dir='ltr'>peregrina</span> <span class='ocrx_word' id='word_1_80' title='bbox 1178 984 1285 1015; x_wconf 88' lang='lat' dir='ltr'>terra</span> <span class='ocrx_word' id='word_1_81' title='bbox 1322 976 1469 1027; x_wconf 89' lang='lat' dir='ltr'>procul</span> <span class='ocrx_word' id='word_1_82' title='bbox 1504 989 1527 1013; x_wconf 87' lang='lat' dir='ltr'>a</span> <span class='ocrx_word' id='word_1_83' title='bbox 1559 987 1658 1013; x_wconf 86' lang='lat' dir='ltr'>con-</span> 
     </span>
     <span class='ocr_line' id='line_1_12' title="bbox 302 1049 1658 1103; baseline -0.004 -11"><span class='ocrx_word' id='word_1_84' title='bbox 302 1051 535 1103; x_wconf 85' lang='lat' dir='ltr'>sanguineis</span> <span class='ocrx_word' id='word_1_85' title='bbox 578 1060 615 1092; x_wconf 89' lang='lat' dir='ltr'>et</span> <span class='ocrx_word' id='word_1_86' title='bbox 660 1067 684 1092; x_wconf 91' lang='lat' dir='ltr'>a</span> <span class='ocrx_word' id='word_1_87' title='bbox 720 1052 866 1091; x_wconf 81' lang='lat' dir='ltr'><strong>Deliae</strong></span> <span class='ocrx_word' id='word_1_88' title='bbox 908 1065 1069 1099; x_wconf 83' lang='lat' dir='ltr'>amore,</span> <span class='ocrx_word' id='word_1_89' title='bbox 1114 1052 1228 1090; x_wconf 79' lang='lat' dir='ltr'>luctu</span> <span class='ocrx_word' id='word_1_90' title='bbox 1266 1050 1425 1101; x_wconf 83' lang='lat' dir='ltr'>ingenti</span> <span class='ocrx_word' id='word_1_91' title='bbox 1470 1049 1658 1097; x_wconf 82' lang='lat' dir='ltr'>afficitur,</span> 
     </span>
     <span class='ocr_line' id='line_1_13' title="bbox 302 1125 1661 1181; baseline -0.001 -15"><span class='ocrx_word' id='word_1_92' title='bbox 302 1136 424 1181; x_wconf 76' lang='lat' dir='ltr'>atque</span> <span class='ocrx_word' id='word_1_93' title='bbox 457 1129 536 1167; x_wconf 91' lang='lat' dir='ltr'>hoc</span> <span class='ocrx_word' id='word_1_94' title='bbox 574 1128 887 1168; x_wconf 80' lang='lat' dir='ltr'>fundamentum</span> <span class='ocrx_word' id='word_1_95' title='bbox 927 1136 987 1168; x_wconf 88' lang='lat' dir='ltr'>est</span> <span class='ocrx_word' id='word_1_96' title='bbox 1022 1128 1257 1180; x_wconf 84' lang='lat' dir='ltr'>praeclarae</span> <span class='ocrx_word' id='word_1_97' title='bbox 1297 1127 1468 1178; x_wconf 84' lang='lat' dir='ltr'>elegiae,</span> <span class='ocrx_word' id='word_1_98' title='bbox 1510 1125 1661 1179; x_wconf 82' lang='lat' dir='ltr'>insigni</span> 
     </span>
     <span class='ocr_line' id='line_1_14' title="bbox 304 1198 1659 1256; baseline 0.001 -15"><span class='ocrx_word' id='word_1_99' title='bbox 304 1212 390 1243; x_wconf 85' lang='lat' dir='ltr'>arte</span> <span class='ocrx_word' id='word_1_100' title='bbox 422 1201 729 1255; x_wconf 82' lang='lat' dir='ltr'>compositionis</span> <span class='ocrx_word' id='word_1_101' title='bbox 766 1198 965 1256; x_wconf 75' lang='lat' dir='ltr'>paulatim</span> <span class='ocrx_word' id='word_1_102' title='bbox 998 1216 1021 1241; x_wconf 88' lang='lat' dir='ltr'>a</span> <span class='ocrx_word' id='word_1_103' title='bbox 1054 1201 1197 1243; x_wconf 87' lang='lat' dir='ltr'>dolore</span> <span class='ocrx_word' id='word_1_104' title='bbox 1228 1200 1279 1241; x_wconf 86' lang='lat' dir='ltr'>ad</span> <span class='ocrx_word' id='word_1_105' title='bbox 1311 1203 1456 1242; x_wconf 84' lang='lat' dir='ltr'>solatia</span> <span class='ocrx_word' id='word_1_106' title='bbox 1487 1210 1525 1242; x_wconf 85' lang='lat' dir='ltr'>et</span> <span class='ocrx_word' id='word_1_107' title='bbox 1553 1203 1659 1242; x_wconf 90' lang='lat' dir='ltr'>hila-</span> 
     </span>
     <span class='ocr_line' id='line_1_15' title="bbox 303 1276 1659 1330; baseline 0.001 -14"><span class='ocrx_word' id='word_1_108' title='bbox 303 1279 466 1318; x_wconf 83' lang='lat' dir='ltr'>ritatem</span> <span class='ocrx_word' id='word_1_109' title='bbox 489 1279 751 1319; x_wconf 82' lang='lat' dir='ltr'>transeuntis.</span> <span class='ocrx_word' id='word_1_110' title='bbox 809 1278 919 1317; x_wconf 86' lang='lat' dir='ltr'>Haec</span> <span class='ocrx_word' id='word_1_111' title='bbox 941 1276 1049 1317; x_wconf 90' lang='lat' dir='ltr'>enim</span> <span class='ocrx_word' id='word_1_112' title='bbox 1074 1278 1243 1330; x_wconf 86' lang='lat' dir='ltr'>propria</span> <span class='ocrx_word' id='word_1_113' title='bbox 1269 1277 1357 1318; x_wconf 86' lang='lat' dir='ltr'>eius</span> <span class='ocrx_word' id='word_1_114' title='bbox 1382 1278 1526 1318; x_wconf 74' lang='lat' dir='ltr'>virtus.</span> <span class='ocrx_word' id='word_1_115' title='bbox 1583 1277 1659 1317; x_wconf 82' lang='lat' dir='ltr'>At-</span> 
     </span>
     <span class='ocr_line' id='line_1_16' title="bbox 305 1350 1659 1405; baseline -0.001 -13"><span class='ocrx_word' id='word_1_116' title='bbox 305 1366 386 1405; x_wconf 87' lang='lat' dir='ltr'>que</span> <span class='ocrx_word' id='word_1_117' title='bbox 412 1351 629 1392; x_wconf 84' lang='lat' dir='ltr'>exordium</span> <span class='ocrx_word' id='word_1_118' title='bbox 654 1352 791 1404; x_wconf 89' lang='lat' dir='ltr'>ipsum</span> <span class='ocrx_word' id='word_1_119' title='bbox 815 1350 1112 1404; x_wconf 79' lang='lat' dir='ltr'>deplorabilem</span> <span class='ocrx_word' id='word_1_120' title='bbox 1135 1360 1286 1391; x_wconf 86' lang='lat' dir='ltr'>statum</span> <span class='ocrx_word' id='word_1_121' title='bbox 1312 1361 1456 1405; x_wconf 80' lang='lat' dir='ltr'>poetae</span> <span class='ocrx_word' id='word_1_122' title='bbox 1479 1354 1659 1392; x_wconf 87' lang='lat' dir='ltr'>luctum-</span> 
     </span>
     <span class='ocr_line' id='line_1_17' title="bbox 305 1427 1657 1483; baseline 0.001 -16"><span class='ocrx_word' id='word_1_123' title='bbox 305 1441 388 1480; x_wconf 85' lang='lat' dir='ltr'>que</span> <span class='ocrx_word' id='word_1_124' title='bbox 417 1427 601 1468; x_wconf 80' lang='lat' dir='ltr'>tristibus</span> <span class='ocrx_word' id='word_1_125' title='bbox 631 1429 767 1469; x_wconf 84' lang='lat' dir='ltr'>verbis</span> <span class='ocrx_word' id='word_1_126' title='bbox 791 1430 975 1480; x_wconf 80' lang='lat' dir='ltr'>exponit.</span> <span class='ocrx_word' id='word_1_127' title='bbox 1032 1429 1140 1468; x_wconf 90' lang='lat' dir='ltr'>Tum</span> <span class='ocrx_word' id='word_1_128' title='bbox 1165 1429 1286 1469; x_wconf 79' lang='lat' dir='ltr'>latius</span> <span class='ocrx_word' id='word_1_129' title='bbox 1314 1428 1463 1469; x_wconf 81' lang='lat' dir='ltr'>diffusa</span> <span class='ocrx_word' id='word_1_130' title='bbox 1492 1431 1657 1483; x_wconf 86' lang='lat' dir='ltr'>querela</span> 
     </span>
     <span class='ocr_line' id='line_1_18' title="bbox 305 1503 1660 1557; baseline -0.001 -13"><span class='ocrx_word' id='word_1_131' title='bbox 305 1503 355 1544; x_wconf 85' lang='lat' dir='ltr'>ad</span> <span class='ocrx_word' id='word_1_132' title='bbox 387 1518 527 1545; x_wconf 82' lang='lat' dir='ltr'>causas</span> <span class='ocrx_word' id='word_1_133' title='bbox 558 1512 597 1543; x_wconf 89' lang='lat' dir='ltr'>et</span> <span class='ocrx_word' id='word_1_134' title='bbox 627 1505 761 1545; x_wconf 86' lang='lat' dir='ltr'>sontes</span> <span class='ocrx_word' id='word_1_135' title='bbox 791 1505 980 1545; x_wconf 82' lang='lat' dir='ltr'>miseriae</span> <span class='ocrx_word' id='word_1_136' title='bbox 1009 1504 1136 1554; x_wconf 87' lang='lat' dir='ltr'>redit,</span> <span class='ocrx_word' id='word_1_137' title='bbox 1167 1513 1213 1544; x_wconf 88' lang='lat' dir='ltr'>ut</span> <span class='ocrx_word' id='word_1_138' title='bbox 1240 1505 1306 1555; x_wconf 81' lang='lat' dir='ltr'>fit,</span> <span class='ocrx_word' id='word_1_139' title='bbox 1338 1504 1382 1543; x_wconf 88' lang='lat' dir='ltr'>in</span> <span class='ocrx_word' id='word_1_140' title='bbox 1413 1517 1496 1557; x_wconf 91' lang='lat' dir='ltr'>quo</span> <span class='ocrx_word' id='word_1_141' title='bbox 1527 1505 1660 1556; x_wconf 87' lang='lat' dir='ltr'>phan-</span> 
     </span>
     <span class='ocr_line' id='line_1_19' title="bbox 306 1580 1661 1637; baseline -0.001 -15"><span class='ocrx_word' id='word_1_142' title='bbox 306 1581 406 1622; x_wconf 85' lang='lat' dir='ltr'>tasia</span> <span class='ocrx_word' id='word_1_143' title='bbox 442 1590 587 1634; x_wconf 85' lang='lat' dir='ltr'>poetae</span> <span class='ocrx_word' id='word_1_144' title='bbox 623 1584 760 1622; x_wconf 88' lang='lat' dir='ltr'>omnia</span> <span class='ocrx_word' id='word_1_145' title='bbox 797 1584 944 1636; x_wconf 84' lang='lat' dir='ltr'>tangit,</span> <span class='ocrx_word' id='word_1_146' title='bbox 987 1598 1093 1637; x_wconf 87' lang='lat' dir='ltr'>quae</span> <span class='ocrx_word' id='word_1_147' title='bbox 1127 1582 1252 1622; x_wconf 84' lang='lat' dir='ltr'>huius</span> <span class='ocrx_word' id='word_1_148' title='bbox 1289 1582 1370 1623; x_wconf 91' lang='lat' dir='ltr'>loci</span> <span class='ocrx_word' id='word_1_149' title='bbox 1399 1580 1661 1631; x_wconf 79' lang='lat' dir='ltr'>videbantur,</span> 
     </span>
     <span class='ocr_line' id='line_1_20' title="bbox 306 1658 1708 1717; baseline 0 -19"><span class='ocrx_word' id='word_1_150' title='bbox 306 1673 329 1698; x_wconf 84' lang='lat' dir='ltr'>a</span> <span class='ocrx_word' id='word_1_151' title='bbox 369 1658 569 1711; x_wconf 85' lang='lat' dir='ltr'>proximis</span> <span class='ocrx_word' id='word_1_152' title='bbox 610 1667 651 1699; x_wconf 87' lang='lat' dir='ltr'>et</span> <span class='ocrx_word' id='word_1_153' title='bbox 690 1661 935 1713; x_wconf 84' lang='lat' dir='ltr'>specialibus</span> <span class='ocrx_word' id='word_1_154' title='bbox 975 1660 1026 1701; x_wconf 87' lang='lat' dir='ltr'>ad</span> <span class='ocrx_word' id='word_1_155' title='bbox 1064 1660 1290 1701; x_wconf 84' lang='lat' dir='ltr'>remotiora</span> <span class='ocrx_word' id='word_1_156' title='bbox 1328 1667 1368 1699; x_wconf 91' lang='lat' dir='ltr'>et</span> <span class='ocrx_word' id='word_1_157' title='bbox 1405 1661 1661 1712; x_wconf 85' lang='lat' dir='ltr'>generaliora</span> <span class='ocrx_word' id='word_1_158' title='bbox 1706 1714 1708 1717; x_wconf 16' lang='lat'><em>7</em></span> 
     </span>
     <span class='ocr_line' id='line_1_21' title="bbox 304 1733 1659 1787; baseline 0.001 -14"><span class='ocrx_word' id='word_1_159' title='bbox 304 1733 572 1787; x_wconf 84' lang='lat' dir='ltr'>progrediens</span> <span class='ocrx_word' id='word_1_160' title='bbox 602 1749 678 1787; x_wconf 86' lang='lat' dir='ltr'>per</span> <span class='ocrx_word' id='word_1_161' title='bbox 705 1735 1001 1787; x_wconf 85' lang='lat' dir='ltr'>gradationem.</span> <span class='ocrx_word' id='word_1_162' title='bbox 1057 1737 1243 1776; x_wconf 89' lang='lat' dir='ltr'>Primum</span> <span class='ocrx_word' id='word_1_163' title='bbox 1274 1735 1382 1774; x_wconf 88' lang='lat' dir='ltr'>enim</span> <span class='ocrx_word' id='word_1_164' title='bbox 1415 1748 1457 1774; x_wconf 86' lang='lat' dir='ltr'>se</span> <span class='ocrx_word' id='word_1_165' title='bbox 1487 1742 1659 1785; x_wconf 84' lang='lat' dir='ltr'>accusat,</span> 
     </span>
     <span class='ocr_line' id='line_1_22' title="bbox 306 1808 1660 1863; baseline 0.001 -15"><span class='ocrx_word' id='word_1_166' title='bbox 306 1808 420 1863; x_wconf 87' lang='lat' dir='ltr'>quod</span> <span class='ocrx_word' id='word_1_167' title='bbox 447 1823 534 1849; x_wconf 89' lang='lat' dir='ltr'>non</span> <span class='ocrx_word' id='word_1_168' title='bbox 552 1811 782 1850; x_wconf 66' lang='lat' dir='ltr'>‘obsecutus</span> <span class='ocrx_word' id='word_1_169' title='bbox 810 1811 956 1850; x_wconf 87' lang='lat' dir='ltr'>Deliae</span> <span class='ocrx_word' id='word_1_170' title='bbox 987 1811 1120 1851; x_wconf 86' lang='lat' dir='ltr'>amori</span> <span class='ocrx_word' id='word_1_171' title='bbox 1150 1824 1224 1849; x_wconf 89' lang='lat' dir='ltr'>nec</span> <span class='ocrx_word' id='word_1_172' title='bbox 1255 1824 1352 1850; x_wconf 89' lang='lat' dir='ltr'>suae</span> <span class='ocrx_word' id='word_1_173' title='bbox 1379 1810 1507 1863; x_wconf 89' lang='lat' dir='ltr'>ipsius</span> <span class='ocrx_word' id='word_1_174' title='bbox 1537 1823 1660 1862; x_wconf 88' lang='lat' dir='ltr'>prae-</span> 
     </span>
     <span class='ocr_line' id='line_1_23' title="bbox 307 1884 1659 1936; baseline 0.001 -12"><span class='ocrx_word' id='word_1_175' title='bbox 307 1884 490 1924; x_wconf 86' lang='lat' dir='ltr'>sensioni</span> <span class='ocrx_word' id='word_1_176' title='bbox 515 1886 647 1925; x_wconf 85' lang='lat' dir='ltr'>invito</span> <span class='ocrx_word' id='word_1_177' title='bbox 683 1887 837 1925; x_wconf 89' lang='lat' dir='ltr'>Amore</span> <span class='ocrx_word' id='word_1_178' title='bbox 873 1887 1042 1936; x_wconf 85' lang='lat' dir='ltr'>abierit;</span> <span class='ocrx_word' id='word_1_179' title='bbox 1085 1884 1232 1925; x_wconf 88' lang='lat' dir='ltr'>deinde</span> <span class='ocrx_word' id='word_1_180' title='bbox 1261 1885 1411 1925; x_wconf 90' lang='lat' dir='ltr'>Isidem</span> <span class='ocrx_word' id='word_1_181' title='bbox 1444 1892 1605 1924; x_wconf 81' lang='lat' dir='ltr'>accusat</span> <span class='ocrx_word' id='word_1_182' title='bbox 1635 1900 1659 1925; x_wconf 88' lang='lat' dir='ltr'>a</span> 
     </span>
     <span class='ocr_line' id='line_1_24' title="bbox 306 1959 1659 2012; baseline 0.001 -14"><span class='ocrx_word' id='word_1_183' title='bbox 306 1960 428 1999; x_wconf 86' lang='lat' dir='ltr'>Delia</span> <span class='ocrx_word' id='word_1_184' title='bbox 461 1960 744 2012; x_wconf 85' lang='lat' dir='ltr'>maximopere</span> <span class='ocrx_word' id='word_1_185' title='bbox 782 1962 955 2010; x_wconf 78' lang='lat' dir='ltr'>cultam,</span> <span class='ocrx_word' id='word_1_186' title='bbox 997 1961 1113 1999; x_wconf 87' lang='lat' dir='ltr'>cuius</span> <span class='ocrx_word' id='word_1_187' title='bbox 1147 1960 1303 1998; x_wconf 83' lang='lat' dir='ltr'>auxilio</span> <span class='ocrx_word' id='word_1_188' title='bbox 1334 1959 1510 1999; x_wconf 87' lang='lat' dir='ltr'>confisus</span> <span class='ocrx_word' id='word_1_189' title='bbox 1543 1961 1659 1999; x_wconf 91' lang='lat' dir='ltr'>inco-</span> 
     </span>
     <span class='ocr_line' id='line_1_25' title="bbox 305 2033 1657 2088; baseline 0 -14"><span class='ocrx_word' id='word_1_190' title='bbox 305 2035 530 2075; x_wconf 77' lang='lat' dir='ltr'>lumitatem</span> <span class='ocrx_word' id='word_1_191' title='bbox 570 2036 613 2075; x_wconf 87' lang='lat' dir='ltr'>in</span> <span class='ocrx_word' id='word_1_192' title='bbox 652 2035 800 2074; x_wconf 86' lang='lat' dir='ltr'>itinere</span> <span class='ocrx_word' id='word_1_193' title='bbox 840 2043 1099 2087; x_wconf 87' lang='lat' dir='ltr'>speraverat3</span> <span class='ocrx_word' id='word_1_194' title='bbox 1150 2033 1329 2088; x_wconf 87' lang='lat' dir='ltr'>denique</span> <span class='ocrx_word' id='word_1_195' title='bbox 1369 2042 1542 2074; x_wconf 81' lang='lat' dir='ltr'>aetatem</span> <span class='ocrx_word' id='word_1_196' title='bbox 1581 2036 1657 2074; x_wconf 89' lang='lat' dir='ltr'>sub</span> 
     </span>
     <span class='ocr_line' id='line_1_26' title="bbox 306 2104 1658 2164; baseline -0.002 -13"><span class='ocrx_word' id='word_1_197' title='bbox 306 2113 403 2152; x_wconf 86' lang='lat' dir='ltr'>love</span> <span class='ocrx_word' id='word_1_198' title='bbox 434 2104 692 2163; x_wconf 72' lang='lat' dir='ltr'>praesentem</span> <span class='ocrx_word' id='word_1_199' title='bbox 722 2119 904 2159; x_wconf 84' lang='lat' dir='ltr'>accusat,</span> <span class='ocrx_word' id='word_1_200' title='bbox 940 2124 1044 2164; x_wconf 89' lang='lat' dir='ltr'>quae</span> <span class='ocrx_word' id='word_1_201' title='bbox 1073 2109 1254 2149; x_wconf 83' lang='lat' dir='ltr'>habendi</span> <span class='ocrx_word' id='word_1_202' title='bbox 1283 2108 1495 2161; x_wconf 83' lang='lat' dir='ltr'>cupiditati</span> <span class='ocrx_word' id='word_1_203' title='bbox 1524 2108 1658 2150; x_wconf 86' lang='lat' dir='ltr'>dedita</span> 
     </span>
     <span class='ocr_line' id='line_1_27' title="bbox 305 2183 1657 2239; baseline -0.001 -14"><span class='ocrx_word' id='word_1_204' title='bbox 305 2187 422 2226; x_wconf 90' lang='lat' dir='ltr'>bellis</span> <span class='ocrx_word' id='word_1_205' title='bbox 457 2200 619 2239; x_wconf 85' lang='lat' dir='ltr'>semper</span> <span class='ocrx_word' id='word_1_206' title='bbox 647 2185 840 2238; x_wconf 80' lang='lat' dir='ltr'>gaudeat,</span> <span class='ocrx_word' id='word_1_207' title='bbox 881 2185 993 2225; x_wconf 87' lang='lat' dir='ltr'>unde</span> <span class='ocrx_word' id='word_1_208' title='bbox 1021 2186 1132 2224; x_wconf 90' lang='lat' dir='ltr'>mille</span> <span class='ocrx_word' id='word_1_209' title='bbox 1163 2185 1307 2225; x_wconf 84' lang='lat' dir='ltr'>mortis</span> <span class='ocrx_word' id='word_1_210' title='bbox 1336 2185 1447 2233; x_wconf 85' lang='lat' dir='ltr'>viae,</span> <span class='ocrx_word' id='word_1_211' title='bbox 1484 2183 1657 2223; x_wconf 87' lang='lat' dir='ltr'>laudans</span> 
     </span>
     <span class='ocr_line' id='line_1_28' title="bbox 307 2260 1657 2314; baseline -0.004 -11"><span class='ocrx_word' id='word_1_212' title='bbox 307 2271 450 2303; x_wconf 79' lang='lat' dir='ltr'>contra</span> <span class='ocrx_word' id='word_1_213' title='bbox 487 2276 662 2303; x_wconf 89' lang='lat' dir='ltr'>aureum</span> <span class='ocrx_word' id='word_1_214' title='bbox 698 2263 922 2301; x_wconf 87' lang='lat' dir='ltr'>saeculum.</span> <span class='ocrx_word' id='word_1_215' title='bbox 990 2262 1128 2314; x_wconf 84' lang='lat' dir='ltr'>Atque</span> <span class='ocrx_word' id='word_1_216' title='bbox 1165 2261 1266 2300; x_wconf 89' lang='lat' dir='ltr'>haec</span> <span class='ocrx_word' id='word_1_217' title='bbox 1299 2260 1433 2312; x_wconf 88' lang='lat' dir='ltr'>prima</span> <span class='ocrx_word' id='word_1_218' title='bbox 1468 2272 1564 2311; x_wconf 87' lang='lat' dir='ltr'>pars</span> <span class='ocrx_word' id='word_1_219' title='bbox 1598 2267 1657 2297; x_wconf 89' lang='lat' dir='ltr'>est</span> 
     </span>
     <span class='ocr_line' id='line_1_29' title="bbox 304 2334 1656 2387; baseline -0.002 -11"><span class='ocrx_word' id='word_1_220' title='bbox 304 2344 392 2378; x_wconf 78' lang='lat' dir='ltr'>tota</span> <span class='ocrx_word' id='word_1_221' title='bbox 426 2336 586 2377; x_wconf 82' lang='lat' dir='ltr'>flebilis.</span> <span class='ocrx_word' id='word_1_222' title='bbox 651 2338 738 2377; x_wconf 90' lang='lat' dir='ltr'>Iam</span> <span class='ocrx_word' id='word_1_223' title='bbox 773 2335 867 2377; x_wconf 77' lang='lat' dir='ltr'>vide</span> <span class='ocrx_word' id='word_1_224' title='bbox 904 2343 948 2374; x_wconf 91' lang='lat' dir='ltr'>ut</span> <span class='ocrx_word' id='word_1_225' title='bbox 979 2336 1123 2376; x_wconf 84' lang='lat' dir='ltr'>solatia</span> <span class='ocrx_word' id='word_1_226' title='bbox 1160 2335 1461 2387; x_wconf 80' lang='lat' dir='ltr'>circumspiciat</span> <span class='ocrx_word' id='word_1_227' title='bbox 1496 2334 1656 2373; x_wconf 88' lang='lat' dir='ltr'>animus</span> 
     </span>
     <span class='ocr_line' id='line_1_30' title="bbox 306 2409 1657 2466; baseline -0.001 -15"><span class='ocrx_word' id='word_1_228' title='bbox 306 2426 424 2464; x_wconf 82' lang='lat' dir='ltr'>aeger</span> <span class='ocrx_word' id='word_1_229' title='bbox 461 2421 499 2452; x_wconf 88' lang='lat' dir='ltr'>et</span> <span class='ocrx_word' id='word_1_230' title='bbox 535 2414 718 2453; x_wconf 85' lang='lat' dir='ltr'>fomenta</span> <span class='ocrx_word' id='word_1_231' title='bbox 755 2416 903 2454; x_wconf 83' lang='lat' dir='ltr'>luctus.</span> <span class='ocrx_word' id='word_1_232' title='bbox 967 2413 1026 2454; x_wconf 92' lang='lat' dir='ltr'>Ac</span> <span class='ocrx_word' id='word_1_233' title='bbox 1064 2414 1244 2466; x_wconf 84' lang='lat' dir='ltr'>primum</span> <span class='ocrx_word' id='word_1_234' title='bbox 1283 2409 1334 2451; x_wconf 87' lang='lat' dir='ltr'>ad</span> <span class='ocrx_word' id='word_1_235' title='bbox 1369 2411 1531 2450; x_wconf 85' lang='lat' dir='ltr'>inferna</span> <span class='ocrx_word' id='word_1_236' title='bbox 1565 2410 1657 2450; x_wconf 83' lang='lat' dir='ltr'>loca</span> 
     </span>
     <span class='ocr_line' id='line_1_31' title="bbox 305 2489 1655 2544; baseline -0.001 -16"><span class='ocrx_word' id='word_1_237' title='bbox 305 2489 493 2541; x_wconf 77' lang='lat' dir='ltr'>cogitatio</span> <span class='ocrx_word' id='word_1_238' title='bbox 531 2492 697 2541; x_wconf 74' lang='lat' dir='ltr'>transit,</span> <span class='ocrx_word' id='word_1_239' title='bbox 741 2506 845 2544; x_wconf 85' lang='lat' dir='ltr'>quae</span> <span class='ocrx_word' id='word_1_240' title='bbox 876 2505 943 2531; x_wconf 85' lang='lat' dir='ltr'>res</span> <span class='ocrx_word' id='word_1_241' title='bbox 976 2491 1165 2544; x_wconf 75' lang='lat' dir='ltr'>proxime</span> <span class='ocrx_word' id='word_1_242' title='bbox 1197 2489 1415 2530; x_wconf 87' lang='lat' dir='ltr'>coniuncta</span> <span class='ocrx_word' id='word_1_243' title='bbox 1445 2493 1503 2526; x_wconf 79' lang='lat' dir='ltr'>est</span> <span class='ocrx_word' id='word_1_244' title='bbox 1541 2495 1655 2526; x_wconf 82' lang='lat' dir='ltr'>ante-</span> 
     </span>
     <span class='ocr_line' id='line_1_32' title="bbox 304 2563 1655 2621; baseline -0.004 -16"><span class='ocrx_word' id='word_1_245' title='bbox 304 2565 462 2606; x_wconf 84' lang='lat' dir='ltr'>cedenti</span> <span class='ocrx_word' id='word_1_246' title='bbox 493 2568 708 2619; x_wconf 86' lang='lat' dir='ltr'>querelae:</span> <span class='ocrx_word' id='word_1_247' title='bbox 748 2567 895 2621; x_wconf 88' lang='lat' dir='ltr'>quodsi</span> <span class='ocrx_word' id='word_1_248' title='bbox 925 2567 1185 2608; x_wconf 89' lang='lat' dir='ltr'>moriendum</span> <span class='ocrx_word' id='word_1_249' title='bbox 1215 2574 1297 2609; x_wconf 83' lang='lat' dir='ltr'>est,</span> <span class='ocrx_word' id='word_1_250' title='bbox 1330 2564 1407 2612; x_wconf 86' lang='lat' dir='ltr'>ait,</span> <span class='ocrx_word' id='word_1_251' title='bbox 1442 2564 1580 2602; x_wconf 88' lang='lat' dir='ltr'>Venus</span> <span class='ocrx_word' id='word_1_252' title='bbox 1612 2563 1655 2600; x_wconf 86' lang='lat' dir='ltr'>iu</span> 
     </span>
    </p>
   </div>
   <div class='ocr_carea' id='block_1_3' title="bbox 302 2637 1654 2695">
    <p class='ocr_par' dir='ltr' id='par_1_3' title="bbox 302 2637 1654 2695">
     <span class='ocr_line' id='line_1_33' title="bbox 302 2637 1654 2695; baseline -0.003 -15"><span class='ocrx_word' id='word_1_253' title='bbox 302 2642 485 2695; x_wconf 78' lang='lat' dir='ltr'>Elysium</span> <span class='ocrx_word' id='word_1_254' title='bbox 514 2655 577 2681; x_wconf 87' lang='lat' dir='ltr'>mc</span> <span class='ocrx_word' id='word_1_255' title='bbox 609 2641 749 2691; x_wconf 73' lang='lat' dir='ltr'>ducet,</span> <span class='ocrx_word' id='word_1_256' title='bbox 791 2643 937 2684; x_wconf 85' lang='lat' dir='ltr'>rivales</span> <span class='ocrx_word' id='word_1_257' title='bbox 971 2651 1126 2691; x_wconf 78' lang='lat' dir='ltr'>autem,</span> <span class='ocrx_word' id='word_1_258' title='bbox 1167 2641 1239 2694; x_wconf 89' lang='lat' dir='ltr'>qui</span> <span class='ocrx_word' id='word_1_259' title='bbox 1274 2640 1449 2691; x_wconf 78' lang='lat' dir='ltr'>maligna</span> <span class='ocrx_word' id='word_1_260' title='bbox 1479 2637 1654 2677; x_wconf 81' lang='lat' dir='ltr'>fascina-</span> 
     </span>
    </p>
   </div>
  </div>
 </body>
</html>
