1721 2953
281 197 331 222 cx
822 180 896 219 DE
931 178 1085 222 POESI

277 307 374 346 pars
414 292 707 335 sollicitudines
747 292 796 332 de
836 294 1135 345 incolumitate,
1178 298 1306 336 salute
1340 298 1485 347 habet,
1526 298 1629 338 allo-

278 373 418 426 quitur
438 373 572 424 puella
595 384 741 423 aprum
764 385 816 411 ne
838 382 983 414 noceat
1005 381 1151 423 amato,
1179 371 1401 413 detestatur
1422 381 1628 413 crescente

276 449 425 488 affectu
464 448 586 488 silvas
626 454 663 485 et
702 448 985 497 venationem,
1034 455 1079 487 ut
1120 449 1298 488 solemus
1337 448 1457 489 irasci
1498 447 1628 486 causis

274 524 569 577 periculorum.
626 519 737 569 Quid
765 535 865 562 vero
894 523 938 561 in
969 524 1098 562 altera
1133 530 1248 574 parte
1279 520 1407 562 dicit?
1464 522 1629 562 Nihilo-

275 600 428 649 minus,
459 597 531 647 ait,
564 599 630 638 vel
651 598 728 637 ista
749 597 872 639 modo
898 598 1093 639 detestata
1116 598 1378 638 incommoda
1398 599 1630 639 venationis

274 675 423 713 lubens
461 674 636 725 ferrem,
687 674 721 713 si
761 673 886 714 modo
933 690 1026 715 cum
1065 684 1198 714 amato
1239 688 1369 713 essem
1410 682 1451 714 et
1491 689 1629 715 amore

276 750 362 790 eius
393 750 572 799 fruerer3
604 763 714 788 nunc
744 757 880 789 autem
910 750 1141 803 zelotypiae
1170 758 1284 789 metu
1314 749 1407 801 angi
1435 763 1477 790 se
1506 751 1630 801 signi-

275 822 393 875 ficat,
419 838 472 864 ne
503 824 582 863 alia
610 824 716 864 forte
745 824 827 864 illic
857 825 1010 863 semina
1039 826 1236 877 subrepat
1266 826 1402 866 favori
1429 825 1630 866 Cerinthi.

274 899 403 941 Vides
435 899 535 953 quid
565 914 629 940 res
658 900 732 939 sit:
772 914 857 939 non
886 902 1024 940 thema
1057 901 1174 952 prior
1203 916 1297 954 pars
1328 903 1474 951 habet,
1517 900 1630 955 quod

275 976 452 1028 explicet
476 978 620 1025 altera,
650 991 725 1017 nec
749 980 1015 1031 persequitur
1039 980 1159 1026 haec,
1189 992 1291 1031 quas
1316 980 1433 1030 prior
1459 980 1631 1030 exponit

275 1050 589 1101 sollicitudines,
635 1051 706 1090 sed
740 1053 820 1091 alio
857 1065 967 1093 novo
1001 1053 1124 1093 modo
1161 1053 1345 1105 depingit
1381 1052 1630 1094 desiderium

276 1129 449 1168 amantis
482 1130 666 1180 puellae,
707 1128 817 1168 aliud
851 1143 1007 1170 novum
1038 1131 1192 1170 doloris
1221 1140 1473 1170 momentum
1506 1131 1629 1171 addit.

274 1203 420 1242 Exitus
457 1202 635 1256 denique
675 1204 813 1242 onmia
842 1212 939 1245 vota
979 1207 1251 1257 complectens
1287 1206 1478 1245 hortatur
1511 1206 1629 1247 iuve-

276 1295 394 1330 nem,
426 1288 471 1319 ut
501 1293 626 1332 quam
657 1282 835 1331 primum
865 1290 1052 1322 recurrat
1080 1283 1123 1321 in
1154 1283 1290 1322 sinum
1323 1285 1485 1335 puellae
1516 1296 1628 1322 suae.

275 1356 453 1396 Carmen
490 1364 703 1407 praeterea
739 1357 952 1396 luculento
992 1360 1184 1409 exemplo
1226 1357 1423 1407 ostendit,
1475 1365 1628 1411 quanta

273 1434 342 1472 vel
369 1433 412 1471 in
444 1432 618 1483 simplici
649 1439 891 1482 argumento
922 1433 1097 1471 varietas
1126 1434 1346 1472 affectuum
1373 1433 1502 1484 possit
1529 1446 1627 1481 esse,

275 1508 325 1548 de
361 1523 444 1562 qua
479 1522 525 1547 re
561 1508 602 1546 in
639 1507 953 1546 Commentariis
991 1506 1090 1546 dixi.
1158 1505 1266 1547 Vide
1306 1521 1416 1546 nunc
1456 1506 1626 1545 eandem

275 1589 448 1627 sormam
490 1585 797 1637 compositionis
839 1586 882 1624 in
925 1586 1104 1624 carmine
1147 1586 1228 1635 IV,
1261 1585 1302 1624 4.
1378 1584 1626 1635 Aegrotante

273 1666 454 1720 Sulpicia
486 1674 608 1720 poeta
637 1666 872 1718 Apollinem
905 1665 1088 1714 invocat,
1131 1673 1170 1704 et
1201 1666 1435 1704 continetur
1468 1677 1626 1703 summa

274 1742 436 1794 elegidii
470 1741 632 1795 pulchri
668 1742 924 1793 precatione,
964 1748 1009 1779 ut
1037 1738 1250 1779 medeatur
1281 1739 1393 1779 deus.
1451 1739 1509 1779 Ac
1539 1739 1626 1791 pri-

272 1832 387 1857 mum
415 1818 580 1858 invocat
609 1815 752 1865 deum,
781 1823 826 1855 ut
854 1816 1017 1868 puellae
1048 1816 1239 1855 morbum
1269 1815 1460 1867 expellat.
1517 1814 1625 1854 Tum

272 1893 422 1932 iterum
452 1906 547 1931 eum
576 1900 695 1933 vocat
730 1905 823 1930 cum
856 1890 1162 1930 medicamentis
1193 1891 1386 1930 omnibus
1423 1899 1461 1930 et
1498 1891 1625 1930 canti-

273 1971 374 2018 bus,
416 1976 460 2007 ut
488 1967 649 2007 iuvenis
679 1965 852 2004 amanlis
883 1965 1065 2004 anxietas
1096 1967 1304 2015 solvatur,
1346 1966 1418 2017 qui
1450 1974 1625 2005 mortem

274 2053 430 2083 amatae
460 2043 638 2082 timebat.
695 2041 889 2093 Denique
918 2039 1085 2078 tertium
1117 2040 1281 2079 invocat
1309 2040 1546 2089 Phoebum,
1585 2048 1625 2079 et

275 2136 385 2162 nunc
431 2119 596 2174 quidem
639 2109 914 2170 'complectens
961 2117 1116 2170 primae
1165 2125 1204 2155 et
1249 2114 1452 2155 secundae
1496 2116 1623 2167 partis

273 2210 473 2237 summam
513 2202 728 2247 precatur,
787 2202 831 2233 ut
874 2195 917 2232 in
964 2208 1048 2233 uno
1094 2205 1267 2244 corpore
1310 2199 1473 2232 servato
1519 2189 1623 2230 duos

273 2275 471 2315 restituat.
525 2271 653 2313 Vides
679 2271 993 2312 concinnitatem
1016 2270 1337 2323 compositionis
1386 2267 1490 2308 Cum
1512 2281 1624 2308 mor-

273 2353 350 2390 bus
381 2351 541 2403 puellae
571 2349 689 2388 ctiam
721 2357 924 2387 amantem
954 2354 1231 2396 commoveat,
1264 2345 1360 2385 scite
1389 2359 1499 2384 nunc
1527 2342 1622 2384 inde

275 2427 395 2467 ducta
436 2433 494 2466 est
535 2423 681 2465 divisio
720 2423 969 2474 argumenti,
1019 2430 1058 2462 et
1097 2430 1210 2461 ortae
1252 2421 1308 2460 sic
1346 2419 1450 2459 duae
1486 2427 1623 2471 partes

275 2510 567 2555 congruentes,
612 2502 737 2539 altera
775 2501 976 2552 puellam,
1026 2499 1154 2539 altera
1191 2498 1386 2538 iuvenem
1423 2504 1622 2548 spectans,

275 2592 377 2632 quas
414 2579 532 2617 tertia
568 2576 777 2626 coniungit
809 2576 976 2615 collecta
1011 2574 1054 2616 vi
1090 2575 1214 2613 totius
1252 2571 1457 2611 carminis.
1523 2571 1621 2609 Illu-

275 2654 394 2693 strari
423 2659 558 2705 potest
591 2648 736 2690 divisio
767 2652 867 2690 haec
901 2649 1124 2691 secundum
1158 2659 1353 2701 personas
1389 2647 1492 2685 sacta
1529 2646 1621 2685 loco
