1721 2953
277 160 361 200 460
590 157 962 204 COMMENTAR.
986 162 1048 204 IN
1077 163 1306 207 TIBULLI

280 272 370 306 unde
395 272 579 318 respondet
604 273 635 307 ei
665 277 777 317 poeta.
837 273 958 319 Neque
984 275 1074 310 enim
1100 277 1169 311 ulla
1195 277 1312 313 harum
1340 278 1525 323 elegiarum
1551 280 1625 313 sine

278 342 373 372 certa
406 338 551 382 quadam
586 342 728 373 externa
760 350 863 374 causa
898 344 952 375 est
986 342 1124 386 scripta.
1184 344 1367 378 Videamus
1400 356 1490 379 nunc
1522 356 1625 388 argu-

277 410 440 440 mentum.
488 407 642 450 Summa,
666 411 704 440 ut
728 408 834 450 alias,
868 409 982 443 statim
1017 410 1051 443 in
1086 411 1253 455 principio
1280 413 1406 455 legitur
1431 413 1623 447 enuntiata:

277 474 381 509 Nulla
405 475 472 508 alia
497 475 644 509 abducet
670 486 725 509 me
746 486 766 508 a
791 479 845 518 te,
881 477 944 510 tibi
969 477 1002 510 in
1028 481 1231 521 perpetuum
1255 489 1310 513 me
1335 479 1461 513 addixi.
1510 479 1625 522 Atque

277 542 311 575 in
349 540 400 575 his
439 542 651 586 explicandis
686 546 842 577 versatur
877 543 1003 586 elegia.
1060 542 1116 576 Tu
1155 543 1244 576 enim
1277 544 1351 577 sola
1385 544 1464 578 mihi
1498 545 1625 588 places,

278 609 410 653 pergit,
442 613 545 652 atque
570 610 696 643 utinam
722 610 779 644 alii
804 611 929 645 nemini
955 611 1113 655 placeas3
1153 611 1275 644 iubens
1300 622 1401 645 careo
1426 611 1624 645 celebritate

277 687 319 710 ea
344 677 434 720 quod
460 677 628 720 insignem
653 677 801 721 puellam
827 677 990 720 habeam,
1015 681 1129 712 tecum
1155 680 1282 724 possim
1307 680 1341 714 in
1367 680 1459 714 silvis
1484 685 1518 713 et
1542 680 1624 713 soli-

277 743 395 777 tudine
414 745 547 786 vivere,
573 754 614 777 ac
639 744 720 778 licet
738 754 758 778 e
785 745 880 778 caelo
906 745 1060 779 mittatur
1084 746 1211 788 amica,
1238 748 1354 781 Venus
1379 748 1453 791 ipsa
1478 757 1544 780 non
1571 757 1625 780 me

274 811 404 855 poterit
439 810 567 844 artibus
600 810 670 844 suis
705 821 726 844 a
759 816 794 844 te
827 821 982 845 avocare.
1041 811 1273 846 Effunduntur
1298 811 1381 846 haec
1406 812 1623 853 viridissime,

276 888 343 910 uno
377 877 527 920 impetu,
564 877 674 920 magis
708 877 886 920 magisque
919 878 1149 912 incalescente
1183 880 1307 912 animo.
1357 879 1458 913 Nunc
1483 879 1623 912 attende

275 942 447 986 quomodo
473 943 574 975 finem
598 942 746 975 inveniat
771 943 893 985 elegia.
952 943 1046 978 Ecce
1081 949 1221 988 repente
1249 956 1291 978 ex
1317 945 1442 978 affectu
1466 945 1555 978 redit
1580 945 1623 978 ad

274 1020 322 1043 se.
374 1007 466 1045 Quid
500 1007 589 1041 facio
622 1007 792 1041 demens?
841 1008 956 1042 Prodo
980 1008 1176 1053 imprudens
1202 1009 1359 1043 ardorem
1385 1020 1497 1043 meum
1523 1011 1620 1053 puel-

274 1076 350 1117 lae,
387 1084 473 1118 quae
498 1084 587 1106 nuuc
615 1084 738 1106 secura
764 1074 889 1106 amoris
918 1075 1004 1116 mei,
1041 1075 1189 1108 difficilis
1215 1076 1280 1109 erit
1305 1080 1339 1109 et
1364 1076 1543 1120 superbius
1569 1087 1623 1110 me

273 1145 362 1174 uret.
412 1140 504 1175 Quid
531 1139 664 1182 igitur?
714 1136 866 1172 Manebo
892 1139 946 1171 vel
972 1138 1043 1180 sic,
1069 1139 1203 1184 pergit,
1228 1140 1262 1173 in
1287 1141 1451 1174 servitute
1477 1141 1623 1185 puellae,

274 1219 294 1241 a
319 1217 385 1249 qua
410 1205 588 1239 discedere
613 1204 748 1238 omnino
774 1215 840 1237 11011
866 1215 1014 1249 possum.
1066 1207 1117 1239 Ac
1150 1207 1179 1239 si
1211 1206 1328 1240 durius
1359 1207 1504 1250 habeas,
1539 1219 1623 1242 con-

272 1276 402 1318 fugiam
436 1274 479 1308 ad
507 1284 600 1307 aram
625 1273 787 1314 Veneris,
822 1283 909 1315 quae
935 1273 1031 1317 punit
1056 1273 1199 1307 iniustos
1226 1278 1261 1307 et
1285 1275 1493 1318 supplicibus
1519 1275 1623 1308 favet.

272 1340 380 1375 Vides
405 1340 492 1372 bene
519 1349 638 1372 novam
666 1337 901 1381 gradationem
927 1339 1118 1372 sententiae
1142 1339 1311 1382 additam,
1347 1341 1376 1373 si
1401 1341 1537 1384 quidem
1569 1342 1622 1374 vel

273 1406 445 1440 crudelius
471 1404 604 1437 habitus
631 1414 698 1436 non
732 1403 875 1435 desistet
907 1403 950 1435 ab
984 1413 1100 1436 amore
1133 1414 1215 1445 suo,
1251 1409 1287 1437 et
1312 1408 1423 1437 tamen
1450 1406 1564 1438 finitur
1588 1408 1623 1438 et

273 1472 460 1505 absolvitur
498 1471 599 1503 etiam
635 1469 808 1513 aptissime
849 1469 960 1510 elegia
998 1480 1074 1502 cum
1111 1468 1174 1503 hoc
1214 1471 1429 1504 considerate
1471 1472 1621 1515 repetito

274 1539 416 1572 consilio
445 1540 632 1581 perpetuae
667 1536 878 1569 constantiae
909 1540 1115 1579 speratoque
1150 1537 1277 1569 auxilio
1302 1537 1455 1570 Veneris.
1517 1537 1621 1570 Cete-

273 1617 347 1639 rum
388 1605 430 1637 de
469 1608 642 1636 structura
684 1604 840 1635 carminis
881 1603 1036 1644 notabis,
1081 1613 1148 1635 11011
1186 1603 1370 1635 discretum
1414 1602 1467 1635 hic
1504 1602 1621 1637 haberi

274 1669 530 1709 exordium,
574 1667 636 1700 sed
678 1667 854 1699 confusum
902 1677 977 1700 cum
1019 1667 1239 1709 sequentibus
1277 1677 1343 1700 una
1381 1669 1621 1711 perpetuitate,

273 1734 363 1778 quod
391 1734 494 1767 semel
530 1731 584 1765 hic
620 1732 754 1764 admisit
780 1732 937 1765 Tibullus
963 1733 995 1765 in
1031 1743 1133 1777 parva
1168 1733 1289 1776 elegia.
1339 1733 1504 1767 Exitus
1538 1745 1619 1768 vero

273 1801 430 1836 distincte
456 1802 634 1844 separatur
658 1808 678 1831 a
703 1798 836 1831 ceteris.

768 2058 1122 2102 EXPLICATIO.

367 2203 410 2237 V.
445 2203 564 2235 1-16.
623 2201 755 2243 Prior
798 2211 901 2244 pars
944 2200 1168 2235 carminis.
1227 2199 1354 2232 Iurat
1396 2201 1532 2242 poeta
1576 2198 1617 2230 in

272 2272 541 2313 perpetuum
588 2277 633 2299 se
676 2266 904 2299 addictum
952 2267 1133 2310 puellae
1183 2275 1314 2307 suae,
1367 2267 1410 2297 et
1453 2264 1616 2296 nullam

271 2336 402 2368 aliam
438 2343 622 2376 unquam
657 2333 747 2365 sibi
784 2334 1067 2376 placituram.

367 2401 410 2434 V.
438 2402 456 2432 1
483 2409 532 2442 sq.
578 2398 804 2432 subducet
842 2401 1026 2442 lectum,
1072 2399 1191 2432 dolose
1225 2398 1408 2441 surripiet,
1446 2395 1617 2428 blanditiis

274 2469 343 2503 suis
367 2477 421 2501 me
446 2466 617 2498 abducens
642 2477 661 2498 a
687 2471 732 2507 te,
759 2467 951 2509 explicante
976 2467 1064 2500 bene
1090 2466 1254 2507 Hermo,
1279 2465 1336 2507 qui
1362 2462 1494 2496 confert
1519 2462 1614 2494 Pno-

274 2545 380 2569 PERT.
407 2533 432 2574 I,
459 2535 491 2573 8,
519 2534 587 2565 45:
627 2533 697 2563 Nec
723 2532 808 2564 milii
832 2532 956 2566 rivalis
983 2539 1095 2566 certos
1121 2531 1288 2565 subducit
1314 2539 1457 2562 amores,
1506 2528 1617 2560 Porro

272 2603 386 2635 lectas
411 2604 463 2634 est
488 2601 716 2643 consuetudo,
755 2611 869 2643 amor,
908 2605 946 2634 ut
980 2606 1116 2642 notum,
1155 2604 1190 2633 et
1228 2599 1427 2640 comparant
1457 2595 1616 2628 S'rrrius

275 2665 512 2705 linxmusque
538 2663 644 2707 Sopli.
670 2664 799 2700 Electr.
825 2675 855 2699 v.
882 2667 960 2698 116,
987 2664 1043 2698 ubi
1071 2660 1167 2701 ειῗιςιές
1191 2656 1469 2697 ιῗποκλεπιόμωιοι
1498 2657 1615 2691 1111011-
