1721 2953
297 98 375 136 144
613 95 984 139 COMMENTAR.
1015 98 1074 139 IN
1105 98 1333 139 TIBULLI

295 213 459 257 cipueqne
487 210 622 246 oculos,
659 211 720 256 qui
743 223 917 249 meruere,
947 211 1063 257 ferit,
1103 214 1159 246 ubi
1188 213 1253 248 vid.
1281 213 1464 248 KUINOErn
1513 216 1638 251 Obiter

293 285 371 310 nota
397 278 497 310 ctiam
523 277 630 310 minas
651 277 743 319 istas,
777 289 852 312 cum
893 279 1009 312 dicunt
1033 291 1070 313 se
1095 281 1238 324 eripere,
1263 281 1416 314 effodere
1441 283 1530 316 velle
1555 294 1638 317 ocu-

294 347 342 377 los
367 345 496 379 noxios,
528 348 566 377 ut
591 344 761 379 Tuaen-⁷1¹.
787 344 942 380 Eunucli.
968 345 1028 387 lv,
1057 349 1091 388 6,
1116 348 1161 387 2.,
1187 347 1323 380 Graece
1347 344 1535 392 ἐξορύττειν
1559 346 1640 386 τοιῖς

281 405 516 447 ιΓᾳθιθμούς,
558 409 599 443 cf.
641 411 815 443 Donum..
851 411 892 444 ad
931 410 1106 445 Chariton.
1146 423 1224 455 pag.
1259 416 1340 446 543.
1379 414 1433 447 ed.
1474 415 1567 459 Lips.
1592 434 1640 440 —

291 475 331 507 V.
357 478 400 507 71
428 486 477 518 sq.
513 476 550 508 si
584 475 690 518 quid
725 485 944 518 peccasse
979 480 1132 519 puter,
1165 477 1193 509 si
1219 477 1360 520 credar,
1393 480 1458 512 etsi
1483 490 1550 512 non
1577 490 1638 513 ve-

289 551 362 573 rum
389 541 451 581 sit,
492 543 545 575 vel
574 543 607 575 iu
633 543 692 575 tali
725 543 920 586 suspicione
952 543 1169 585 gravissimas
1204 555 1331 588 poenas
1365 545 1482 578 feram.
1533 547 1639 580 Vides

289 609 446 643 consulto
473 613 607 652 poetam
644 611 744 652 longe
771 611 960 643 severiores
986 610 1050 642 sibi
1076 610 1250 653 imponere
1281 611 1386 653 leges.
1435 611 1498 644 Est
1525 616 1638 644 autem

285 684 452 716 peccare.-
478 675 541 708 frui
562 676 648 709 alius
669 677 803 720 puellae
829 678 1000 721 amplexu,
1028 681 1063 709 ut
1086 676 1191 718 vides,
1218 677 1260 711 cf.
1279 677 1307 717 Ι,
1328 680 1360 719 9,
1377 680 1435 711 23.
1460 678 1520 719 lv,
1536 681 1637 720 14,1.

291 741 408 774 Probo
433 747 545 776 antem
567 750 683 786 puter,
708 744 872 777 Italorum
899 745 1140 785 coniecturam,
1167 754 1230 777 uec
1255 755 1370 777 verum
1399 743 1508 777 liabeo
1529 750 1638 788 putet

286 812 489 851 propterea,
525 810 602 851 quia
636 810 685 842 sic
721 822 771 841 me
798 811 854 843 vix
881 814 974 843 recte
1000 810 1109 843 omitti
1135 811 1256 853 potuit.
1308 810 1509 843 Notavimus
1533 811 1638 844 omis-

287 873 418 906 sionem
445 875 678 917 pronominum
705 887 774 910 me,
801 881 852 911 te,
878 888 933 911 se,
969 887 1049 910 nos,
1081 888 1144 908 vos
1168 887 1292 919 supra3
1325 877 1384 910 sed
1411 878 1443 909 iu
1469 878 1526 910 tali
1553 888 1638 910 con-

287 940 484 981 structione,
510 941 618 982 qualis
643 940 725 975 haec
750 946 851 984 esset,
876 955 911 975 se
938 948 1069 976 tantum
1095 944 1205 975 omitti
1231 947 1354 986 potest,
1380 949 1418 976 ut
1442 954 1544 987 supra
1569 947 1634 977 21:

286 1015 347 1036 sea
373 1004 484 1037 visere
509 1005 618 1042 dicet,
657 1017 722 1040 non
758 1019 820 1039 me·
846 1026 893 1032 —
929 1007 1066 1041 ducar
1103 1008 1300 1051 capillis.
1354 1009 1475 1050 Ungue
1509 1011 1635 1051 petitos

285 1070 426 1113 capillos
452 1077 486 1104 et
512 1071 655 1105 laniatos
680 1083 700 1104 a
727 1072 863 1105 furiosis
891 1073 1011 1116 puellis
1037 1076 1182 1113 constat,
1208 1072 1274 1105 vid.
1304 1074 1410 1106 Ovn).
1439 1075 1570 1107 Amorr.
1590 1073 1634 1115 Π,

284 1138 318 1177 7,
344 1140 376 1170 7.
410 1137 484 1170 Art.
509 1138 584 1170 Am.
611 1137 656 1179 ΙΙ,
681 1139 782 1179 451.,
808 1138 868 1171 sed
894 1138 1050 1170 Tibullus
1078 1138 1180 1171 etiam
1206 1139 1278 1181 rapi
1306 1149 1366 1182 per
1391 1139 1461 1172 vias
1486 1140 1636 1172 sustine-

284 1200 355 1242 bit,
388 1206 426 1235 ut
449 1202 497 1235 ait
521 1202 750 1246 hyperbolice.
803 1204 966 1236 Ceterum
993 1204 1119 1237 ducere
1144 1205 1276 1247 capillis
1302 1206 1438 1238 Graece
1465 1210 1518 1238 est
1541 1203 1632 1247 ἰίγειν

283 1265 465 1306 πλοκάμων
491 1269 624 1301 AEscn.
651 1270 747 1312 Sept.
774 1271 873 1310 328„
907 1267 1011 1300 ἕλκειν
1044 1269 1112 1300 τῶν
1139 1269 1263 1313 τριχῶν
1289 1270 1441 1304 ACHILL.
1468 1271 1559 1303 ΤΑΤ.
1586 1270 1630 1311 V,

284 1336 354 1375 23„
378 1331 483 1378 ἐρύειν
507 1337 620 1379 κουρίξ
646 1336 741 1369 Hom.
763 1337 887 1378 Odyss.
911 1336 1024 1378 XXII,
1047 1340 1123 1370 187.
1150 1348 1236 1380 quae
1257 1340 1465 1381 comparavit
1487 1339 1634 1370 Huscu-

285 1412 379 1435 Krvs.
407 1421 450 1426 —
490 1405 721 1447 proripiar
755 1404 874 1445 vias,
911 1403 942 1437 h.
969 1415 998 1436 e.
1026 1394 1090 1447 per
1114 1405 1208 1446 vias,
1232 1405 1339 1437 rarius
1366 1415 1474 1447 genus
1499 1405 1633 1437 dicendi

283 1468 433 1509 Latinis,
469 1479 671 1511 quamquam
705 1469 755 1500 ire
782 1468 860 1501 vias
887 1468 1024 1510 dicunt,
1065 1472 1102 1501 ut
1127 1470 1266 1502 Vnum.
1293 1470 1425 1502 chc.
1451 1470 1513 1511 ΙΙΙ,
1539 1472 1632 1511 371.,

283 1538 319 1566 et
345 1545 482 1566 currere
508 1533 586 1569 iter,
614 1533 717 1568 viam,
742 1545 846 1567 mare,
882 1545 914 1566 v.
941 1545 970 1566 c.
1000 1534 1147 1567 Vincat..
1177 1536 1261 1567 Aen.
1284 1535 1344 1576 Ill,
1370 1537 1450 1568 391.
1479 1541 1512 1567 et
1537 1535 1634 1568 simi-

283 1600 338 1632 lia.
387 1599 458 1633 Sed
486 1600 607 1643 passivi
639 1610 736 1632 usum
762 1600 1083 1632 Wmnamacmcs
1111 1611 1129 1633 e
1157 1601 1300 1633 Graecis
1326 1601 1491 1643 illustrat,
1528 1603 1632 1635 veluti

282 1666 392 1699 SOPH.
420 1667 533 1708 Antig.
560 1669 648 1699 877:
686 1664 811 1707 c'a'yopcm
836 1663 934 1697 τάνδ’
963 1663 1059 1706 ὁδόν,
1096 1671 1130 1699 et
1160 1666 1288 1699 Electr.
1318 1670 1430 1699 1163:
1464 1670 1632 1705 ,Ἱὲμᾳθεὶς

283 1729 465 1769 adalam<
491 1729 701 1769 δεινοτάτας.
727 1751 774 1757 -
809 1733 850 1765 V.
876 1735 920 1764 73
949 1743 999 1774 sq.
1049 1731 1144 1764 Non
1170 1742 1252 1774 ego
1280 1735 1322 1764 te
1348 1733 1536 1775 pulsare
1563 1743 1632 1766 ve-

284 1800 368 1833 lim.
420 1800 492 1832 Etsi
523 1799 600 1833 mihi
634 1802 665 1833 in
692 1799 940 1843 suspicionibus
969 1799 1061 1842 parci
1088 1810 1106 1831 a
1133 1803 1166 1831 te
1193 1799 1294 1840 nolo,
1325 1803 1437 1831 tamen
1471 1809 1512 1831 ne
1538 1799 1631 1841 time,

282 1877 325 1899 ne
349 1867 503 1900 similiter
529 1868 587 1900 tibi
614 1878 730 1899 manus
756 1868 895 1900 iniicere
928 1867 1038 1899 velim.
1099 1867 1261 1899 Ceterum
1297 1866 1339 1899 de
1373 1877 1467 1899 more
1501 1867 1631 1910 puellas

280 1933 437 1976 pulsant-li
476 1933 792 1965 WVUNDERLICHIUS
830 1933 963 1965 confert
997 1932 1024 1973 Ι,
1062 1935 1117 1972 10,
1151 1935 1208 1966 55.
1242 1935 1298 1965 59.
1326 1934 1383 1965 65.
1434 1932 1576 1965 HoRAT.
1602 1931 1630 1972 Ι,

274 2001 339 2040 μ13,
365 2001 398 2031 9.
427 2000 482 2030 10.
516 2002 549 2030 et
576 1998 684 2030 Orm-
711 2000 843 2030 Amorr.
870 1999 897 2039 l,
926 2002 957 2030 7.
983 2016 1030 2022 -—
1068 1999 1379 2041 optarim-uon
1413 1997 1630 2032 habuisse

282 2075 455 2106 manus,
490 2068 528 2096 ut
562 2065 713 2097 Ovmms
740 2066 773 2097 iu
798 2065 897 2097 simili
924 2075 1025 2097 causa
1051 2065 1183 2099 Amorr.
1209 2064 1238 2105 Ι,
1266 2068 1299 2106 7,
1324 2067 1391 2098 23:
1430 2071 1512 2096 ante
1538 2077 1629 2098 meos

281 2130 434 2162 humeris
469 2129 590 2161 vellem
623 2129 786 2161 cecidisse
819 2129 983 2162 lacerlos.
1007 2149 1053 2153 —
1090 2131 1272 2163 Postremo
1303 2130 1344 2163 ad
1378 2135 1486 2164 totum
1517 2132 1628 2166 locum

281 2198 422 2231 observa
449 2197 480 2229 iu
506 2198 597 2230 nullo
624 2197 896 2231 antecedentium
930 2197 1113 2230 carminum
1149 2197 1231 2231 haec
1258 2199 1367 2240 lecta,
1403 2210 1490 2242 quae
1516 2201 1627 2233 omnia

280 2263 469 2295 molliorem
507 2267 541 2295 et
578 2263 744 2296 mitiorem
781 2273 929 2295 amorem
966 2263 1112 2305 spirant,
1151 2274 1250 2305 qnam
1285 2268 1323 2297 ut
1358 2266 1437 2298 talia
1471 2265 1626 2299 accidere

280 2333 349 2362 tum
378 2330 530 2372 potuisse
555 2330 744 2363 videantur.
769 2349 816 2354 —
852 2331 894 2363 V.
924 2333 981 2363 76.
1019 2333 1060 2362 te
1095 2328 1201 2362 mihi
1234 2336 1403 2370 servet,
1440 2334 1565 2363 castam
1590 2335 1624 2363 tc

279 2398 429 2437 praestet
454 2395 553 2426 etiam
582 2395 638 2427 ubi
665 2406 730 2428 non
756 2396 801 2428 sis
825 2396 857 2428 in
883 2399 1066 2438 conspectu
1094 2406 1180 2429 meo,
1214 2415 1248 2420 —
1297 2397 1336 2430 V.
1363 2401 1407 2429 77
1428 2407 1500 2438 sqq.
1537 2398 1626 2430 Suc-

279 2460 372 2493 cedit
399 2461 535 2493 ullimus
562 2461 675 2497 locus,
715 2462 771 2503 qui
801 2466 851 2493 est
885 2461 927 2493 de
960 2461 1083 2492 misera
1117 2460 1252 2492 fortuna
1279 2461 1481 2503 perfidarum
1508 2462 1539 2493 in
1568 2473 1624 2494 se-

278 2530 425 2559 nectute.
484 2525 624 2558 Confert
663 2527 979 2559 Wm-Dnnmcuurs
1020 2535 1123 2557 suave
1163 2526 1370 2567 epigramma
1409 2527 1439 2558 iu
1479 2528 1624 2570 puellam

279 2591 458 2634 superbam
485 2593 576 2634 olim,
603 2593 634 2624 iu
662 2594 877 2626 Arx-Tuomst.
906 2594 975 2626 Gn.
1002 2592 1044 2624 Τ.
1072 2591 1129 2632 lv,
1157 2602 1189 2634 p.
1212 2593 1299 2632 134.‚
1327 2592 1496 2626 laudatum
1523 2594 1622 2627 etiam
