<?xml version="1.0" encoding="UTF-8"?>
<!DOCTYPE html PUBLIC "-//W3C//DTD XHTML 1.0 Transitional//EN"
    "http://www.w3.org/TR/xhtml1/DTD/xhtml1-transitional.dtd">
<html xmlns="http://www.w3.org/1999/xhtml" xml:lang="en" lang="en">
 <head>
  <title>
</title>
<meta http-equiv="Content-Type" content="text/html;charset=utf-8" />
  <meta name='ocr-system' content='tesseract 3.04.00' />
  <meta name='ocr-capabilities' content='ocr_page ocr_carea ocr_par ocr_line ocrx_word'/>
</head>
<body>
  <div class='ocr_page' id='page_1' title='image "./carminaexrecensi00tibuuoft_0153.png"; bbox 0 0 1721 2953; ppageno 0'>
   <div class='ocr_carea' id='block_1_1' title="bbox 629 126 1435 172">
    <p class='ocr_par' dir='ltr' id='par_1_1' title="bbox 629 126 1435 172">
     <span class='ocr_line' id='line_1_1' title="bbox 629 126 1435 172; baseline 0.009 -8"><span class='ocrx_word' id='word_1_1' title='bbox 629 126 873 168; x_wconf 77' lang='lat' dir='ltr'><strong>TIBULLI.</strong></span> <span class='ocrx_word' id='word_1_2' title='bbox 1299 147 1345 170; x_wconf 66' lang='lat' dir='ltr'>cx</span> <span class='ocrx_word' id='word_1_3' title='bbox 1356 147 1435 172; x_wconf 68' lang='lat' dir='ltr'>[vn</span> 
     </span>
    </p>
   </div>
   <div class='ocr_carea' id='block_1_2' title="bbox 73 240 1430 1257">
    <p class='ocr_par' dir='ltr' id='par_1_2' title="bbox 73 240 1430 1257">
     <span class='ocr_line' id='line_1_2' title="bbox 88 240 1164 296; baseline 0.006 -16"><span class='ocrx_word' id='word_1_4' title='bbox 88 241 224 283; x_wconf 76' lang='lat' dir='ltr'>Venio</span> <span class='ocrx_word' id='word_1_5' title='bbox 256 241 307 283; x_wconf 83' lang='lat' dir='ltr'>ad</span> <span class='ocrx_word' id='word_1_6' title='bbox 338 241 463 282; x_wconf 85' lang='lat' dir='ltr'>alium</span> <span class='ocrx_word' id='word_1_7' title='bbox 493 242 644 281; x_wconf 88' lang='lat' dir='ltr'>locum.</span> <span class='ocrx_word' id='word_1_8' title='bbox 726 240 853 282; x_wconf 78' lang='lat' dir='ltr'>&#39;idisti</span> <span class='ocrx_word' id='word_1_9' title='bbox 884 255 1009 296; x_wconf 84' lang='lat' dir='ltr'>supra</span> <span class='ocrx_word' id='word_1_10' title='bbox 1039 246 1164 286; x_wconf 75' lang='lat' dir='ltr'>haec:</span> 
     </span>
     <span class='ocr_line' id='line_1_3' title="bbox 198 316 1320 371; baseline 0.002 -14"><span class='ocrx_word' id='word_1_11' title='bbox 198 319 284 357; x_wconf 89' lang='lat' dir='ltr'>Vos</span> <span class='ocrx_word' id='word_1_12' title='bbox 317 324 428 355; x_wconf 76' lang='lat' dir='ltr'>tenet</span> <span class='ocrx_word' id='word_1_13' title='bbox 455 316 635 356; x_wconf 80' lang='lat' dir='ltr'>Etruscis</span> <span class='ocrx_word' id='word_1_14' title='bbox 666 326 803 356; x_wconf 83' lang='lat' dir='ltr'>manat</span> <span class='ocrx_word' id='word_1_15' title='bbox 836 332 941 371; x_wconf 83' lang='lat' dir='ltr'>quae</span> <span class='ocrx_word' id='word_1_16' title='bbox 972 320 1156 360; x_wconf 86' lang='lat' dir='ltr'>fontibus</span> <span class='ocrx_word' id='word_1_17' title='bbox 1188 320 1320 366; x_wconf 81' lang='lat' dir='ltr'>unda,</span> 
     </span>
     <span class='ocr_line' id='line_1_4' title="bbox 252 389 1258 446; baseline 0.006 -17"><span class='ocrx_word' id='word_1_18' title='bbox 252 389 376 430; x_wconf 86' lang='lat' dir='ltr'>Unda</span> <span class='ocrx_word' id='word_1_19' title='bbox 406 393 481 431; x_wconf 91' lang='lat' dir='ltr'>sub</span> <span class='ocrx_word' id='word_1_20' title='bbox 515 393 715 432; x_wconf 84' lang='lat' dir='ltr'>aestivum</span> <span class='ocrx_word' id='word_1_21' title='bbox 744 406 830 437; x_wconf 85' lang='lat' dir='ltr'>non</span> <span class='ocrx_word' id='word_1_22' title='bbox 863 393 1053 434; x_wconf 82' lang='lat' dir='ltr'>adeunda</span> <span class='ocrx_word' id='word_1_23' title='bbox 1083 395 1258 446; x_wconf 83' lang='lat' dir='ltr'>Canem,</span> 
     </span>
     <span class='ocr_line' id='line_1_5' title="bbox 193 464 1318 524; baseline 0.005 -20"><span class='ocrx_word' id='word_1_24' title='bbox 193 464 315 505; x_wconf 86' lang='lat' dir='ltr'>Nunc</span> <span class='ocrx_word' id='word_1_25' title='bbox 347 475 483 506; x_wconf 84' lang='lat' dir='ltr'>autem</span> <span class='ocrx_word' id='word_1_26' title='bbox 513 467 637 507; x_wconf 81' lang='lat' dir='ltr'>sacris</span> <span class='ocrx_word' id='word_1_27' title='bbox 666 468 863 509; x_wconf 78' lang='lat' dir='ltr'>Baiarum</span> <span class='ocrx_word' id='word_1_28' title='bbox 896 471 1088 521; x_wconf 84' lang='lat' dir='ltr'>proxima</span> <span class='ocrx_word' id='word_1_29' title='bbox 1117 471 1318 524; x_wconf 81' lang='lat' dir='ltr'>lymphis,</span> 
     </span>
     <span class='ocr_line' id='line_1_6' title="bbox 248 539 1198 594; baseline 0.006 -15"><span class='ocrx_word' id='word_1_30' title='bbox 248 539 353 580; x_wconf 91' lang='lat' dir='ltr'>Cum</span> <span class='ocrx_word' id='word_1_31' title='bbox 382 555 423 581; x_wconf 90' lang='lat' dir='ltr'>se</span> <span class='ocrx_word' id='word_1_32' title='bbox 457 555 670 594; x_wconf 86' lang='lat' dir='ltr'>purpureo</span> <span class='ocrx_word' id='word_1_33' title='bbox 704 557 801 583; x_wconf 84' lang='lat' dir='ltr'>vere</span> <span class='ocrx_word' id='word_1_34' title='bbox 831 545 1001 584; x_wconf 74' lang='lat' dir='ltr'>remittit</span> <span class='ocrx_word' id='word_1_35' title='bbox 1034 547 1198 586; x_wconf 84' lang='lat' dir='ltr'>humus.</span> 
     </span>
     <span class='ocr_line' id='line_1_7' title="bbox 81 613 1429 670; baseline 0.004 -19"><span class='ocrx_word' id='word_1_36' title='bbox 81 613 156 651; x_wconf 82' lang='lat' dir='ltr'>Hic</span> <span class='ocrx_word' id='word_1_37' title='bbox 196 615 406 667; x_wconf 82' lang='lat' dir='ltr'>superflua</span> <span class='ocrx_word' id='word_1_38' title='bbox 446 626 505 657; x_wconf 86' lang='lat' dir='ltr'>est</span> <span class='ocrx_word' id='word_1_39' title='bbox 548 618 778 670; x_wconf 80' lang='lat' dir='ltr'>oppositio:</span> <span class='ocrx_word' id='word_1_40' title='bbox 828 618 939 658; x_wconf 85' lang='lat' dir='ltr'>unda</span> <span class='ocrx_word' id='word_1_41' title='bbox 977 621 1053 659; x_wconf 86' lang='lat' dir='ltr'>sub</span> <span class='ocrx_word' id='word_1_42' title='bbox 1101 622 1300 661; x_wconf 81' lang='lat' dir='ltr'>aestivum</span> <span class='ocrx_word' id='word_1_43' title='bbox 1344 632 1429 657; x_wconf 89' lang='lat' dir='ltr'>non</span> 
     </span>
     <span class='ocr_line' id='line_1_8' title="bbox 80 686 1430 747; baseline 0.005 -23"><span class='ocrx_word' id='word_1_44' title='bbox 80 686 268 729; x_wconf 78' lang='lat' dir='ltr'>adeunda</span> <span class='ocrx_word' id='word_1_45' title='bbox 300 689 475 741; x_wconf 82' lang='lat' dir='ltr'>Canem,</span> <span class='ocrx_word' id='word_1_46' title='bbox 519 699 565 731; x_wconf 85' lang='lat' dir='ltr'>ut</span> <span class='ocrx_word' id='word_1_47' title='bbox 601 692 704 732; x_wconf 77' lang='lat' dir='ltr'>vidit</span> <span class='ocrx_word' id='word_1_48' title='bbox 740 695 821 732; x_wconf 78' lang='lat' dir='ltr'>iam</span> <span class='ocrx_word' id='word_1_49' title='bbox 855 695 1056 747; x_wconf 77' lang='lat' dir='ltr'>Heynius.</span> <span class='ocrx_word' id='word_1_50' title='bbox 1129 693 1310 734; x_wconf 87' lang='lat' dir='ltr'>Omnino</span> <span class='ocrx_word' id='word_1_51' title='bbox 1350 693 1430 733; x_wconf 85' lang='lat' dir='ltr'>dici</span> 
     </span>
     <span class='ocr_line' id='line_1_9' title="bbox 78 761 1429 822; baseline 0.004 -21"><span class='ocrx_word' id='word_1_52' title='bbox 78 761 276 805; x_wconf 80' lang='lat' dir='ltr'>debebat:</span> <span class='ocrx_word' id='word_1_53' title='bbox 306 766 394 805; x_wconf 91' lang='lat' dir='ltr'>Vos</span> <span class='ocrx_word' id='word_1_54' title='bbox 424 774 555 816; x_wconf 87' lang='lat' dir='ltr'>tenet,</span> <span class='ocrx_word' id='word_1_55' title='bbox 588 767 769 809; x_wconf 77' lang='lat' dir='ltr'>EtruseiS</span> <span class='ocrx_word' id='word_1_56' title='bbox 800 778 938 808; x_wconf 81' lang='lat' dir='ltr'>manat</span> <span class='ocrx_word' id='word_1_57' title='bbox 966 784 1071 822; x_wconf 83' lang='lat' dir='ltr'>quae</span> <span class='ocrx_word' id='word_1_58' title='bbox 1101 771 1286 809; x_wconf 86' lang='lat' dir='ltr'>sontibus</span> <span class='ocrx_word' id='word_1_59' title='bbox 1317 769 1429 808; x_wconf 77' lang='lat' dir='ltr'>unda</span> 
     </span>
     <span class='ocr_line' id='line_1_10' title="bbox 75 839 1428 895; baseline 0.007 -19"><span class='ocrx_word' id='word_1_60' title='bbox 75 839 270 879; x_wconf 76' lang='lat' dir='ltr'>Baiarum</span> <span class='ocrx_word' id='word_1_61' title='bbox 299 841 489 893; x_wconf 82' lang='lat' dir='ltr'>proxima</span> <span class='ocrx_word' id='word_1_62' title='bbox 519 844 712 895; x_wconf 79' lang='lat' dir='ltr'><strong>lymphis.</strong></span> <span class='ocrx_word' id='word_1_63' title='bbox 769 843 898 883; x_wconf 80' lang='lat' dir='ltr'>Vides</span> <span class='ocrx_word' id='word_1_64' title='bbox 931 853 975 884; x_wconf 87' lang='lat' dir='ltr'>ut</span> <span class='ocrx_word' id='word_1_65' title='bbox 1004 847 1120 884; x_wconf 82' lang='lat' dir='ltr'>vario</span> <span class='ocrx_word' id='word_1_66' title='bbox 1150 845 1294 894; x_wconf 86' lang='lat' dir='ltr'>modo,</span> <span class='ocrx_word' id='word_1_67' title='bbox 1329 846 1428 885; x_wconf 76' lang='lat' dir='ltr'>alias</span> 
     </span>
     <span class='ocr_line' id='line_1_11' title="bbox 77 915 1426 970; baseline 0.007 -19"><span class='ocrx_word' id='word_1_68' title='bbox 77 915 213 964; x_wconf 72' lang='lat' dir='ltr'>aliter,</span> <span class='ocrx_word' id='word_1_69' title='bbox 252 925 390 967; x_wconf 89' lang='lat' dir='ltr'>peccet</span> <span class='ocrx_word' id='word_1_70' title='bbox 419 916 668 970; x_wconf 82' lang='lat' dir='ltr'>Lygdamus.</span> <span class='ocrx_word' id='word_1_71' title='bbox 727 917 843 958; x_wconf 84' lang='lat' dir='ltr'><strong>Adde</strong></span> <span class='ocrx_word' id='word_1_72' title='bbox 874 934 984 960; x_wconf 88' lang='lat' dir='ltr'>nunc</span> <span class='ocrx_word' id='word_1_73' title='bbox 1014 919 1092 959; x_wconf 75' lang='lat' dir='ltr'>alla</span> <span class='ocrx_word' id='word_1_74' title='bbox 1120 920 1320 960; x_wconf 83' lang='lat' dir='ltr'>mendosa</span> <span class='ocrx_word' id='word_1_75' title='bbox 1354 921 1426 970; x_wconf 93' lang='lat' dir='ltr'>III,</span> 
     </span>
     <span class='ocr_line' id='line_1_12' title="bbox 79 992 1427 1049; baseline 0.005 -22"><span class='ocrx_word' id='word_1_76' title='bbox 79 992 120 1037; x_wconf 86' lang='lat'>1,</span> <span class='ocrx_word' id='word_1_77' title='bbox 151 994 188 1029; x_wconf 89' lang='grc'>8.</span> <span class='ocrx_word' id='word_1_78' title='bbox 220 994 241 1028; x_wconf 87' lang='grc'>9</span> <span class='ocrx_word' id='word_1_79' title='bbox 274 999 313 1030; x_wconf 92' lang='lat' dir='ltr'>et</span> <span class='ocrx_word' id='word_1_80' title='bbox 345 995 409 1031; x_wconf 88' lang='grc'>16.</span> <span class='ocrx_word' id='word_1_81' title='bbox 448 993 526 1043; x_wconf 82' lang='grc' dir='ltr'>ΙΙΙ,</span> <span class='ocrx_word' id='word_1_82' title='bbox 553 998 599 1043; x_wconf 83' lang='lat'>2,</span> <span class='ocrx_word' id='word_1_83' title='bbox 628 994 718 1033; x_wconf 87' lang='lat' dir='ltr'>init.</span> <span class='ocrx_word' id='word_1_84' title='bbox 759 995 835 1043; x_wconf 90' lang='grc' dir='ltr'>ΙΙΙ,</span> <span class='ocrx_word' id='word_1_85' title='bbox 867 999 911 1045; x_wconf 85' lang='grc'>3,</span> <span class='ocrx_word' id='word_1_86' title='bbox 942 999 994 1034; x_wconf 80' lang='lat'>27</span> <span class='ocrx_word' id='word_1_87' title='bbox 1018 1009 1107 1048; x_wconf 85' lang='lat' dir='ltr'><strong>sqq.</strong></span> <span class='ocrx_word' id='word_1_88' title='bbox 1142 997 1234 1035; x_wconf 89' lang='lat' dir='ltr'>coll.</span> <span class='ocrx_word' id='word_1_89' title='bbox 1258 999 1309 1035; x_wconf 81' lang='lat'>35</span> <span class='ocrx_word' id='word_1_90' title='bbox 1336 1010 1427 1049; x_wconf 87' lang='lat' dir='ltr'>sqq.</span> 
     </span>
     <span class='ocr_line' id='line_1_13' title="bbox 74 1064 1424 1122; baseline 0.004 -19"><span class='ocrx_word' id='word_1_91' title='bbox 74 1064 206 1104; x_wconf 83' lang='lat' dir='ltr'>Porro</span> <span class='ocrx_word' id='word_1_92' title='bbox 237 1066 318 1115; x_wconf 91' lang='grc' dir='ltr'>ΙΙΙ,</span> <span class='ocrx_word' id='word_1_93' title='bbox 349 1068 396 1116; x_wconf 86' lang='grc'>4,</span> <span class='ocrx_word' id='word_1_94' title='bbox 431 1071 494 1107; x_wconf 85' lang='grc'>11.</span> <span class='ocrx_word' id='word_1_95' title='bbox 520 1069 588 1108; x_wconf 82' lang='lat'>40.</span> <span class='ocrx_word' id='word_1_96' title='bbox 611 1069 680 1109; x_wconf 80' lang='lat'>41.</span> <span class='ocrx_word' id='word_1_97' title='bbox 707 1070 775 1110; x_wconf 76' lang='lat'>42.</span> <span class='ocrx_word' id='word_1_98' title='bbox 803 1075 871 1109; x_wconf 85' lang='lat'>51.</span> <span class='ocrx_word' id='word_1_99' title='bbox 896 1075 964 1110; x_wconf 82' lang='lat'>52.</span> <span class='ocrx_word' id='word_1_100' title='bbox 993 1075 1060 1110; x_wconf 79' lang='lat'>68.</span> <span class='ocrx_word' id='word_1_101' title='bbox 1089 1074 1154 1110; x_wconf 80' lang='lat'>71.</span> <span class='ocrx_word' id='word_1_102' title='bbox 1195 1072 1275 1121; x_wconf 92' lang='grc' dir='ltr'>ΙΙΙ,</span> <span class='ocrx_word' id='word_1_103' title='bbox 1308 1077 1351 1122; x_wconf 84' lang='grc'>5,</span> <span class='ocrx_word' id='word_1_104' title='bbox 1384 1077 1424 1110; x_wconf 84' lang='lat'>8.</span> 
     </span>
     <span class='ocr_line' id='line_1_14' title="bbox 76 1128 1422 1192; baseline 0.007 -16"><span class='ocrx_word' id='word_1_105' title='bbox 76 1146 115 1176; x_wconf 90' lang='lat' dir='ltr'>et</span> <span class='ocrx_word' id='word_1_106' title='bbox 155 1152 259 1191; x_wconf 84' lang='lat' dir='ltr'>quae</span> <span class='ocrx_word' id='word_1_107' title='bbox 298 1128 511 1192; x_wconf 83' lang='lat' dir='ltr'>praeterea</span> <span class='ocrx_word' id='word_1_108' title='bbox 549 1143 593 1181; x_wconf 89' lang='lat' dir='ltr'>in</span> <span class='ocrx_word' id='word_1_109' title='bbox 628 1143 936 1185; x_wconf 77' lang='lat' dir='ltr'>Commentario</span> <span class='ocrx_word' id='word_1_110' title='bbox 978 1153 1184 1186; x_wconf 83' lang='lat' dir='ltr'>notamus.</span> <span class='ocrx_word' id='word_1_111' title='bbox 1249 1147 1336 1186; x_wconf 83' lang='lat' dir='ltr'>Iam</span> <span class='ocrx_word' id='word_1_112' title='bbox 1371 1146 1422 1185; x_wconf 79' lang='lat' dir='ltr'>ad</span> 
     </span>
     <span class='ocr_line' id='line_1_15' title="bbox 73 1213 592 1257; baseline 0.012 -6"><span class='ocrx_word' id='word_1_113' title='bbox 73 1213 290 1256; x_wconf 88' lang='lat' dir='ltr'>Tibullum</span> <span class='ocrx_word' id='word_1_114' title='bbox 322 1225 592 1257; x_wconf 83' lang='lat' dir='ltr'>revertamur.</span> 
     </span>
    </p>
   </div>
   <div class='ocr_carea' id='block_1_3' title="bbox 722 1349 772 1388">
    <p class='ocr_par' dir='ltr' id='par_1_3' title="bbox 722 1349 772 1388">
     <span class='ocr_line' id='line_1_16' title="bbox 722 1349 772 1388; baseline 0.02 -1"><span class='ocrx_word' id='word_1_115' title='bbox 722 1349 772 1388; x_wconf 88' lang='grc' dir='ltr'>Β.</span> 
     </span>
    </p>
   </div>
   <div class='ocr_carea' id='block_1_4' title="bbox 56 1439 1419 2682">
    <p class='ocr_par' dir='ltr' id='par_1_4' title="bbox 59 1439 1419 2227">
     <span class='ocr_line' id='line_1_17' title="bbox 155 1439 1417 1493; baseline 0.007 -16"><span class='ocrx_word' id='word_1_116' title='bbox 155 1439 380 1493; x_wconf 84' lang='lat' dir='ltr'>Postquam</span> <span class='ocrx_word' id='word_1_117' title='bbox 420 1440 647 1491; x_wconf 79' lang='lat' dir='ltr'><strong>generatim</strong></span> <span class='ocrx_word' id='word_1_118' title='bbox 693 1439 743 1480; x_wconf 85' lang='lat' dir='ltr'>de</span> <span class='ocrx_word' id='word_1_119' title='bbox 788 1442 1020 1482; x_wconf 82' lang='lat' dir='ltr'>elocutione</span> <span class='ocrx_word' id='word_1_120' title='bbox 1066 1444 1222 1489; x_wconf 86' lang='lat' dir='ltr'>Tibulli</span> <span class='ocrx_word' id='word_1_121' title='bbox 1268 1445 1417 1486; x_wconf 80' lang='lat' dir='ltr'>dictum</span> 
     </span>
     <span class='ocr_line' id='line_1_18' title="bbox 70 1516 1419 1569; baseline 0.008 -19"><span class='ocrx_word' id='word_1_122' title='bbox 70 1519 152 1562; x_wconf 88' lang='lat' dir='ltr'>est,</span> <span class='ocrx_word' id='word_1_123' title='bbox 207 1528 312 1566; x_wconf 88' lang='lat' dir='ltr'>quae</span> <span class='ocrx_word' id='word_1_124' title='bbox 356 1516 442 1554; x_wconf 87' lang='lat' dir='ltr'>eius</span> <span class='ocrx_word' id='word_1_125' title='bbox 482 1517 661 1557; x_wconf 78' lang='lat' dir='ltr'>maxime</span> <span class='ocrx_word' id='word_1_126' title='bbox 701 1518 874 1569; x_wconf 83' lang='lat' dir='ltr'>propria</span> <span class='ocrx_word' id='word_1_127' title='bbox 914 1519 1048 1558; x_wconf 84' lang='lat' dir='ltr'>forma</span> <span class='ocrx_word' id='word_1_128' title='bbox 1089 1521 1162 1568; x_wconf 85' lang='lat' dir='ltr'>sit,</span> <span class='ocrx_word' id='word_1_129' title='bbox 1212 1535 1322 1561; x_wconf 90' lang='lat' dir='ltr'>nunc</span> <span class='ocrx_word' id='word_1_130' title='bbox 1367 1522 1419 1561; x_wconf 85' lang='lat' dir='ltr'>ad</span> 
     </span>
     <span class='ocr_line' id='line_1_19' title="bbox 66 1590 1418 1646; baseline 0.009 -22"><span class='ocrx_word' id='word_1_131' title='bbox 66 1590 242 1640; x_wconf 79' lang='lat' dir='ltr'>specialia</span> <span class='ocrx_word' id='word_1_132' title='bbox 267 1590 527 1642; x_wconf 83' lang='lat' dir='ltr'>progredior,</span> <span class='ocrx_word' id='word_1_133' title='bbox 557 1600 597 1630; x_wconf 87' lang='lat' dir='ltr'>et</span> <span class='ocrx_word' id='word_1_134' title='bbox 622 1606 727 1645; x_wconf 83' lang='lat' dir='ltr'>quae</span> <span class='ocrx_word' id='word_1_135' title='bbox 752 1593 853 1631; x_wconf 87' lang='lat' dir='ltr'>mihi</span> <span class='ocrx_word' id='word_1_136' title='bbox 881 1607 933 1631; x_wconf 83' lang='lat' dir='ltr'>ex</span> <span class='ocrx_word' id='word_1_137' title='bbox 959 1594 1038 1633; x_wconf 87' lang='lat' dir='ltr'>hoc</span> <span class='ocrx_word' id='word_1_138' title='bbox 1064 1609 1215 1646; x_wconf 81' lang='lat' dir='ltr'>genere</span> <span class='ocrx_word' id='word_1_139' title='bbox 1239 1598 1418 1636; x_wconf 80' lang='lat' dir='ltr'>maxime</span> 
     </span>
     <span class='ocr_line' id='line_1_20' title="bbox 67 1663 1416 1719; baseline 0.01 -20"><span class='ocrx_word' id='word_1_140' title='bbox 67 1663 251 1703; x_wconf 77' lang='lat' dir='ltr'>notanda</span> <span class='ocrx_word' id='word_1_141' title='bbox 291 1664 504 1716; x_wconf 81' lang='lat' dir='ltr'>videntur,</span> <span class='ocrx_word' id='word_1_142' title='bbox 555 1666 606 1705; x_wconf 80' lang='lat' dir='ltr'>ad</span> <span class='ocrx_word' id='word_1_143' title='bbox 648 1667 780 1719; x_wconf 83' lang='lat' dir='ltr'>capita</span> <span class='ocrx_word' id='word_1_144' title='bbox 820 1669 1023 1706; x_wconf 82' lang='lat' dir='ltr'>nonnulla</span> <span class='ocrx_word' id='word_1_145' title='bbox 1063 1672 1284 1710; x_wconf 78' lang='lat' dir='ltr'>revocabo.</span> <span class='ocrx_word' id='word_1_146' title='bbox 1357 1674 1416 1711; x_wconf 82' lang='lat' dir='ltr'>Ac</span> 
     </span>
     <span class='ocr_line' id='line_1_21' title="bbox 67 1739 1415 1792; baseline 0.008 -18"><span class='ocrx_word' id='word_1_147' title='bbox 67 1750 160 1776; x_wconf 89' lang='lat' dir='ltr'>cum</span> <span class='ocrx_word' id='word_1_148' title='bbox 204 1739 248 1776; x_wconf 90' lang='lat' dir='ltr'>in</span> <span class='ocrx_word' id='word_1_149' title='bbox 293 1742 579 1792; x_wconf 85' lang='lat' dir='ltr'>superioribus</span> <span class='ocrx_word' id='word_1_150' title='bbox 627 1742 669 1781; x_wconf 88' lang='lat' dir='ltr'>vi</span> <span class='ocrx_word' id='word_1_151' title='bbox 712 1743 914 1791; x_wconf 82' lang='lat' dir='ltr'>insignem</span> <span class='ocrx_word' id='word_1_152' title='bbox 957 1757 1043 1781; x_wconf 84' lang='lat' dir='ltr'>esse</span> <span class='ocrx_word' id='word_1_153' title='bbox 1086 1744 1415 1785; x_wconf 81' lang='lat' dir='ltr'>intellexerimus</span> 
     </span>
     <span class='ocr_line' id='line_1_22' title="bbox 65 1812 1417 1872; baseline 0.007 -22"><span class='ocrx_word' id='word_1_154' title='bbox 65 1812 301 1863; x_wconf 87' lang='lat' dir='ltr'>Tibullum,</span> <span class='ocrx_word' id='word_1_155' title='bbox 335 1828 564 1868; x_wconf 81' lang='lat' dir='ltr'>persequar</span> <span class='ocrx_word' id='word_1_156' title='bbox 591 1816 770 1867; x_wconf 85' lang='lat' dir='ltr'>primum</span> <span class='ocrx_word' id='word_1_157' title='bbox 801 1829 869 1865; x_wconf 82' lang='lat' dir='ltr'>ea,</span> <span class='ocrx_word' id='word_1_158' title='bbox 911 1831 1016 1869; x_wconf 82' lang='lat' dir='ltr'>quae</span> <span class='ocrx_word' id='word_1_159' title='bbox 1047 1826 1260 1868; x_wconf 84' lang='lat' dir='ltr'>praeterea</span> <span class='ocrx_word' id='word_1_160' title='bbox 1288 1821 1417 1872; x_wconf 84' lang='lat' dir='ltr'>perti-</span> 
     </span>
     <span class='ocr_line' id='line_1_23' title="bbox 64 1889 1416 1939; baseline 0.008 -14"><span class='ocrx_word' id='word_1_161' title='bbox 64 1896 166 1926; x_wconf 83' lang='lat' dir='ltr'>nent</span> <span class='ocrx_word' id='word_1_162' title='bbox 195 1889 250 1926; x_wconf 84' lang='lat' dir='ltr'>ad</span> <span class='ocrx_word' id='word_1_163' title='bbox 276 1889 375 1927; x_wconf 79' lang='lat' dir='ltr'>hanc</span> <span class='ocrx_word' id='word_1_164' title='bbox 404 1893 472 1928; x_wconf 80' lang='lat' dir='ltr'>vim</span> <span class='ocrx_word' id='word_1_165' title='bbox 499 1894 670 1929; x_wconf 73' lang='lat' dir='ltr'>orationis</span> <span class='ocrx_word' id='word_1_166' title='bbox 699 1889 1005 1939; x_wconf 77' lang='lat' dir='ltr'>declarandam,</span> <span class='ocrx_word' id='word_1_167' title='bbox 1038 1892 1186 1932; x_wconf 84' lang='lat' dir='ltr'>deinde</span> <span class='ocrx_word' id='word_1_168' title='bbox 1215 1896 1335 1934; x_wconf 88' lang='lat' dir='ltr'>etiam</span> <span class='ocrx_word' id='word_1_169' title='bbox 1366 1895 1416 1935; x_wconf 86' lang='lat' dir='ltr'>de</span> 
     </span>
     <span class='ocr_line' id='line_1_24' title="bbox 62 1964 1415 2019; baseline 0.007 -19"><span class='ocrx_word' id='word_1_170' title='bbox 62 1964 290 2015; x_wconf 77' lang='lat' dir='ltr'>simplicitate</span> <span class='ocrx_word' id='word_1_171' title='bbox 327 1972 474 2016; x_wconf 86' lang='lat' dir='ltr'>poetae</span> <span class='ocrx_word' id='word_1_172' title='bbox 516 1965 732 2017; x_wconf 81' lang='lat' dir='ltr'>explicabo</span> <span class='ocrx_word' id='word_1_173' title='bbox 772 1966 1026 2017; x_wconf 85' lang='lat' dir='ltr'>specialiter,</span> <span class='ocrx_word' id='word_1_174' title='bbox 1075 1975 1121 2006; x_wconf 90' lang='lat' dir='ltr'>ut</span> <span class='ocrx_word' id='word_1_175' title='bbox 1160 1971 1331 2019; x_wconf 85' lang='lat' dir='ltr'>promisi</span> <span class='ocrx_word' id='word_1_176' title='bbox 1370 1971 1415 2009; x_wconf 88' lang='lat' dir='ltr'>in</span> 
     </span>
     <span class='ocr_line' id='line_1_25' title="bbox 61 2036 1415 2093; baseline 0.008 -18"><span class='ocrx_word' id='word_1_177' title='bbox 61 2036 233 2076; x_wconf 81' lang='lat' dir='ltr'>introitu</span> <span class='ocrx_word' id='word_1_178' title='bbox 269 2037 579 2090; x_wconf 78' lang='lat' dir='ltr'>disputationis,</span> <span class='ocrx_word' id='word_1_179' title='bbox 620 2054 872 2093; x_wconf 84' lang='lat' dir='ltr'>quamquam</span> <span class='ocrx_word' id='word_1_180' title='bbox 902 2041 978 2080; x_wconf 86' lang='lat' dir='ltr'>hae</span> <span class='ocrx_word' id='word_1_181' title='bbox 1010 2040 1115 2081; x_wconf 85' lang='lat' dir='ltr'>duae</span> <span class='ocrx_word' id='word_1_182' title='bbox 1145 2057 1211 2083; x_wconf 89' lang='lat' dir='ltr'>res</span> <span class='ocrx_word' id='word_1_183' title='bbox 1242 2058 1329 2084; x_wconf 88' lang='lat' dir='ltr'>nou</span> <span class='ocrx_word' id='word_1_184' title='bbox 1357 2048 1415 2086; x_wconf 88' lang='lat' dir='ltr'>ita</span> 
     </span>
     <span class='ocr_line' id='line_1_26' title="bbox 62 2113 1413 2173; baseline 0.01 -23"><span class='ocrx_word' id='word_1_185' title='bbox 62 2113 244 2164; x_wconf 85' lang='lat' dir='ltr'>separari</span> <span class='ocrx_word' id='word_1_186' title='bbox 274 2122 469 2165; x_wconf 87' lang='lat' dir='ltr'>possunt,</span> <span class='ocrx_word' id='word_1_187' title='bbox 499 2123 545 2154; x_wconf 88' lang='lat' dir='ltr'>ut</span> <span class='ocrx_word' id='word_1_188' title='bbox 577 2114 674 2155; x_wconf 87' lang='lat' dir='ltr'>dum</span> <span class='ocrx_word' id='word_1_189' title='bbox 707 2130 828 2155; x_wconf 84' lang='lat' dir='ltr'>unam</span> <span class='ocrx_word' id='word_1_190' title='bbox 857 2124 1022 2168; x_wconf 82' lang='lat' dir='ltr'>tractes,</span> <span class='ocrx_word' id='word_1_191' title='bbox 1058 2132 1142 2158; x_wconf 88' lang='lat' dir='ltr'>non</span> <span class='ocrx_word' id='word_1_192' title='bbox 1175 2128 1316 2173; x_wconf 85' lang='lat' dir='ltr'>tangas</span> <span class='ocrx_word' id='word_1_193' title='bbox 1347 2123 1413 2164; x_wconf 89' lang='lat' dir='ltr'>hic</span> 
     </span>
     <span class='ocr_line' id='line_1_27' title="bbox 59 2186 361 2227; baseline 0.007 -2"><span class='ocrx_word' id='word_1_194' title='bbox 59 2186 142 2225; x_wconf 90' lang='lat' dir='ltr'>illic</span> <span class='ocrx_word' id='word_1_195' title='bbox 177 2189 361 2227; x_wconf 83' lang='lat' dir='ltr'>alteram.</span> 
     </span>
    </p>

    <p class='ocr_par' dir='ltr' id='par_1_5' title="bbox 56 2262 1414 2628">
     <span class='ocr_line' id='line_1_28' title="bbox 142 2262 1414 2325; baseline 0.008 -24"><span class='ocrx_word' id='word_1_196' title='bbox 142 2263 202 2301; x_wconf 92' lang='lat' dir='ltr'>Ac</span> <span class='ocrx_word' id='word_1_197' title='bbox 231 2264 413 2315; x_wconf 86' lang='lat' dir='ltr'>primum</span> <span class='ocrx_word' id='word_1_198' title='bbox 443 2262 608 2317; x_wconf 81' lang='lat' dir='ltr'>quidem</span> <span class='ocrx_word' id='word_1_199' title='bbox 631 2266 834 2305; x_wconf 83' lang='lat' dir='ltr'>Schemaia</span> <span class='ocrx_word' id='word_1_200' title='bbox 861 2268 1032 2306; x_wconf 78' lang='lat' dir='ltr'>nonnulla</span> <span class='ocrx_word' id='word_1_201' title='bbox 1059 2270 1250 2321; x_wconf 73' lang='lat' dir='ltr'>pathetica</span> <span class='ocrx_word' id='word_1_202' title='bbox 1279 2273 1414 2325; x_wconf 82' lang='lat' dir='ltr'>expli-</span> 
     </span>
     <span class='ocr_line' id='line_1_29' title="bbox 59 2340 1409 2396; baseline 0.008 -17"><span class='ocrx_word' id='word_1_203' title='bbox 59 2341 185 2390; x_wconf 84' lang='lat' dir='ltr'>cab03</span> <span class='ocrx_word' id='word_1_204' title='bbox 241 2353 337 2380; x_wconf 88' lang='lat' dir='ltr'>nam</span> <span class='ocrx_word' id='word_1_205' title='bbox 379 2340 479 2393; x_wconf 82' lang='lat' dir='ltr'>quid</span> <span class='ocrx_word' id='word_1_206' title='bbox 520 2340 631 2381; x_wconf 81' lang='lat' dir='ltr'>aliud</span> <span class='ocrx_word' id='word_1_207' title='bbox 673 2357 783 2383; x_wconf 88' lang='lat' dir='ltr'>nunc</span> <span class='ocrx_word' id='word_1_208' title='bbox 822 2346 938 2396; x_wconf 82' lang='lat' dir='ltr'>prius</span> <span class='ocrx_word' id='word_1_209' title='bbox 979 2358 1111 2396; x_wconf 82' lang='lat' dir='ltr'>ponas</span> <span class='ocrx_word' id='word_1_210' title='bbox 1150 2347 1199 2387; x_wconf 89' lang='lat' dir='ltr'>de</span> <span class='ocrx_word' id='word_1_211' title='bbox 1240 2349 1409 2390; x_wconf 85' lang='lat' dir='ltr'>Tibullo</span> 
     </span>
     <span class='ocr_line' id='line_1_30' title="bbox 60 2413 1408 2466; baseline 0.009 -12"><span class='ocrx_word' id='word_1_212' title='bbox 60 2413 228 2455; x_wconf 81' lang='lat' dir='ltr'>dicens?</span> <span class='ocrx_word' id='word_1_213' title='bbox 287 2417 480 2456; x_wconf 84' lang='lat' dir='ltr'>Alienum</span> <span class='ocrx_word' id='word_1_214' title='bbox 511 2418 576 2456; x_wconf 83' lang='lat' dir='ltr'>lu‘c</span> <span class='ocrx_word' id='word_1_215' title='bbox 607 2419 731 2458; x_wconf 86' lang='lat' dir='ltr'>fuerit</span> <span class='ocrx_word' id='word_1_216' title='bbox 761 2420 908 2458; x_wconf 81' lang='lat' dir='ltr'>omnia.</span> <span class='ocrx_word' id='word_1_217' title='bbox 930 2419 1135 2461; x_wconf 83' lang='lat' dir='ltr'>schemata</span> <span class='ocrx_word' id='word_1_218' title='bbox 1166 2425 1408 2466; x_wconf 82' lang='lat' dir='ltr'>elocutionis</span> 
     </span>
     <span class='ocr_line' id='line_1_31' title="bbox 58 2491 1408 2552; baseline 0.009 -24"><span class='ocrx_word' id='word_1_219' title='bbox 58 2491 260 2540; x_wconf 83' lang='lat' dir='ltr'>pathetica</span> <span class='ocrx_word' id='word_1_220' title='bbox 292 2505 554 2540; x_wconf 78' lang='lat' dir='ltr'>enumerare,</span> <span class='ocrx_word' id='word_1_221' title='bbox 589 2507 695 2545; x_wconf 86' lang='lat' dir='ltr'>quae</span> <span class='ocrx_word' id='word_1_222' title='bbox 720 2495 850 2533; x_wconf 86' lang='lat' dir='ltr'>multa</span> <span class='ocrx_word' id='word_1_223' title='bbox 881 2502 920 2533; x_wconf 90' lang='lat' dir='ltr'>et</span> <span class='ocrx_word' id='word_1_224' title='bbox 947 2495 1064 2534; x_wconf 80' lang='lat' dir='ltr'>varia</span> <span class='ocrx_word' id='word_1_225' title='bbox 1093 2497 1205 2549; x_wconf 79' lang='lat' dir='ltr'>apud</span> <span class='ocrx_word' id='word_1_226' title='bbox 1233 2500 1408 2552; x_wconf 84' lang='lat' dir='ltr'>scripto-</span> 
     </span>
     <span class='ocr_line' id='line_1_32' title="bbox 56 2566 1406 2628; baseline 0.01 -26"><span class='ocrx_word' id='word_1_227' title='bbox 56 2577 122 2602; x_wconf 87' lang='lat' dir='ltr'>res</span> <span class='ocrx_word' id='word_1_228' title='bbox 146 2566 279 2615; x_wconf 82' lang='lat' dir='ltr'>obvia,</span> <span class='ocrx_word' id='word_1_229' title='bbox 310 2567 388 2606; x_wconf 80' lang='lat' dir='ltr'>alia</span> <span class='ocrx_word' id='word_1_230' title='bbox 413 2568 677 2619; x_wconf 76' lang='lat' dir='ltr'>simpliciora,</span> <span class='ocrx_word' id='word_1_231' title='bbox 707 2569 785 2608; x_wconf 83' lang='lat' dir='ltr'>alia</span> <span class='ocrx_word' id='word_1_232' title='bbox 810 2570 1102 2622; x_wconf 75' lang='lat' dir='ltr'>exquisitiora;</span> <span class='ocrx_word' id='word_1_233' title='bbox 1135 2585 1179 2612; x_wconf 85' lang='lat' dir='ltr'>ac</span> <span class='ocrx_word' id='word_1_234' title='bbox 1206 2575 1406 2628; x_wconf 86' lang='lat' dir='ltr'>pleraque</span> 
     </span>
    </p>

    <p class='ocr_par' dir='ltr' id='par_1_6' title="bbox 960 2645 1044 2682">
     <span class='ocr_line' id='line_1_33' title="bbox 960 2645 1044 2682; baseline 0 0"><span class='ocrx_word' id='word_1_235' title='bbox 960 2645 988 2682; x_wconf 89' lang='lat' dir='ltr'><strong>k</strong></span> <span class='ocrx_word' id='word_1_236' title='bbox 1019 2648 1044 2682; x_wconf 88' lang='grc'>2</span> 
     </span>
    </p>
   </div>
  </div>
 </body>
</html>
