1721 2953
518 178 659 217 LIBR.
690 177 721 216 Ι.
778 177 933 219 ELEG.
963 181 993 218 I.
1372 185 1420 219 21

91 304 167 345 lege
191 301 525 336 Senatusconsultum
551 300 594 334 de
619 299 886 334 Bacchanalibus
913 314 942 336 ν.
962 314 990 335 c.
1017 301 1105 345 apud
1132 302 1321 335 DRAKENB.
1349 301 1423 335 Liv.

88 369 187 404 Tom.
214 368 289 410 Vll,
315 380 347 412 p.
376 370 475 408 198.‚
508 371 567 400 aut
593 368 625 400 in
652 368 732 401 edit.
756 368 881 401 noviss.
908 369 1053 412 repetita
1076 367 1250 410 Stutgard.
1277 368 1318 401 T.
1343 367 1420 400 XV.

87 446 120 477 p.
146 436 238 474 378„
262 432 351 474 quod
376 432 499 465 factum
525 443 599 466 alm.
625 433 698 466 urb.
725 435 827 474 568.‚
861 433 990 466 videbis
1016 434 1139 476 ubique
1164 434 1210 467 ibi
1236 433 1322 466 hunc
1346 433 1421 466 infi-

86 499 236 531 nitivum.
297 498 454 530 Occurrit
491 497 579 530 idem
613 498 646 530 in
680 497 968 541 Inscriptionibus.
1032 499 1109 532 Non
1143 503 1194 533 est
1227 509 1246 532 e
1279 499 1421 531 Graecis

85 563 245 595 translata
265 571 331 595 res.
344 578 390 586 —
409 562 450 595 V.
464 563 519 595 48.
543 573 722 596 somnos
741 563 880 605 sequi,
905 563 969 596 Est
988 565 1125 598 verbum
1145 565 1187 598 de
1205 575 1258 606 eo,
1277 564 1333 606 qui
1353 573 1421 596 non

84 628 236 660 turbatus
262 628 434 660 continuat
457 638 612 660 somnum
637 638 704 660 non
727 628 964 671 interruptum·
985 647 1028 652 —
1053 629 1194 663 imbre
1222 630 1420 669 iuvante,

83 703 158 726 cum
191 693 346 736 voluptas
381 692 472 735 quod
510 696 605 725 tutus
634 693 680 726 sis
715 692 758 725 ab
795 693 920 734 imbre,
958 699 1083 735 augeat
1120 694 1228 727 somni
1267 693 1422 727 iucundi-

82 764 195 794 tatem.
246 761 405 794 Ceterum
434 760 570 793 laudant
598 771 674 793 cum
700 761 861 794 MURssTo
887 760 1067 804 Sophoclis
1098 762 1199 795 verba
1225 772 1267 794 ex
1293 761 1420 793 Cmmz.

82 825 125 858 ad
141 827 208 858 Att.
224 826 267 866 Il,
283 829 322 858 7:
350 821 411 857 κῖὶν
428 820 492 858 ῑῗῑιό
510 827 610 870 στέγῃ
629 826 756 870 πυκνῆς
775 823 905 858 ιῖκούειν
924 823 1073 865 ψεκάδος
1092 823 1237 871 εὖδυύοῃ
1258 831 1360 871 φρενί.
1375 845 1420 850 -—

82 891 125 923 V.
145 893 190 923 49
214 901 286 933 sqq.
322 891 516 924 furorem
543 891 680 924 maris
715 895 758 924 et
789 892 955 924 tristes
985 893 1171 936 pluvias.
1222 893 1316 926 Bene
1346 903 1420 926 nio-

81 960 139 988 net
172 954 224 988 hic
258 957 407 990 Vossms
440 956 625 989 secundum
659 956 767 989 D10N.
804 956 902 990 CAss.
929 957 971 999 L,
998 960 1053 990 11.
1086 959 1199 1000 copias
1233 959 1418 991 Antonium

82 1022 309 1056 debellaturas
343 1023 435 1056 circa
468 1023 599 1056 initium
634 1023 716 1056 Mai.
753 1034 829 1057 ann.
854 1027 935 1057 723.
971 1035 990 1057 e
1024 1024 1206 1057 Brundisio
1242 1025 1274 1056 in
1308 1024 1421 1056 Grae-

82 1088 168 1121 ciam
192 1089 371 1131 traiectas,
395 1100 463 1131 quo
489 1094 641 1133 tempore
665 1094 759 1123 ortus
784 1091 943 1133 Hyadum
970 1091 1102 1134 pluvias
1125 1091 1310 1124 afferebat:
1344 1091 1421 1123 vide

82 1156 225 1189 eundem
260 1157 302 1190 ad
337 1158 446 1191 Vme.
481 1158 610 1200 Georg.
647 1158 674 1197 Ι,
708 1159 790 1190 313.
852 1157 929 1190 Hoc
962 1168 1049 1191 nunc
1086 1158 1184 1191 timet
1221 1157 1420 1200 defugitque

83 1223 249 1257 Tibullus.
298 1223 383 1257 Nam
411 1224 531 1257 eodem
560 1223 612 1256 hic
638 1224 808 1266 pertinere
834 1225 964 1267 pluvias
993 1228 1028 1257 et
1052 1224 1153 1257 maris
1179 1224 1326 1257 furorem
1353 1233 1419 1256 non

81 1290 236 1332 dubium,
262 1295 296 1324 et
322 1292 445 1323 erravit
471 1292 785 1324 WUNDssnmcums
811 1301 886 1324 cum
911 1291 1063 1323 HEYNIO
1089 1292 1217 1334 pluvias
1242 1290 1284 1322 ad
1309 1293 1420 1322 terre-

83 1357 164 1389 stria
194 1357 311 1389 itinera
340 1356 485 1389 trahens.
545 1357 630 1389 Cum
657 1357 742 1389 enim
770 1357 903 1399 pluviae
929 1366 990 1398 per
1014 1366 1051 1388 se
1077 1356 1109 1387 iu
1135 1356 1304 1388 maritimo
1329 1355 1421 1398 pari-

82 1427 133 1455 ter
167 1433 206 1455 ac
241 1423 394 1455 terrestri
429 1424 549 1455 itinere
583 1424 746 1456 molestae
779 1423 864 1463 sint,
904 1422 980 1454 addi
1007 1425 1184 1465 praeterea
1208 1420 1334 1462 aliquid
1359 1420 1421 1453 de—

81 1488 230 1528 buisset,
255 1489 344 1521 unde
379 1488 528 1522 disceres
561 1490 602 1522 ad
630 1493 790 1523 terrestre
816 1500 890 1522 esse
917 1487 975 1521 has
1001 1489 1064 1521 iter
1089 1486 1291 1528 trahenda53
1328 1487 1420 1530 quod

81 1563 156 1586 cum
183 1563 248 1586 non
274 1554 318 1586 sit
341 1553 484 1595 factum,
511 1555 601 1586 nulla
626 1558 678 1587 est
701 1554 880 1597 oppositio.
908 1571 951 1577 —

175 1621 216 1652 V.
242 1623 364 1653 51-75.
421 1621 579 1654 Tertia
619 1632 720 1664 pars
759 1621 996 1659 carminis,
1036 1630 1146 1662 quae
1185 1620 1236 1653 ‹le
1273 1629 1420 1653 amore

81 1687 242 1720 Deliae
273 1691 351 1720 est.

174 1753 216 1785 V.
240 1755 298 1785 51.
347 1752 379 1783 Ο
405 1755 615 1794 quantum
642 1756 706 1785 est
731 1753 827 1785 auri
853 1753 1011 1796 potius
1038 1754 1286 1796 pereatque
1312 1761 1420 1784 sma-

81 1816 222 1859 ragdi.
274 1815 370 1849 Hanc
403 1827 469 1858 ego
504 1817 682 1849 verborum
718 1817 975 1850 collocationem
1008 1828 1028 1849 a
1062 1817 1200 1849 Tibullo
1233 1816 1421 1859 profectam

81 1884 192 1917 credo.
245 1884 367 1916 Amant
388 1884 475 1917 enim
500 1888 623 1927 poetae
648 1885 786 1918 verbum
807 1885 940 1917 duobus
962 1884 1120 1918 membris
1143 1885 1306 1918 orationis
1328 1894 1421 1917 com-

80 1960 180 1983 mune
204 1950 238 1982 iu
265 1950 430 1993 prin‘cipio
454 1951 593 1983 secundi
621 1961 758 1994 ponere,
784 1951 864 1984 licet
888 1952 1057 1994 oppositio
1082 1952 1115 1984 in
1140 1952 1357 1985 substantivis
1378 1951 1422 1984 sit

81 2019 115 2048 et
139 2015 283 2048 alterum
308 2016 552 2048 substantivum
578 2016 732 2048 videatur
757 2016 903 2060 priorem
930 2017 1040 2049 locum
1062 2027 1231 2060 occupare
1254 2016 1421 2049 debuisse.

80 2082 139 2114 Sic
155 2081 238 2114 infra
255 2081 282 2122 I,
300 2083 334 2122 3,
351 2083 415 2114 56:
451 2081 645 2114 Messalam
670 2088 766 2114 terra
794 2082 876 2114 dum
900 2082 1129 2128 sequiturque
1155 2082 1244 2115 maz-i
1269 2094 1320 2126 pr.
1342 2083 1422 2116 dum

81 2151 170 2180 terra
196 2147 347 2189 marique
371 2148 533 2190 sequitur.
591 2148 654 2181 Est
690 2159 770 2182 vero
804 2149 985 2182 collocatio
1020 2149 1066 2182 ita
1101 2149 1210 2190 facta,
1241 2150 1336 2191 quasi
1370 2149 1421 2180 bis

81 2212 216 2245 adesset
239 2212 398 2246 verbum:
436 2214 515 2247 dum
549 2219 639 2248 terra
672 2216 825 2258 sequitur
849 2217 1068 2258 sequiturque
1093 2217 1195 2257 mari,
1229 2226 1420 2258 quanquam

80 2280 184 2312 semel
211 2283 341 2312 tantum
369 2279 464 2312 adest
489 2291 551 2313 nec
578 2292 696 2315 sensus
721 2283 919 2326 plerumque
944 2283 1049 2315 ferret
1078 2282 1128 2315 bis
1153 2282 1311 2326 positum.
1361 2282 1418 2315 Si-

81 2344 204 2377 militer
229 2345 355 2379 dictum
379 2346 406 2386 I,
433 2347 465 2386 4,
490 2348 532 2378 2:
559 2347 610 2378 Ne
630 2347 741 2391 capiti
768 2347 857 2380 soles
883 2359 924 2380 ne
949 2353 1166 2393 noceantque
1190 2347 1310 2385 nives,-
1336 2348 1363 2389 Ι,
1386 2351 1420 2389 8,

80 2411 122 2442 2:
149 2408 235 2454 quid
258 2417 369 2444 nutas
395 2411 568 2448 amantis,
595 2413 721 2458 quidm?
742 2414 873 2459 ferant
898 2413 974 2446 miti
998 2413 1092 2446 lenia
1117 2412 1222 2447 verba
1245 2426 1351 2449 εοηος
1378 2415 1423 2454 ΙΙ,

82 2476 115 2513 6,
130 2476 192 2506 23:
219 2474 305 2506 llaec
324 2474 450 2521 laqueo
474 2476 643 2513 volucres,
670 2477 755 2509 Ῐιαεο
780 2485 904 2522 captat
930 2478 1104 2512 arundine
1124 2479 1249 2524 pisces.
1277 2480 1419 2513 HORAT.

83 2538 109 2577 I,
139 2541 190 2579 ll,
215 2542 258 2572 4:
284 2542 350 2572 Seu
372 2541 494 2585 plures
520 2542 647 2575 hiemes
673 2555 732 2576 seu
763 2542 889 2576 tribuit
915 2544 1076 2589 Iuppiter
1101 2544 1273 2578 ultimam.
1324 2545 1421 2579 Adde

84 2603 292 2638 Ham-nour.
318 2606 359 2639 ad
385 2606 505 2642 Horat.
531 2608 604 2642 Sat.
633 2608 660 2649 I,
683 2611 718 2650 6,
743 2611 799 2643 43.
835 2609 891 2652 qui
925 2613 1037 2643 tamen
1073 2611 1104 2643 in
1139 2621 1180 2644 eo
1206 2614 1297 2644 errat
1330 2610 1420 2653 quod

83 2669 264 2712 particulas
291 2683 366 2716 que,
395 2684 446 2710 ne,
478 2685 516 2706 ve
540 2674 760 2718 transpositas
786 2679 901 2708 censet
925 2675 957 2709 in
982 2674 1170 2711 huiusmodi
1197 2677 1287 2709 locis.
1339 2675 1420 2708 Col-
