1721 2953
619 117 862 161 TIBULLI.
1221 128 1416 156 cmxxxvi·

151 239 204 278 At
233 233 342 277 enim
370 248 440 275 non
467 234 555 274 bene
582 237 740 273 vinctam
773 230 910 273 multis
943 231 986 272 in
1015 229 1116 271 locis
1150 228 1293 270 dicunt
1323 240 1418 268 ora-

66 312 221 354 tionem
257 310 436 361 Tibulli;
484 311 617 350 inesse
653 308 910 358 inconnexa,
954 308 1129 360 abrupta
1167 318 1252 345 non
1286 317 1418 357 pauca

66 388 110 427 in
145 388 208 427 his
238 386 503 425 carminibus.
571 382 779 438 Opposuit
807 396 850 423 se
883 383 965 423 iam
993 382 1092 423 olim
1122 380 1219 420 huic
1254 392 1420 420 accusa-

68 461 170 502 tioni
216 460 562 502 Wunderlichius
611 468 651 500 et
701 459 977 511 complurium
1024 459 1214 498 locorum
1262 467 1419 494 nexum

67 538 212 577 melius
255 536 475 589 explicuit3
528 534 640 575 idem
685 535 818 575 nostri
859 533 1157 574 Commentarii
1199 531 1273 570 ubi
1315 543 1420 582 opus

68 613 236 653 faciunt.
308 611 391 652 Sed
432 625 525 651 cum
568 619 706 650 tamen
753 624 840 650 non
885 609 1041 663 ubique
1086 607 1254 647 usitatas
1296 605 1420 656 vulgo

68 688 277 727 iuncturas
305 688 456 727 habeat
484 694 629 740 poeta,
657 686 881 738 generatim
913 698 1022 723 nunc
1053 695 1263 735 exponere
1290 679 1422 719 debeo

69 762 119 802 de
158 764 237 803 hoc
276 762 536 803 Tibullianae
582 761 780 801 orationis
824 760 910 801 sive
954 759 1054 800 vitio
1096 758 1205 806 sive,
1261 763 1306 794 ut
1348 768 1423 806 ego

71 851 240 888 censeo,
279 838 447 879 virtute.
515 837 734 877 Transitus
765 837 888 887 vulgo
920 833 1070 874 dicitur
1098 831 1258 880 adesse,
1296 829 1370 870 ubi
1399 845 1422 869 a

70 915 151 955 fine
176 914 257 955 loci
283 914 473 968 proxime
497 912 772 954 antecedentis
798 911 987 963 cogitatio
1013 917 1050 949 et
1072 908 1203 949 oratio
1226 907 1425 946 continuo

73 999 113 1031 et
156 991 243 1030 sine
290 991 396 1030 saltu
439 990 572 1043 pergit
615 987 665 1028 ad
712 987 939 1041 sequentia.
1022 984 1107 1026 Ubi
1151 991 1288 1022 autem
1331 981 1424 1020 talis

71 1065 267 1105 transitus
310 1063 445 1115 deest,
498 1065 614 1104 hiare
660 1070 894 1117 queruntur
936 1059 1290 1113 compositionem.
1366 1058 1427 1096 Ac

74 1143 319 1194 plerumque
357 1154 454 1180 sane
495 1139 625 1178 iuncti
666 1146 763 1178 sunt
800 1136 882 1176 loci
922 1144 961 1175 et
1001 1142 1140 1188 partes
1178 1134 1258 1173 hoc
1297 1129 1424 1172 modo

75 1215 187 1270 apud
217 1215 438 1268 scriptores
469 1222 591 1268 atque
621 1215 744 1253 etiam
770 1211 882 1265 apud
904 1211 1140 1260 Tibullum,
1175 1208 1246 1249 sed
1275 1209 1427 1261 passim

75 1301 212 1332 tamen
251 1292 516 1341 negliguntur
557 1289 676 1328 etiam
718 1287 915 1327 transitus
953 1284 1064 1338 apud
1103 1286 1204 1324 alios
1240 1292 1280 1323 et
1316 1282 1428 1336 apud

74 1369 307 1417 Tibullum,
336 1365 410 1405 ubi
430 1362 716 1405 vehementiOr
739 1363 918 1415 impetus
942 1360 1179 1401 affectuum.
1236 1359 1302 1398 Sic
1328 1360 1428 1411 eleg.

74 1445 106 1493 Ι,
129 1446 164 1482 1.
189 1456 296 1496 quae
321 1440 514 1491 sedatior,
544 1447 674 1478 arctas
698 1438 854 1491 ubique
879 1436 1091 1476 iuncturas
1116 1435 1262 1485 habet,
1291 1442 1430 1486 partes

75 1517 316 1570 interposita
357 1529 516 1555 summa
560 1514 763 1555 sententia
813 1513 1026 1566 copulatae
1069 1518 1165 1550 sunt
1208 1524 1343 1564 neque
1386 1509 1429 1548 iu

76 1593 272 1634 membris
301 1591 481 1646 partium
510 1589 736 1645 quidquam
766 1603 851 1629 non
879 1588 1085 1638 vinctum3
1120 1586 1191 1627 sed
1221 1586 1366 1649 statim·
1386 1586 1430 1625 in

79 1667 257 1708 secunda
297 1668 424 1719 elegia
465 1665 637 1717 neglecti
676 1664 857 1716 vulgaris
896 1663 1093 1702 transitus
1131 1662 1318 1714 exempla
1361 1674 1430 1700 oc-

81 1750 263 1784 currunt.
332 1740 470 1790 Quare
508 1739 557 1779 de
595 1748 681 1781 tota
719 1753 765 1777 re
804 1752 914 1776 nunc
955 1738 1183 1790 explicabo.
1251 1737 1432 1776 Tenebis

79 1832 180 1860 vero
207 1826 300 1857 ante
331 1815 491 1865 omnia,
528 1828 610 1854 non
644 1826 747 1865 opus
779 1826 864 1852 esse
891 1820 938 1852 ut
965 1813 1156 1865 proxime
1187 1810 1432 1851 antecedens

81 1893 284 1934 distichon
316 1892 426 1931 viam
458 1888 617 1928 muniat
653 1887 704 1928 acl
736 1887 974 1942 sequentia3
1011 1895 1148 1939 potest
1179 1900 1266 1926 non
1294 1887 1432 1926 minus

80 1977 188 2009 recte
219 1967 389 2008 omnino
421 1980 443 2005 a
473 1978 632 2005 summa
657 1963 858 2003 sententia
882 1961 1212 2002 antecedentium
1238 1962 1433 2001 disticho-

80 2058 176 2083 rum
211 2041 380 2083 transiri
413 2039 465 2080 ad
505 2039 739 2093 sequentia,
784 2037 912 2079 veluti
949 2038 1066 2078 locus
1104 2038 1146 2088 I,
1177 2041 1226 2087 2,
1258 2041 1311 2075 30
1343 2051 1434 2090 sqq.

83 2121 210 2159 altera
241 2131 338 2171 pars
372 2125 431 2156 est
469 2115 681 2156 divisionis
719 2127 845 2166 supra
875 2127 915 2154 v.
933 2116 1002 2151 23.
1025 2113 1093 2152 24.
1122 2112 1304 2164 positae:
1349 2125 1435 2151 non

83 2195 264 2250 pericula
306 2200 510 2233 nocturna
550 2190 667 2231 novit
706 2202 868 2238 amans,
915 2201 999 2228 non
1040 2188 1186 2228 hiemis
1224 2189 1436 2228 molestiae

85 2279 256 2320 nocent,
291 2269 360 2309 ait.
419 2266 512 2316 Quo
546 2266 654 2306 enim
686 2265 777 2304 iure
810 2263 1106 2316 postulaveris,
1146 2272 1192 2302 ut
1220 2277 1382 2317 semper
1413 2280 1435 2303 a

85 2345 258 2387 disticho
284 2343 335 2384 ad
364 2343 567 2383 distichon
598 2348 733 2394 serpat
760 2339 956 2380 orationis
986 2335 1149 2376 nexus?
1206 2337 1291 2390 Ego
1313 2354 1437 2391 gran-

88 2421 222 2461 diores
253 2433 421 2474 quoque
449 2418 603 2457 formas
635 2415 801 2455 nervosi
825 2421 972 2466 poetae
1002 2411 1150 2464 laudo,
1183 2416 1254 2468 qui
1283 2416 1436 2467 passim

90 2497 207 2536 etiam
237 2494 351 2550 quod
379 2492 613 2546 complexui
641 2490 801 2530 cuidam
828 2489 1094 2529 distichorum
1127 2492 1266 2530 subest
1290 2499 1435 2538 totum,

91 2569 141 2608 acl
188 2571 262 2610 hoc
308 2571 434 2610 refert
482 2582 629 2609 novam
675 2580 814 2606 rerum
860 2573 1015 2618 partem
1064 2574 1101 2604 et
1147 2566 1266 2606 talem
1318 2569 1434 2619 ponit
