1721 2953
233 153 251 187 1
268 149 314 188 14
546 137 913 181 COMMENTAR.
944 136 1002 175 IN
1033 134 1260 174 TIBULLI

239 262 335 302 cula,
368 258 564 292 seminarum
600 253 770 286 intusium.
831 251 991 284 Ceterum
1026 249 1184 282 Tibullus
1224 246 1307 280 haec
1341 251 1507 281 memorat
1539 250 1577 280 ut

239 329 419 371 appareat,
445 332 544 365 quam
571 320 752 362 diligenter
776 315 1007 350 observaverit
1033 315 1163 354 omnia,
1201 323 1288 355 quae
1314 313 1435 355 religio
1459 316 1579 356 postu-

242 395 298 426 lat,
323 406 368 415 -
408 386 618 427 Triviae,
655 383 829 424 Hecatae,
863 391 951 424 quae
975 381 1130 414 morbum
1157 378 1243 412 hunc
1269 383 1303 412 et
1327 379 1458 412 somnia
1484 378 1581 412 vide-

236 458 335 489 batur
359 452 503 487 misisse.
528 469 573 476 -
614 452 747 483 nocte
781 448 974 489 silente,
1009 456 1097 479 nunc
1133 445 1278 479 mediam
1312 449 1446 478 noctem
1481 445 1583 478 intel-

236 523 316 564 lige.
342 538 389 545 —
413 519 529 552 Vota
554 525 706 550 novem
731 513 855 555 dedi,
880 523 999 546 novem
1025 521 1165 545 munera
1189 510 1332 544 reddidi.
1382 510 1468 543 Cum
1493 510 1583 543 enim

237 589 372 621 Hecate
396 584 558 619 triformis
584 585 676 615 esset
701 580 838 624 (Luna,
863 578 990 620 Diana,
1016 576 1242 620 Proserpina)
1266 580 1318 609 ter
1338 576 1404 609 tria
1429 576 1584 619 promisit

238 658 274 686 et
307 652 419 693 dedit,
456 652 597 683 notante
630 648 731 680 etiam
765 645 906 678 Vum‘ro
941 647 977 676 et
1008 643 1150 677 Vossto.
1198 641 1322 674 Oblata
1354 645 1467 674 autem
1502 639 1583 673 haec

235 724 353 755 censet
378 719 549 752 Hurmcs
575 726 642 749 non
665 723 733 747 una
759 713 870 746 omnia
898 715 1017 751 nocte,
1049 708 1110 742 sed
1135 719 1256 740 novem
1280 705 1461 742 noctibus,
1492 705 1584 748 quod

238 797 367 821 verum.
398 804 444 810 —
481 784 523 818 V.
550 785 594 816 17
620 792 670 824 sq.
709 779 885 820 Omnia,
918 777 985 819 ait,
1012 776 1094 809 haec
1119 784 1241 808 novem
1266 776 1345 806 vota
1368 773 1585 817 persolvi,

242 857 401 898 repetens
427 861 504 884 cum
528 849 655 883 affectu
681 844 929 880 antecedentia.
978 843 1084 876 Parat
1108 840 1173 874 sibi
1195 841 1243 873 ita
1274 840 1373 872 simul
1407 838 1585 872 transitum

239 920 283 954 ad
308 918 504 962 sequentia,
528 920 566 949 ut
592 914 729 958 saepius
754 912 836 945 facit
860 908 1131 954 repetitionibus.
1157 922 1202 932 ·-
1242 905 1413 938 fruitur
1437 914 1585 937 amore

238 987 270 1019 h.
297 997 327 1021 e.
353 985 501 1018 fructum
526 981 651 1016 amoris
676 979 742 1012 mei
769 976 924 1022 percipit,
955 984 1032 1007 mea
1057 972 1237 1006 benefacta
1262 969 1450 1004 redduntur
1475 969 1584 1009 alteri,

237 1056 276 1085 ut
313 1051 471 1084 observat
505 1047 760 1081 LAcHnmNNUs
798 1046 916 1075 noster
951 1039 994 1073 ad
1031 1040 1189 1082 Propert.
1214 1037 1260 1079 II,
1287 1039 1320 1077 1,
1353 1038 1410 1068 48.
1445 1047 1477 1078 p.
1507 1037 1585 1068 100.

239 1116 379 1150 laudans
404 1116 511 1148 Ovm.
539 1110 682 1146 Heroid.
712 1109 772 1151 VJ,
797 1111 854 1142 75.
877 1125 925 1132 —
950 1106 1117 1145 utitur,
1141 1104 1323 1136 utilitatem
1348 1101 1450 1145 capit.
1498 1101 1586 1134 Per-

239 1185 393 1229 spicuum
413 1185 465 1215 est
485 1181 537 1213 bis
561 1178 670 1222 repeti
691 1175 832 1210 eandem
851 1174 1053 1207 sententiani
1073 1171 1106 1204 in
1132 1170 1249 1203 dolore
1275 1173 1311 1202 et
1335 1178 1411 1202 cum
1438 1168 1479 1202 vi.
1516 1167 1584 1201 Ce-

237 1258 350 1286 terum
372 1250 498 1283 multus
522 1248 554 1281 in
581 1257 622 1280 ea
647 1246 823 1285 Ovmms,
851 1246 889 1276 ut
912 1240 1055 1275 Hei-oid.
1083 1240 1125 1281 V,
1145 1241 1202 1272 59.
1230 1237 1289 1279 vl,
1309 1239 1366 1270 75.
1392 1235 1472 1277 XII,
1494 1236 1584 1276 174„

237 1329 315 1353 cum
341 1317 443 1351 dicit:
486 1314 580 1348 Vota
605 1324 668 1357 ego
688 1306 917 1355 persolvam?
942 1307 1033 1341 votis
1059 1306 1187 1339 Medea
1205 1303 1388 1350 fruetur?
1422 1308 1499 1337 aut:
1534 1303 1584 1335 Et

238 1383 351 1419 nostri
380 1382 533 1428 fructus
571 1377 636 1410 illa
674 1375 803 1409 laboris
838 1373 956 1406 habet.
983 1391 1029 1396 -
1066 1372 1164 1413 ille,
1202 1370 1244 1404 cf.
1271 1370 1313 1403 ad
1338 1370 1365 1412 I,
1391 1372 1424 1410 2,
1449 1372 1506 1402 60.
1537 1385 1584 1395 -

240 1451 283 1485 V.
310 1452 354 1483 19
380 1458 453 1491 sqq.
505 1445 605 1480 Alia
639 1441 957 1485 descriptione
991 1438 1181 1482 exponit
1205 1447 1339 1479 nunc,
1373 1447 1496 1478 quam
1526 1436 1584 1470 fe-

239 1518 466 1551 licitatem
508 1511 788 1554 imaginatus
823 1507 904 1548 sit,
948 1507 983 1539 si
1022 1506 1153 1545 Delia
1194 1514 1342 1538 secum
1379 1515 1480 1538 rure
1514 1505 1584 1538 deq

239 1587 324 1625 gat.
352 1600 396 1606 -
432 1581 496 1614 At.
546 1578 691 1611 Praeter
713 1573 962 1618 oppositionem
990 1570 1154 1613 particula
1179 1569 1233 1602 hic
1261 1570 1363 1603 etiam
1387 1579 1521 1602 sensum
1549 1574 1583 1603 et

238 1650 398 1683 affectum
423 1643 561 1680 doloris'
575 1641 736 1687 exprimit
760 1639 918 1674 suaviter.
968 1637 1122 1671 Similem
1153 1636 1433 1678 significationem
1469 1635 1583 1668 videas

238 1726 340 1760 supra
366 1725 398 1747 v.
424 1715 480 1746 38.
529 1712 639 1745 Porro
662 1708 689 1750 1,
719 1710 752 1748 9,
777 1709 834 1739 37.
859 1707 915 1738 48.
940 1704 1002 1745 ΙΙΙ,
1027 1706 1061 1745 3,
1086 1705 1143 1736 27.
1169 1720 1216 1726 —
1251 1702 1442 1743 fuisses,
1477 1710 1584 1741 esses,

237 1789 275 1817 ut
306 1781 452 1826 saepius.
502 1779 561 1812 Sic
586 1778 695 1810 Ovm.
721 1776 854 1808 Amorr.
878 1773 940 1814 ΙΙΙ,
965 1775 998 1813 S,
1024 1773 1064 1804 3:
1100 1769 1275 1816 quondam
1300 1769 1444 1815 suerat.
1488 1768 1584 1802 Pno-

241 1861 348 1883 ΡΕΒΤ.
368 1849 430 1889 ΙΙΙ,
453 1849 509 1888 13,
534 1847 598 1879 38:
626 1855 685 1875 nec
703 1841 846 1887 suerat.
884 1841 1011 1873 Crcnn.
1035 1838 1078 1872 de
1104 1838 1204 1872 Offic.
1226 1837 1270 1880 ΙΙ,
1298 1840 1330 1873 1.
1355 1843 1441 1872 extr.
1469 1851 1583 1885 quan-

241 1923 317 1948 tum
343 1910 594 1957 superfuerat,
628 1913 663 1942 et
687 1908 749 1948 III,
774 1909 832 1947 21,
857 1909 925 1938 82:
962 1904 1056 1951 quod
1080 1904 1223 1949 suerat.
1272 1904 1360 1938 Add.
1395 1905 1441 1938 ibi
1476 1906 1582 1939 Fun),

240 1981 421 2013 Hmrsnx-c.
457 1981 492 2009 et
523 1976 567 2009 cf.
595 1975 709 2008 Coun.
735 1974 916 2006 HEUSING.
943 1973 976 2006 in
1002 1971 1115 2006 Praef.
1141 1983 1174 2015 p.
1200 1971 1276 2005 LX.
1325 1970 1397 2005 Res
1420 1976 1509 2004 nota.
1539 1991 1583 1996 -

240 2045 505 2088 Fingebam,
531 2041 606 2075 sed
632 2043 853 2074 renuente
877 2039 981 2079 deo,
1005 2037 1188 2079 fingebam,
1214 2036 1276 2069 sed
1296 2036 1434 2070 frustra.
1485 2038 1583 2070 Diffi-

239 2113 401 2145 cultatem
427 2118 507 2142 vero
532 2117 648 2140 creare
673 2105 806 2138 videtur
829 2115 861 2138 v,
887 2104 1087 2144 demens,
1122 2103 1176 2135 cui
1203 2102 1310 2146 primo
1337 2102 1499 2146 adspectu
1526 2113 1583 2136 re-

240 2180 370 2222 pugnat
394 2173 483 2208 sed.
532 2173 582 2206 Ac
598 2172 820 2205 ‘SAlvrssNms
845 2169 982 2212 quidem
1007 2168 1154 2201 coniecit
1177 2174 1213 2199 et
1238 2173 1405 2200 renuente
1431 2167 1510 2204 deo,
1547 2172 1584 2200 ut

239 2243 322 2276 haec
355 2251 432 2274 cum
466 2238 601 2270 demens
634 2238 873 2279 iungerentur,
908 2235 1226 2267 me‘mmmcuius
1253 2236 1366 2266 autem
1391 2237 1483 2266 recte
1506 2232 1582 2274 qui-

239 2310 314 2343 dem
348 2310 442 2340 tenet
474 2304 554 2341 sed,
588 2304 699 2337 minus
732 2312 812 2335 vero
846 2304 926 2344 apto
962 2300 1037 2332 loco
1069 2299 1272 2332 collocatum
1306 2301 1402 2342 putat
1435 2297 1580 2330 demens,

240 2374 330 2419 quod
366 2370 646 2415 interponendum
680 2368 783 2400 fuisse
808 2366 891 2399 dicit
925 2363 1141 2398 antecedenti
1175 2363 1384 2401 sententiae,
1419 2364 1458 2393 ut
1490 2362 1581 2404 apud

239 2444 393 2475 Graecos
418 2435 545 2475 τάλας,
571 2437 738 2472 δείλαιος,
766 2435 888 2467 Latine
913 2431 1047 2467 malus,
1074 2431 1175 2464 miser
1200 2431 1467 2472 interponantur.
1516 2429 1582 2461 As-

237 2507 381 2540 sentitur
401 2504 574 2536 Bicflms.
623 2501 693 2534 Sed
717 2510 783 2534 non
802 2498 1070 2532 animadvertunt
1095 2500 1200 2530 totam
1226 2494 1450 2538 oppositionis
1475 2494 1581 2526 ratio-

238 2581 334 2606 nem.
372 2580 457 2611 quae
491 2567 542 2600 liic
571 2567 731 2606 liabetur,
765 2575 958 2609 repugnare
983 2564 1038 2596 tali
1073 2561 1300 2595 collocationi.
1350 2561 1457 2593 lmmo
1489 2563 1580 2593 recte

242 2637 352 2669 omnia
379 2634 511 2667 liabent.
561 2630 792 2677 Jmctginabar
820 2629 975 2677 quidem,
999 2629 1067 2669 ait,
1102 2626 1237 2666 felicem
1265 2625 1393 2664 citam,
1419 2632 1459 2659 ut
1485 2636 1580 2657 eram

1702 1735 1717 1747 f
1703 1077 1718 1693 *KQ*
1707 999 1717 1055 a---
