1721 2953
333 125 413 159 326
638 119 1012 165 COMMENTAR.
1044 127 1103 166 IN
1134 128 1361 169 'l'IBULLl

336 234 423 269 redit
448 234 538 278 quod
564 235 664 271 modo
690 237 816 273 dictum
842 245 915 275 erat
939 242 1013 276 aliis
1041 243 1163 277 verbis.
1189 262 1233 267 —
1272 244 1356 279 Mox
1383 245 1577 289 frangit,
1615 248 1672 287 ait,

336 300 436 333 etiam
479 300 620 336 fortia
658 304 794 338 corda
835 305 983 350 dolor,
1025 312 1062 342 ut
1098 309 1186 343 infra
1220 310 1281 353 111,
1307 313 1341 353 4,
1371 315 1436 346 76:
1479 312 1673 345 vincuntur

334 365 429 397 molli
448 372 596 410 pectora
621 369 714 404 dura
736 383 857 416 prece,
890 374 946 407 ubi
972 377 1065 409 notio
1092 376 1164 413 vel,
1197 377 1325 413 etiam,
1359 377 1426 410 etsi
1450 378 1516 412 iam
1540 378 1574 411 in
1598 379 1674 422 ipso

334 432 500 469 adiectivo
535 435 644 479 inest,
689 444 848 474 monente
883 442 1193 477 worma-amomo
1241 444 1339 477 Adde
1373 444 1436 485 lll,
1471 448 1505 486 3,
1537 447 1595 478 24.
1627 463 1673 468 ——

333 499 457 542 loqu!
484 503 629 546 pudor
654 510 743 549 est,
777 508 923 569 elegans
940 509 1068 554 phrasis
1095 521 1144 555 pr.
1168 510 1289 555 pudet.
1339 511 1437 544 Conf.
1467 511 1572 543 Ovm.
1599 510 1674 544 Re-

333 565 424 598 med·
449 566 524 601 Am.
548 571 630 603 359.
670 571 755 607 Met.
781 572 876 617 XIV,
904 578 959 609 18.
998 577 1089 609 Fast.
1124 577 1166 617 V,
1199 579 1281 609 532.
1330 577 1418 610 Vide
1451 577 1671 610 IhAcmumv.

335 629 378 663 ad
403 631 560 677 Propert.
588 647 620 679 p.
647 638 704 672 47
730 657 776 663 —-
814 640 966 673 taedia
992 642 1124 674 vitae.
1175 642 1382 674 observabis
1407 641 1673 686 euphemismum

335 698 516 742 orationis,
541 706 644 745 poeta
667 706 799 739 nonnisi
824 707 989 742 indirecte
1014 708 1227 750 significante
1252 707 1332 751 quid
1359 708 1450 741 velit.

430 767 473 802 V,
498 768 601 802 9-ad
627 770 683 804 fin.
734 772 901 807 Ultima
935 773 1145 807 mandata
1179 773 1271 815 dat,
1306 783 1537 817 exponens
1573 783 1675 816 quo-

335 830 462 865 modo
508 838 718 879 componi
761 839 873 872 velit
915 839 968 872 ab
1007 843 1150 872 amata
1189 839 1381 881 eiusque
1424 842 1582 880 matre,
1633 844 1674 872 et

331 905 457 938 quem
491 899 675 936 titulum
709 903 901 937 inscribi
935 905 1164 949 sepulcro.

428 965 472 999 V.
496 968 519 999 9
543 977 594 1010 sq.
642 968 776 1013 Ergo.
827 971 964 1004 ieiunus
987 971 1159 1005 transitus.
1184 989 1230 995 —
1267 975 1445 1004 tenuem
1482 973 1674 1003 mutatus

334 1030 373 1064 in
399 1033 615 1077 umbram,
639 1034 670 1069 h.
692 1048 722 1071 e-
749 1037 947 1071 combustus
969 1038 1077 1080 fuero.
1127 1038 1214 1072 Nam
1241 1039 1322 1081 igne
1346 1037 1542 1070 dissolvitur
1565 1037 1676 1070 anima

334 1109 352 1131 a
378 1109 533 1144 corpore.
583 1101 768 1147 Comparat
806 1103 979 1137 Hermus
1013 1103 1114 1137 Ovid.
1152 1104 1246 1138 Fast.
1281 1104 1324 1146 V,
1357 1106 1437 1137 463.
1471 1103 1514 1136 de
1538 1103 1675 1137 Remo:

333 1163 456 1209 elapsa
481 1166 558 1213 rogi
581 1168 740 1212 flammis
773 1175 808 1201 et
832 1168 950 1202 inanis
975 1168 1104 1215 imago.
1153 1168 1251 1203 Adde
1276 1169 1464 1203 PROPERT.
1490 1169 1550 1211 lv,
1575 1173 1609 1211 7,
1633 1171 1675 1203 2:

332 1229 522 1278 luridaque
557 1233 688 1267 evictas
725 1234 857 1280 effugit
896 1233 1021 1268 umbra
1056 1247 1169 1281 rogos.
1229 1236 1385 1269 Conferri
1423 1236 1525 1269 etiam
1562 1239 1677 1279 potest

333 1296 550 1333 HERomAM
588 1300 684 1334 locus
717 1300 778 1344 lV,
804 1304 839 1336 2.
874 1301 917 1335 de
950 1303 1210 1336 consecratione
1244 1303 1508 1346 imperatorum,
1541 1302 1597 1335 ubi
1633 1313 1677 1336 ex

331 1362 470 1406 ignibus
494 1367 607 1409 surgit
642 1367 774 1409 anima,
809 1377 909 1410 quam
936 1368 1048 1410 aquila
1080 1367 1148 1400 sert
1180 1368 1214 1401 in
1239 1368 1390 1410 caelum,
1425 1371 1459 1401 et
1485 1367 1518 1400 in
1547 1368 1676 1400 Museo

334 1429 564 1464 cim-omno
599 1433 701 1466 Tom.
724 1433 785 1468 IV.
819 1434 889 1468 tab.
920 1436 976 1467 12.
1027 1434 1211 1467 Faustinae
1246 1434 1392 1467 Minoris
1427 1431 1623 1477 apotheosis
1657 1444 1677 1466 e

333 1504 419 1538 rogo
446 1506 484 1530 se
508 1497 671 1531 tollentis.
699 1516 741 1522 -
775 1499 980 1533 Candida
1004 1511 1128 1542 ossa,
1160 1500 1293 1542 nigra
1325 1499 1510 1541 favilla,
1535 1501 1678 1543 opposi-

334 1560 426 1595 tione
451 1560 679 1605 epithetorum
703 1564 902 1607 manifesta,
937 1569 974 1598 ut
999 1576 1080 1598 mox
1105 1576 1135 1599 v.
1157 1568 1214 1599 18.
1238 1569 1297 1598 20.
1324 1570 1359 1599 et
1385 1566 1482 1600 alias.
1531 1566 1677 1600 videtur

334 1625 389 1661 hic
422 1632 526 1672 poeta
561 1630 703 1663 multum
729 1629 918 1663 delectatus
952 1641 1028 1663 esse
1052 1631 1268 1673 oppositione
1293 1631 1469 1672 colorum,
1508 1631 1551 1665 cf.
1575 1642 1677 1674 supra

335 1697 368 1737 1,
393 1697 426 1729 9.
452 1695 539 1729 infra
565 1698 598 1738 4,
624 1700 671 1730 30
690 1708 763 1740 sqq.
799 1714 846 1723 —
881 1701 1020 1740 teget.
1083 1697 1153 1730 Cur
1185 1697 1317 1730 diversa
1352 1701 1508 1742 tempora
1546 1698 1676 1731 fuero

333 1765 367 1796 et
399 1765 530 1805 teget
555 1762 609 1795 hic
641 1762 755 1795 iuncta
780 1763 869 1805 sint,
906 1773 962 1796 res
987 1763 1062 1807 ipsa
1086 1762 1209 1805 docet,
1247 1774 1310 1797 nec
1336 1764 1404 1798 dici
1429 1765 1543 1809 potuit
1567 1766 1677 1798 aliter.

333 1830 381 1863 At
404 1829 593 1864 Pnopmw.
621 1829 648 1871 l,
674 1832 730 1871 15,
756 1831 812 1864 19.
850 1839 928 1863 cum
953 1833 988 1863 et
1019 1829 1165 1873 simplex
1200 1829 1350 1863 futurum
1383 1834 1418 1863 et
1443 1834 1601 1864 exactum
1627 1832 1678 1864 bis

334 1896 415 1939 poni
441 1901 569 1940 posset,
593 1898 745 1930 iunctum
770 1901 951 1940 utrumque
975 1898 1169 1931 variationis
1195 1908 1307 1941 causa,
1332 1898 1445 1941 qualia
1469 1899 1571 1931 etiam
1596 1899 1678 1931 alias

334 1961 438 2004 legas,
464 1962 555 2005 quod
578 1966 718 2006 propter
740 1962 962 1996 Huscnxnm
982 1964 1165 1997 notandum
1187 1964 1259 1997 fuit.
1275 1983 1322 1989 -
1347 1965 1390 1999 V.
1404 1967 1445 1998 11
1465 1977 1539 2008 sqq.
1566 1966 1676 1998 Ante

332 2037 474 2061 meum
506 2029 664 2061 veniat
694 2038 867 2071 rogum,
906 2034 943 2062 ut
968 2040 1023 2074 ap.
1050 2031 1162 2064 Auc'r.
1189 2031 1397 2064 Rnnwomc.
1423 2042 1470 2064 An
1499 2031 1675 2064 HERENN.

334 2094 361 2136 1,
388 2096 452 2128 14:
475 2094 591 2127 venire
617 2099 700 2126 ante
725 2093 980 2139 imperatorem.
1006 2114 1052 2121 -—-
1084 2096 1139 2129 Et
1164 2096 1278 2130 fleat
1301 2100 1405 2130 ante
1430 2107 1586 2138 meum,
1612 2107 1677 2130 non

334 2167 386 2196 est
409 2162 499 2195 bona
531 2163 690 2206 repetitio
723 2164 905 2197 verborum
939 2171 1023 2197 ante
1051 2177 1180 2202 meum,
1217 2165 1279 2199 sed
1304 2166 1369 2198 alia
1394 2164 1541 2198 debebat
1565 2165 1678 2208 gravis

334 2239 402 2262 vox
426 2228 506 2262 addi
530 2230 756 2273 verbo-fleat.
775 2248 820 2254 -
846 2231 1004 2263 matris
1031 2230 1208 2272 dolore,
1232 2242 1254 2263 a
1279 2235 1388 2264 matre
1413 2229 1570 2272 dolente,
1597 2241 1676 2263 sua<

334 2295 383 2328 vis
408 2294 536 2336 forma,
572 2294 614 2327 de
639 2305 704 2337 qua
731 2296 858 2329 dictum
883 2296 925 2329 ad
952 2296 978 2338 Ι,
1004 2299 1038 2338 2,
1066 2299 1120 2330 11.
1179 2297 1264 2330 Cum
1291 2301 1397 2330 matre
1423 2297 1591 2330 Neaeram
1619 2307 1676 2329 ve-

334 2363 407 2396 nire
432 2363 504 2395 vult
534 2372 600 2396 non
627 2363 736 2396 solum
764 2369 904 2407 propter
927 2363 1110 2406 decorum,
1148 2364 1208 2397 sed
1233 2363 1276 2397 ad
1303 2364 1466 2397 maiorem
1492 2365 1542 2396 sui
1569 2362 1677 2395 bono-

333 2439 415 2462 rem.
438 2447 484 2453 —-
521 2438 736 2470 generum
771 2433 806 2462 et
839 2430 982 2464 virum
1015 2429 1098 2463 dicit
1124 2429 1265 2472 iterum,
1299 2441 1376 2464 cum
1410 2440 1533 2473 sponsa
1560 2429 1677 2462 suisset

334 2495 489 2536 Neaera,
525 2499 563 2528 ut
600 2495 732 2529 futurus
766 2500 858 2529 esset
892 2506 999 2539 gener
1033 2500 1068 2530 et
1101 2498 1162 2532 vir.
1214 2492 1491 2540 Conf.;1ai‹s1‘1,m'÷
1517 2497 1675 2528 Pmmn.

335 2560 389 2595 01.
417 2561 492 2602 Vll,
518 2563 550 2594 4.
585 2579 629 2585 —-
678 2559 885 2596 Maereat
920 2575 1110 2607 genero,
1151 2565 1261 2596 viro.
1319 2562 1404 2595 Cum
1442 2563 1589 2596 amatim
1628 2563 1675 2595 rei

334 2628 426 2670 iungi
460 2628 600 2662 verbum
626 2632 778 2669 constat,
817 2634 852 2662 at
878 2639 1045 2673 personae
1072 2629 1237 2661 ablativus
1263 2628 1418 2662 soloecus
1453 2633 1564 2670 esset,
1600 2639 1674 2661 num
