1721 2953
288 192 352 217 civ
839 172 915 212 DE
946 169 1102 214 POESI

292 292 365 339 sit,
408 296 531 342 atque
564 287 665 327 haec
695 286 828 326 forma
864 293 927 326 ter
958 284 1078 325 redit.
1144 281 1273 336 Igitur
1302 283 1481 336 primum
1510 282 1643 324 statim

293 366 336 405 in
377 362 550 405 exordio
590 361 768 414 erumpit
805 361 1035 414 obiurgatio
1075 359 1249 413 periurii
1286 359 1491 413 simulque
1523 374 1645 412 prae·

297 443 445 481 dicitnr
477 439 579 478 ultio
618 435 815 487 deorum,
855 437 980 476 immo
1010 437 1091 475 iam
1125 449 1235 476 nunc
1272 434 1512 475 huiusmodi
1545 435 1646 488 quid

295 519 447 557 instare
478 514 672 555 creditur.
729 513 838 552 Tum
864 512 909 551 in
935 510 1072 551 medio
1099 511 1278 550 carmine
1301 510 1423 550 latius
1451 518 1488 550 et
1513 509 1647 548 fusius

297 600 491 632 tractatur
523 598 829 642 argumentum,
868 597 1071 629 crescente
1100 587 1350 628 verbositate
1379 586 1565 635 affectus,
1603 593 1649 625 ut

296 669 361 717 fit,
403 667 446 706 in
480 679 702 720 progressu
738 666 943 706 carminis.
1008 665 1193 718 Exponit
1225 664 1349 715 igitur
1382 677 1493 702 nunc
1525 670 1649 715 poeta

297 743 582 794 obiurgatione
612 741 827 793 uberiore,
860 741 1069 780 uberrima
1099 753 1264 779 omnem
1293 738 1488 779 iniuriam
1519 737 1650 791 pueri,

297 827 337 859 et
358 828 451 872 post
472 820 578 859 hauc
602 818 723 857 etiam
748 832 907 871 poenae
929 817 1285 858 denuntiationem
1308 815 1470 856 subiicit
1491 815 1652 864 iterum,

298 903 462 948 praeter
490 908 667 948 puerum
695 894 896 947 imprimis
929 901 1215 945 corruptorem
1244 890 1481 943 gravissime
1513 888 1652 940 exagi-

296 979 402 1010 tans.
458 971 673 1010 Postremo
701 971 745 1009 in
773 971 886 1010 exitu
909 968 1077 1008 tertium
1103 976 1265 1008 accusat
1288 981 1479 1020 puerum,
1511 966 1652 1006 obiur-

298 1061 396 1099 gans
430 1047 544 1101 quod
574 1047 801 1099 decrepitus
832 1061 958 1088 senex
991 1046 1041 1086 sit
1074 1053 1254 1095 amator,
1291 1053 1414 1097 atque
1449 1043 1570 1082 etiam
1601 1039 1653 1079 ad

299 1137 458 1175 poenae
492 1123 844 1163 denuntiationem
875 1134 1066 1162 reversus
1100 1118 1213 1158 addit
1245 1120 1402 1158 tristem
1434 1117 1654 1169 poeniten-

298 1201 395 1240 tiam
432 1201 469 1240 ei
506 1201 703 1239 futuram.
771 1200 907 1252 Atque
943 1199 1000 1237 ita
1029 1196 1144 1237 vides
1180 1194 1294 1250 quod
1332 1194 1441 1245 dixi,
1476 1196 1652 1235 formam

299 1276 530 1328 argumenti
571 1274 743 1314 eandem
783 1275 965 1315 suaviter
1002 1281 1067 1314 ter
1107 1272 1348 1326 repetitam,
1390 1272 1447 1312 ita
1486 1270 1653 1325 quidem

298 1359 344 1390 ut
382 1351 565 1392 vividum
607 1351 824 1389 introitum
863 1348 1055 1389 disertior
1098 1355 1138 1387 et
1179 1348 1345 1398 gravior
1384 1346 1570 1386 tractatio
1610 1345 1653 1384 in

299 1426 434 1467 medio
478 1426 658 1466 carmine
700 1432 916 1478 sequatur,
966 1422 1144 1476 denique
1188 1423 1309 1462 etiam
1353 1421 1489 1461 exitus
1533 1419 1656 1460 addat

301 1517 407 1557 quae
436 1509 642 1555 pungant,
676 1515 751 1540 nec
778 1499 1006 1553 quidquam
1033 1497 1142 1537 dicas
1168 1497 1301 1550 aptius
1324 1497 1368 1535 in
1392 1498 1463 1536 tali
1493 1495 1654 1535 affectu.

299 1580 430 1620 Simul
471 1578 710 1619 variationis
750 1576 863 1617 adest
900 1576 1127 1629 plurimum
1165 1574 1210 1614 in
1248 1573 1418 1624 singulis
1457 1572 1655 1625 partibus,

299 1671 351 1696 ne
377 1655 469 1709 quis
495 1653 633 1695 credat
659 1661 793 1693 cetera
819 1651 957 1692 omnia
980 1650 1220 1701 uniformia.
1275 1648 1383 1689 Nam
1408 1648 1450 1686 in
1480 1646 1654 1687 exordio

299 1730 466 1783 quidem
493 1731 629 1783 placet
660 1729 832 1770 mutatio
863 1729 1086 1769 sententiae
1116 1735 1156 1767 et
1185 1723 1298 1780 quod
1330 1725 1439 1765 lenia
1468 1723 1655 1762 immixta

300 1806 563 1856 durioribus,
619 1813 742 1858 poeta
783 1819 806 1844 a
845 1804 967 1844 minis
1011 1803 1063 1842 ad
1104 1800 1413 1843 excusationem
1454 1798 1576 1852 pueri
1617 1806 1657 1837 et

299 1880 630 1934 deprecationem
657 1894 817 1932 poenae
847 1886 1061 1932 pergente,
1091 1886 1179 1917 tum
1209 1890 1309 1918 vero
1337 1875 1389 1915 ad
1417 1876 1522 1915 iram
1550 1876 1656 1914 rela-

299 1960 435 1998 bente.
506 1957 556 1996 In
596 1955 732 1995 medio
776 1963 913 1994 autem
955 1954 1133 1993 carmine
1173 1967 1320 2003 magna
1356 1953 1474 2005 copia
1515 1965 1656 1992 rerum

299 2034 567 2086 conspicitur,
599 2030 825 2072 secundum
852 2030 1134 2083 gradationem
1159 2028 1375 2078 adornata,
1405 2029 1520 2068 cuius
1545 2041 1656 2067 com-

298 2111 545 2164 positionem
577 2116 703 2160 supra
736 2107 915 2159 explicui
949 2106 994 2145 in
1023 2105 1301 2158 disputatione
1331 2103 1381 2143 de
1416 2102 1657 2155 descriptio-

298 2189 434 2228 nibus.
500 2186 647 2225 Exitus
679 2184 857 2238 denique
894 2184 1016 2223 etiam
1050 2184 1230 2237 quietem
1264 2182 1404 2229 affert,
1447 2189 1494 2220 ut
1523 2179 1657 2230 debet,

297 2266 341 2305 in
367 2263 513 2303 ultimo
545 2261 741 2311 disticl103
773 2274 866 2299 narn
893 2259 1112 2313 requiescit
1140 2257 1306 2298 tandem
1331 2263 1454 2309 poeta
1482 2255 1527 2294 in
1551 2255 1657 2306 cogi-

297 2339 453 2380 tatione
501 2338 669 2387 salutis,
720 2338 927 2376 resolutus
969 2337 1104 2376 fallaci
1150 2348 1290 2375 amore
1334 2332 1469 2386 pueri.
1542 2332 1655 2370 Haec

298 2416 495 2454 hactenus
516 2410 569 2464 ³²).
626 2413 814 2452 Alterum
840 2414 1097 2464 praeclarum
1127 2410 1363 2463 exemplum
1392 2407 1516 2448 huius
1544 2419 1656 2445 com-

370 2584 403 2628 ‘)
437 2584 558 2618 Obiter
583 2584 721 2618 verbum
756 2584 844 2618 addo
872 2584 914 2618 de
949 2584 1073 2618 ceteris
1101 2584 1142 2616 ad
1171 2579 1360 2617 Marathum
1388 2578 1526 2621 elegiis,
1564 2587 1652 2621 quae

306 2650 338 2679 et
365 2645 458 2689 ipsae
486 2645 661 2688 eleganter
687 2645 857 2688 scriptam
897 2644 1099 2688 compositio
1128 2641 1283 2684 simplex.
1344 2640 1456 2681 Atque
1482 2638 1513 2671 in
1539 2637 1650 2680 elegia
