1721 2953
488 140 631 180 LlBR.
661 140 712 179 Π.
770 141 930 183 ELEG.
960 145 1033 185 lv.
1348 154 1428 188 2:39

86 259 128 291 ad
155 260 310 303 Propert.
339 258 384 300 ΙΙ,
409 262 441 298 7,
467 269 500 302 p.
529 261 625 298 126„
664 256 727 290 hoc
762 261 872 290 tamen
909 258 982 291 loco
1017 260 1059 293 de
1087 272 1193 303 poena
1219 262 1350 304 agitur,
1391 268 1427 296 ut

86 327 201 368 vides3
227 327 376 371 postulat
400 329 437 359 ut
462 329 630 358 tormenta
657 326 727 358 irae
754 330 929 358 removeat
954 326 1120 362 Nemesis.
1150 347 1194 355 —
1241 331 1280 364 V.
1306 335 1325 364 7
1352 342 1427 373 sqq.

86 404 136 426 ne
163 394 329 437 possim
359 392 390 426 h.
418 402 447 425 e.
473 392 599 425 utinam
624 392 698 425 fieri
725 393 832 436 possit
858 397 894 426 ut
919 403 984 426 non
1009 397 1170 437 sentiam,
1206 398 1427 439 quemadmo-

87 460 165 492 dum
200 458 284 492 infra
318 458 378 499 ΙΙΙ,
403 460 435 499 4,
467 460 524 491 82.
559 457 704 491 dictum:
748 458 796 489 ah
831 470 894 503 ego
928 470 970 491 ne
1002 461 1134 503 possim
1169 467 1275 494 lanta
1314 463 1428 497 videre

85 522 192 555 mala.
244 522 321 556 Non
347 527 399 555 est
424 523 527 565 igitur
552 523 658 556 inanis
684 523 964 567 circumscriptio.
983 544 1026 548 —
1052 527 1092 559 in
1120 528 1290 569 gelidis
1315 541 1429 564 mon-

86 588 212 622 tibus
247 598 347 622 esse
382 589 506 632 lapis.
556 589 716 622 Suaviter
746 588 874 635 gelidis
899 589 1035 624 adiuvat
1060 595 1274 629 sententiam.
1324 596 1430 630 Cete-

87 665 159 688 rum
186 655 347 688 Vurmms
370 655 502 689 confert
528 657 635 690 Ovm.
662 656 751 700 Epp.
777 667 820 690 ex
846 657 959 690 Ponto
979 658 1004 699 Ι,
1028 661 1062 700 2,
1087 662 1152 692 31:
1177 660 1323 693 Felicem
1341 662 1431 694 Nio-

87 718 168 755 ben,
194 719 354 765 quamvis
380 726 433 753 tot
454 720 589 766 funera
616 720 725 756 vidit,
759 722 859 765 Quae
879 722 999 766 posuit
1026 736 1162 757 sensum
1187 738 1297 758 saxea
1317 726 1428 772 sacta

88 785 183 818 mali.
236 787 306 819 Vos
332 798 468 831 quoque
485 785 624 830 felices,
652 798 802 831 quarum
828 787 1021 820 clamantia
1039 789 1198 834 fratrem
1218 791 1350 825 Cortice
1371 804 1430 824 ve-

87 850 178 882 laz-it
199 851 353 895 populas
379 863 442 884 ora
465 864 564 885 novo.
615 853 681 885 Ille
705 865 768 899 ego
792 866 890 896 szmz,
922 854 1056 901 lignum
1083 856 1144 902 qui
1166 869 1232 890 non
1257 858 1430 892 admittar

89 915 124 947 in
150 915 282 952 ullum,
316 917 383 948 Ille
415 929 478 961 ego
511 930 588 950 sum
617 918 769 963 fruslra
796 920 857 965 (μα’
882 919 974 964 lapis
996 933 1069 954 esse
1094 922 1206 958 velim,
1234 943 1274 949 ——
1323 926 1432 960 Porro

88 982 224 1016 Stare
249 983 320 1016 scil.
348 984 540 1027 immobilis,
566 985 657 1028 quod
684 987 767 1020 latet
794 987 825 1019 in
847 988 961 1023 verbo.
980 1008 1019 1013 —
1044 990 1236 1033 insanis,
1262 997 1298 1026 nt
1326 994 1431 1028 Vme.

88 1048 209 1092 Eclog.
236 1050 296 1091 lX,
320 1052 385 1083 43:
423 1050 541 1083 insani
555 1052 713 1095 stactus,
740 1053 848 1086 Ovm.
877 1054 961 1088 Met.
988 1054 1066 1097 Xll,
1088 1059 1178 1090 5102
1213 1057 1350 1092 insanis
1375 1060 1432 1092 vi·-

87 1115 185 1148 ribus
208 1115 352 1152 Austri,
377 1120 412 1149 et
435 1118 546 1151 STAT.
568 1118 652 1151 Silv.
672 1117 697 1159 l,
720 1121 810 1151 566:
836 1118 985 1152 insanas
1011 1119 1123 1155 turbo,
1153 1123 1260 1155 Ovm.
1288 1124 1432 1159 Herold.

87 1184 114 1224 l,
136 1187 174 1216 6:
204 1183 339 1215 insanis
359 1183 473 1228 aquis,
499 1185 687 1217 Pnovmzw.
711 1185 771 1224 lll,
793 1189 826 1226 7,
847 1189 878 1218 6.
906 1187 1041 1220 SssNssc.
1069 1189 1207 1233 Hippol.
1230 1194 1310 1224 700.
1337 1192 1430 1225 Med.

87 1253 177 1282 765:
203 1249 368 1282 insanam
393 1261 498 1283 mare.
524 1269 568 1273 —
595 1251 678 1283 Mox
706 1251 798 1285 Nau
812 1252 939 1295 fraga
965 1254 1097 1296 unda,
1125 1255 1322 1300 vehemens,
1348 1269 1432 1301 qua-

88 1315 128 1348 lis
153 1320 206 1348 est
230 1326 332 1349 causa
356 1314 552 1356 naufragiis.
601 1316 661 1348 Sic
696 1316 884 1361 tzazifraga
908 1323 1098 1362 tempestas
1130 1321 1270 1354 VALER.
1301 1322 1432 1356 FLAcc.

87 1382 114 1423 Ι,
147 1384 230 1415 584.
271 1381 431 1415 laudante
467 1383 607 1416 VULPIo
643 1386 678 1415 et
712 1383 1033 1425 WUNussRmmuo,
1078 1385 1300 1430 tzazifragmn
1338 1400 1434 1420 mare

86 1451 229 1484 HORAT.
258 1451 285 1492 I,
311 1453 366 1492 16,
392 1453 468 1492 10.,
502 1449 726 1495 naufragum
749 1448 890 1494 fretum
924 1452 1032 1485 OHD.
1064 1453 1147 1485 Met.
1169 1453 1264 1496 XIV,
1290 1457 1322 1489 6.
1359 1456 1433 1488 lau-

86 1516 187 1550 dante
221 1517 361 1551 Vossm.
420 1516 581 1550 Ceterum
615 1528 682 1551 non
723 1528 808 1562 opus
844 1518 991 1561 graviori
1026 1529 1109 1552 voce
1142 1519 1199 1552 ira
1236 1531 1285 1564 pr.
1324 1522 1434 1559 unda,

86 1593 186 1624 qnam
224 1583 373 1615 Vossms
408 1593 485 1616 cum
519 1577 780 1616 BRoucKnthm
818 1585 977 1627 postulat.
1007 1603 1053 1609 —-
1087 1587 1203 1619 vasti
1230 1591 1282 1620 est
1307 1598 1433 1631 perpe-

86 1650 181 1679 tuum
207 1647 362 1689 quidem,
397 1647 487 1689 quod
515 1647 650 1688 dicunt,
686 1648 787 1680 maris
812 1647 1005 1690 epitheton,
1041 1651 1177 1685 minime
1203 1656 1314 1685 tamen
1341 1655 1431 1686 otio-

87 1724 159 1746 sum
188 1713 251 1755 hic,
279 1724 355 1746 cum
381 1717 496 1747 cautes
523 1713 735 1746 describatur
759 1714 792 1747 in
816 1714 927 1748 medio
954 1717 1036 1749 mari
1063 1717 1104 1749 ab
1132 1719 1221 1751 omni
1246 1723 1342 1762 parte
1369 1730 1431 1752 ex-

88 1783 218 1826 positus
243 1781 352 1814 undis.
402 1781 652 1824 Comparantur
676 1781 808 1824 scopuli
838 1785 872 1814 et
905 1791 990 1814 saxa
1024 1783 1152 1815 marina
1187 1784 1276 1827 apud
1312 1789 1431 1828 poetas

87 1849 140 1881 vel
166 1848 207 1880 ad
241 1847 464 1881 constantiam
489 1846 691 1890 intrepidam
725 1850 759 1879 et
784 1851 907 1879 statum
934 1848 1141 1882 immobilem
1172 1849 1432 1893 designandum,

89 1918 126 1947 nt
154 1914 249 1947 Hom.
274 1913 313 1946 Il.
339 1912 416 1954 XV,
441 1915 522 1946 618.
556 1916 591 1945 et
617 1913 752 1946 Sssmssc.
780 1912 848 1946 Vit.
875 1912 973 1946 Beat.
1000 1916 1080 1956 27„
1115 1916 1167 1948 vel
1203 1916 1245 1949 ad
1283 1918 1432 1952 surdita-

88 1984 156 2013 tem
189 1983 248 2012 aut
278 1988 397 2012 sensus
423 1982 601 2022 expertem
627 1979 794 2020 animum,
829 1979 1112 2021 quemadmodum
1140 1981 1284 2016 Honm.
1311 1983 1372 2025 Ill,
1400 1988 1433 2026 7,

86 2048 145 2080 21.
170 2044 281 2088 Epod.
307 2044 420 2085 XVII,
444 2046 502 2077 53.
536 2043 616 2085 ibiq.
646 2044 878 2077 Masonem„
929 2045 1057 2078 Similis
1084 2051 1135 2079 est
1161 2046 1214 2080 hic
1240 2058 1294 2082 res
1319 2054 1357 2082 ut
1382 2051 1432 2082 vi-

88 2111 169 2152 des3
206 2120 306 2143 sensu
333 2113 367 2142 et
391 2110 502 2142 animo
527 2119 645 2142 carere
670 2120 707 2142 se
732 2111 832 2143 malle
858 2110 959 2153 dicit,
996 2113 1025 2144 si
1058 2113 1132 2146 fieri
1159 2120 1293 2158 posset,
1331 2128 1431 2159 qnam

87 2177 178 2210 serre
201 2177 326 2209 diutius
350 2175 408 2209 has
434 2187 612 2209 aerumnas
636 2178 760 2211 amoris
779 2177 922 2211 adversi.
971 2178 1151 2213 Postremo
1172 2180 1310 2215 attende
1330 2183 1432 2215 etiam

88 2242 131 2276 ad
157 2246 349 2286 temporum
376 2242 668 2275 coniunctionem:
708 2252 728 2275 n
750 2252 769 2275 e
803 2244 970 2286 possim
999 2262 1045 2268 —-
1071 2245 1205 2279 Quam
1242 2246 1431 2280 mallem.

87 2308 139 2340 Ac
172 2318 213 2339 ne
241 2307 374 2350 possim
401 2305 483 2338 dicit
515 2306 645 2339 directo
677 2310 756 2339 voto
790 2313 825 2341 et
851 2312 973 2350 optans
998 2309 1088 2350 qnod
1115 2321 1135 2343 a
1160 2312 1232 2344 sola
1260 2313 1434 2345 voluntate

89 2373 247 2407 Nemesis
273 2372 418 2417 pendet,
454 2371 591 2403 mallem
616 2377 728 2405 autem
755 2372 838 2405 dicit
864 2371 1106 2416 hypothetice,
1142 2376 1285 2418 loquens
1310 2377 1353 2410 de
1378 2388 1431 2416 eo,

89 2439 178 2481 qnod
205 2439 342 2471 minime
375 2441 428 2471 est
462 2438 644 2472 verisimile
678 2443 712 2471 et
746 2440 820 2472 fieri
855 2440 993 2482 nequit3
1029 2441 1090 2473 sed
1126 2443 1359 2477 tantummodo
1391 2444 1434 2478 ad

89 2504 354 2545 magnitudinem
382 2503 511 2537 doloris
536 2503 773 2538 declarandam
800 2504 863 2538 hoc
890 2510 942 2538 est
964 2506 1112 2549 dictum,
1138 2519 1175 2541 se
1200 2510 1347 2553 lapidem
1373 2516 1433 2544 aut

90 2573 224 2601 vantem
257 2569 328 2602 lieri
362 2570 483 2611 malle,
520 2581 586 2604 non
620 2575 732 2605 autem
767 2582 885 2605 revera
914 2573 983 2607 fiet.
1009 2592 1055 2598 —
1083 2575 1233 2608 noctis
1267 2577 1431 2619 umbra,

90 2634 260 2675 tenebrae,
288 2634 395 2669 vino.
422 2635 544 2680 Eclog·
568 2638 660 2680 VIll,
686 2641 736 2671 14.
765 2640 848 2672 Aen.
872 2640 914 2681 ll,
939 2642 1019 2675 621.
1069 2642 1182 2685 Saepe
1208 2652 1288 2676 vero
1319 2643 1432 2676 dieunt

982 2709 1060 2746 17*
