1721 2953
278 134 357 173 274
584 125 958 169 COMMENTAR.
992 129 1050 168 ΙΝ
1081 126 1312 168 T1BULL1

278 250 377 291 nique
412 245 621 279 noscamus
653 243 813 276 observat
838 244 959 277 imitari
994 243 1080 276 liunc
1116 243 1225 276 locum
1253 241 1418 275 Ovimum
1445 241 1536 274 Fast.
1565 241 1624 282 lv,

278 317 358 348 451,
409 313 570 345 Ceterum
598 309 679 340 (lum
707 307 891 341 cumulant
916 309 1017 351 dicit,
1053 308 1222 351 praesenti
1246 311 1419 351 tempore,
1452 307 1531 350 qula
1559 307 1623 339 lam

277 392 364 415 nnnc
399 389 453 413 res
487 379 545 420 fit,
579 380 722 410 canente
753 379 865 420 poeta.
916 377 1028 419 Atque
1062 374 1146 409 haec
1181 373 1355 409 hactenus.
1380 391 1426 397 —-
1460 374 1501 407 V.
1527 376 1549 405 7
1573 382 1625 414 sq.

277 448 364 483 Sed
387 445 562 481 nitidus
588 442 873 490 pulcherque
904 444 1016 478 veni.
1065 442 1312 487 Accipiendum
1336 441 1379 476 de
1404 444 1525 474 ornatu
1551 441 1605 473 cul

277 522 381 558 tuque
415 513 558 556 reliquo.
606 511 666 544 Sic
702 510 847 544 Honm.
881 509 941 551 111,
977 511 1034 550 24,
1067 511 1136 542 20:
1173 507 1287 542 nitido
1326 507 1410 551 fidit
1448 506 1626 540 adultero.

275 583 494 626 comparante
531 578 791 611 Baoucxnusxo
831 579 865 609 et
902 575 1065 609 Hermo.
1129 574 1180 608 lta
1222 575 1327 617 igitur
1365 575 1466 608 deum
1503 573 1625 607 adesse

276 651 370 691 vult,
394 650 474 682 licet
497 658 563 681 non
588 647 695 679 visum
720 645 850 686 oculis;
875 653 950 677 nam
979 646 1137 676 ornatum
1163 642 1264 676 etiam
1295 642 1379 675 deos
1403 646 1536 675 mutare
1562 651 1624 685 pro

276 717 372 751 festis
397 715 517 749 diebus
541 713 685 747 credidit
708 711 906 755 antiquitas,
931 715 966 744 et
991 710 1232 745 documentum
1255 713 1308 743 est
1334 707 1484 742 habitum
1507 709 1623 742 faven-

275 783 319 816 tis
354 781 431 823 dei,
467 781 496 813 si
529 779 614 813 bene
651 782 790 812 ornatus
814 778 1007 811 interesset.
1059 776 1221 809 Ceterum
1246 774 1336 808 conf.
1360 775 1406 816 II,
1432 777 1466 817 2,
1492 778 1525 808 6.
1564 774 1625 815 IV,

276 852 310 892 6,
339 851 393 883 13.
428 847 590 881 cirrum..
610 845 704 888 LXI,
728 847 848 878 6-10.
886 845 1092 878 CmunuN.
1118 840 1268 886 Epithal.
1294 841 1426 876 Pallad.
1452 845 1487 873 et
1513 840 1626 873 Celer.

277 927 307 950 v.
331 917 398 949 103
425 924 497 957 sqq.
549 911 720 946 Notarunt
745 911 1047 951 Buoucifflusms,
1079 908 1275 949 Hermus,
1310 907 1482 948 Vossms,
1508 906 1623 939 Wun-

278 990 516 1015 mmmcmtrs.
541 996 585 1003 -
633 980 803 1011 vestem
838 975 1108 1020 sepositam,
1145 973 1189 1007 ad
1221 973 1327 1006 festos
1363 971 1446 1005 dies.
1504 971 1625 1004 Talem

277 1047 480 1081 observante
504 1044 696 1078 Huscmuo
723 1041 912 1086 Appuleius
930 1040 994 1082 XI,
1015 1042 1097 1073 245.
1123 1038 1332 1072 cataclistam
1357 1037 1525 1082 appellat:
1550 1038 1626 1069 Eas

277 1123 444 1147 amoenus
478 1109 691 1144 lectissimae
723 1106 926 1141 iuventatis
951 1112 1048 1140 veste
1073 1104 1176 1138 nivea
1201 1109 1237 1137 et
1263 1103 1455 1136 cataclista
1479 1102 1628 1147 praeni-

276 1186 355 1212 tens
384 1175 598 1224 sequebatur
621 1174 761 1209 chorus.
814 1173 864 1206 De
899 1182 968 1215 quo
1003 1170 1081 1206 vide
1115 1171 1329 1204 SALMASIUM
1362 1169 1406 1202 ad
1441 1168 1628 1202 Tertullia-

277 1255 357 1278 num
390 1243 433 1277 de
465 1242 577 1277 Pallio
613 1253 645 1284 p.
673 1241 751 1272 174.
813 1238 991 1281 Intelliges
1016 1247 1097 1270 vero
1123 1236 1176 1271 hic
1202 1237 1325 1280 pallam
1351 1247 1378 1271 s,
1405 1236 1528 1269 stolam
1555 1235 1627 1275 Py-

276 1311 400 1352 thiam,
432 1308 476 1343 cs.
502 1307 565 1348 111,
592 1308 626 1347 4,
652 1308 708 1338 35.
742 1305 930 1338 Pnoesswr.
956 1303 1001 1345 II,
1026 1305 1083 1345 31,
1107 1303 1164 1336 fin.
1202 1303 1395 1336 Samium.
1421 1301 1463 1334 ad
1491 1300 1627 1333 callim.

278 1380 311 1412 in
338 1378 449 1422 Apoll.
476 1377 555 1416 32,
593 1372 701 1416 qualis
728 1371 862 1404 omuino
888 1368 1118 1403 citharoedica
1155 1368 1238 1410 fuit,
1275 1368 1319 1402 cf.
1346 1369 1491 1401 Hauon.
1518 1367 1546 1409 I,
1570 1369 1627 1401 24.

278 1444 322 1478 de
349 1443 486 1483 Arione,
511 1442 618 1474 Ovm.
646 1438 740 1471 Fast.
764 1437 810 1479 II,
836 1439 915 1471 107.
967 1435 1063 1470 Adde
1090 1436 1230 1469 Pnocm
1257 1433 1507 1468 Chrestomath.
1533 1446 1567 1478 p.
1593 1437 1627 1467 8.

278 1510 332 1544 ed.
367 1507 499 1543 Scliott.
538 1510 572 1540 et
609 1505 812 1538 Wssncxmu
848 1503 1101 1536 annotationem
1139 1501 1274 1535 doctam
1314 1500 1356 1534 ad
1393 1499 1493 1534 Pind.
1527 1499 1628 1532 Nem.

278 1577 340 1619 IX,
366 1576 437 1610 init.
472 1575 505 1608 in
532 1570 682 1606 Boeckh.
709 1569 790 1603 edit.
826 1581 862 1613 p.
889 1571 971 1602 453.
1022 1568 1111 1602 vide
1136 1568 1238 1600 etiam
1265 1567 1423 1600 simiis.
1450 1565 1494 1599 de
1517 1565 1629 1600 Pallio

277 1655 310 1686 p.
337 1644 417 1675 469.
451 1644 485 1673 et
519 1640 699 1671 Eoum-10.
732 1636 776 1669 ad
809 1635 957 1678 Longin.
986 1647 1020 1679 p.
1047 1634 1171 1668 CLIX.
1197 1633 1251 1667 ed.
1279 1633 1430 1673 Weisk.‚
1463 1635 1499 1665 et
1521 1632 1630 1665 Μϋι-

278 1717 367 1740 an
394 1704 580 1749 Compend.
608 1701 786 1736 Archaeol.
812 1713 846 1745 p.
871 1703 939 1734 467
965 1711 1040 1744 sqq.
1067 1718 1113 1723 —
1154 1700 1196 1734 V.
1223 1702 1244 1733 9
1268 1709 1319 1742 sq.
1369 1698 1558 1734 Qualem
1589 1701 1629 1730 te

281 1775 547 1811 memorant,
581 1768 611 1801 li.
639 1779 669 1801 e.
704 1767 796 1810 quali
830 1765 947 1799 habitu
984 1769 1019 1798 et
1044 1768 1176 1798 ornatu.
1227 1765 1428 1798 Saturno
1459 1763 1630 1806 fugato.

281 1838 390 1871 Ymc..
418 1839 501 1869 Aen.
527 1834 622 1876 vm,
649 1835 738 1866 320:
776 1830 920 1864 Primus
955 1828 1001 1862 ab
1034 1829 1193 1863 aetherio
1226 1830 1321 1863 venit
1349 1829 1434 1873 (huc
1460 1829 1516 1862 nbi
1540 1839 1629 1861 nunc

278 1904 410 1947 Roma)
437 1904 618 1935 Saturnus
645 1898 811 1943 Olympo.
847 1897 963 1931 Arma
994 1896 1092 1931 Iovis
1115 1896 1268 1944 fugiens
1306 1903 1342 1929 et
1377 1895 1494 1942 regnis
1527 1893 1631 1926 exsul

281 1969 441 2001 ademlis.
492 1969 553 2001 llla
576 1976 655 2000 vero
683 1966 849 2008 exquisita
877 1965 1002 2006 sabula,
1028 1968 1167 1998 notante
1192 1964 1358 2006 Hermo,
1383 1961 1475 2006 quod
1502 1962 1626 2005 Apollo

283 2042 363 2071 tunc
389 2037 506 2071 landes
541 2035 630 2067 lovis
663 2034 802 2066 victoris
836 2034 1001 2066 cecinisse
1036 2032 1154 2065 fertur.
1205 2033 1382 2066 Ssxnmm
1413 2031 1628 2064 contulerunt

282 2106 348 2138 iam
373 2105 428 2137 alii
461 2104 491 2135 in
520 2105 638 2144 Agant.
664 2104 755 2134 331:
797 2100 895 2132 Licet
930 2106 963 2131 et
1000 2098 1131 2132 chorda
1163 2098 1328 2144 graviore
1361 2109 1482 2131 sones,
1515 2093 1630 2139 Quale

282 2169 432 2204 canebas
467 2181 543 2202 curn
583 2168 734 2201 Titanas
768 2166 930 2199 Fulmina
968 2167 1078 2198 victos
1112 2164 1229 2198 videre
1263 2163 1329 2198 (lei.
1378 2161 1524 2196 Aliunde
1550 2159 1630 2194 nihil

281 2238 323 2270 de
349 2248 388 2270 ea
414 2246 450 2270 re
476 2238 620 2268 constat.
670 2233 828 2266 Tibullus
865 2243 883 2266 e
919 2234 1057 2265 Graeco
1095 2235 1198 2275 poeta
1223 2241 1294 2264 rem
1322 2240 1390 2263 non
1416 2228 1528 2262 hausit
1550 2236 1626 2259 cum

281 2303 358 2336 talis
383 2300 573 2344 exquisitae
599 2299 774 2332 doctrinae
800 2298 945 2341 vestigia
979 2308 1144 2340 nusquam
1176 2297 1258 2330 alias
1287 2296 1379 2340 apud
1414 2304 1490 2328 eum
1526 2303 1627 2336 repe-

280 2371 420 2409 riantur,
445 2367 504 2401 sed
531 2365 707 2411 probabile
734 2370 785 2398 est
810 2365 970 2398 Latinum
997 2374 1120 2408 poema
1141 2363 1246 2396 fuisse
1270 2368 1340 2396 tum
1364 2361 1467 2402 vulgo
1490 2359 1627 2398 lectum,

280 2436 335 2468 nbi
371 2434 483 2467 fabula
518 2436 774 2465 memoraretur.
824 2432 1005 2465 Postremo
1040 2430 1084 2463 de
1119 2430 1262 2463 consilio
1298 2432 1420 2471 poetae
1456 2434 1628 2467 quaeren-

280 2503 381 2545 dum,
420 2513 479 2535 cnr
505 2501 672 2534 addiderit
699 2500 762 2534 hoc
788 2499 968 2533 distichon.
1021 2500 1171 2533 Vossms
1198 2497 1317 2529 iterum
1346 2494 1491 2537 Augusti
1519 2494 1625 2526 victo-

282 2571 348 2602 rias
376 2568 503 2601 laudari
530 2571 666 2606 censet,
693 2566 750 2607 qni
777 2565 960 2598 orientales
989 2563 1133 2606 populos
1159 2571 1234 2594 cnm
1263 2561 1409 2593 Antonio
1434 2558 1630 2592 debellave-

283 2643 340 2668 ml.
392 2635 467 2676 Ego
502 2646 581 2668 xero
612 2638 731 2676 repeto
767 2633 856 2675 quod
893 2641 992 2675 supra
1027 2629 1119 2669 dixi,
1161 2628 1286 2661 nullam
1313 2628 1343 2660 in
1380 2629 1453 2658 toto
1481 2624 1630 2657 carmine
