1721 2953
298 186 317 221 3
326 183 345 220 3
355 183 376 220 8
608 173 981 219 COMMENTAR.
1009 177 1070 220 IN
1101 178 1137 218 T
1139 178 1331 220 IBULLI

294 299 386 342 gant
429 291 581 326 reditum
622 291 813 338 tristesque
852 306 1006 339 sorores,
1057 296 1149 340 quod
1186 305 1230 331 ex
1267 297 1332 332 ista
1369 296 1501 331 ratione
1536 297 1644 342 signi-

297 363 437 396 ficaret:
472 359 501 393 si
534 370 553 393 a
587 358 707 393 Parcis
739 360 960 396 constitutum
997 367 1069 406 est,
1105 368 1144 397 ut
1169 363 1304 397 Neaera
1332 373 1500 406 nunquam
1524 363 1645 403 redeat

295 427 454 460 Romam.
502 422 704 465 Enimvero,
724 428 880 469 apertum
916 430 968 460 est
1002 427 1045 462 de
1073 428 1198 462 amoris
1231 429 1471 464 coniunctione
1504 429 1573 473 agi.
1597 448 1643 455 --

295 502 455 527 aversa
479 501 598 525 aure.
646 491 803 526 Illustrat
824 492 1109 528 Bnouciumsms
1137 496 1315 539 exemplis.
1340 514 1386 520 -
1411 506 1494 530 non
1519 505 1643 529 meus

298 558 431 600 deus,
456 555 489 592 11.
511 568 543 591 e.
568 560 606 590 ut
631 560 784 600 constat,
808 558 935 601 iratus,
962 559 1126 602 infestus,
1151 564 1188 594 ut
1214 571 1332 603 meus,
1358 564 1458 604 tuus,
1482 570 1564 594 suus
1590 563 1643 593 est

295 624 483 669 propitius,
519 624 624 657 veluti
656 624 765 657 Ovm.
793 624 878 659 Met.
904 625 964 667 IV,
990 628 1073 659 373.
1112 626 1258 659 Heroid.
1286 626 1367 669 X11,
1396 628 1454 661 84.
1496 627 1642 660 Honu.

291 690 405 735 Epod.
428 691 491 733 IX,
514 693 573 724 30.
622 691 711 725 Vide
741 691 1047 734 Bnoucxuusmm,
1073 692 1258 734 Vennum,
1283 691 1479 725 HEYNIUM.
1528 693 1643 725 Grae-

292 757 342 790 cis
367 759 420 790 est
444 755 556 802 ἱ-’τερος
581 756 733 797 δαίμων,
768 756 859 800 quod
885 757 960 799 quis
985 756 1113 790 nescit!
1139 775 1186 780 —
1218 757 1395 798 iuvant,
1430 754 1463 791 h.
1489 766 1520 790 e,
1544 756 1641 790 iuva-

296 822 390 865 bunt,
415 825 453 855 ut
475 823 510 856 iu
532 822 767 857 affirmatione.
817 824 1022 868 Suspicatur
1046 833 1127 857 vero
1152 833 1220 857 non
1244 822 1397 857 auditum
1422 823 1463 856 iri
1485 826 1576 856 vota.
1593 839 1639 846 —-

292 888 467 932 Lydius
508 890 686 923 aurifer
722 891 886 933 amnis,
929 891 1113 933 Pactolus,
1151 891 1194 925 de
1230 901 1298 934 quo
1332 891 1413 924 trita
1445 891 1568 924 omnia.
1593 907 1640 914 —

293 953 384 988 Nec
410 965 519 998 quas
544 959 768 989 terrarum
793 956 996 989 sustinet
1021 956 1148 990 orbis
1172 967 1301 1001 opes,
1323 960 1486 1000 utsupra
1510 956 1642 990 inloeo

292 1022 457 1056 CORNEL.
484 1021 575 1056 NEP.
614 1021 714 1055 Orbis
740 1028 918 1056 terrarum
943 1021 1090 1055 divitias
1115 1021 1271 1067 accipere
1301 1022 1380 1055 nolo
1407 1034 1474 1067 pro
1495 1022 1640 1066 patriae

291 1088 458 1122 caritate.
482 1106 528 1113 —-
565 1089 608 1123 V.
634 1090 678 1121 31
705 1099 755 1131 sq.
789 1088 936 1121 liceat
961 1087 1068 1122 mihi
1097 1092 1162 1123 etc.
1198 1087 1231 1121 h.
1258 1099 1291 1122 e.
1327 1089 1390 1122 sim
1415 1093 1529 1122 tecum
1554 1099 1641 1133 pau-

291 1166 354 1200 per
380 1159 415 1188 et
438 1155 532 1188 fruar
555 1165 695 1188 securus
721 1158 756 1188 te
781 1165 861 1188 cara
886 1155 1046 1197 coniuge,
1072 1153 1154 1188 nihil
1180 1154 1383 1188 desiderabo
1409 1154 1565 1198 amplius.
1593 1173 1640 1179 —

291 1233 492 1266 paupere
527 1223 653 1255 cultu
687 1221 759 1255 scil.
795 1222 897 1256 vitae.
958 1220 1024 1254 Est
1060 1223 1149 1255 enim
1184 1223 1295 1256 cuitus
1329 1222 1465 1256 omnino
1498 1226 1639 1256 externa

290 1287 422 1320 vivendi
447 1286 554 1329 ratio,
587 1289 626 1319 ut
651 1286 815 1320 CORNEL.
840 1286 931 1321 Nur.
959 1287 1032 1320 Att.
1061 1298 1091 1320 c.
1123 1289 1186 1320 14:
1225 1288 1310 1319 Cum
1336 1293 1444 1319 tanta
1466 1286 1640 1332 pecuniae

286 1353 397 1399 sacta
441 1359 534 1386 esset
580 1352 753 1389 accessio,
801 1352 893 1385 nihil
929 1352 970 1385 cle
1009 1352 1216 1398 quotidiano
1260 1352 1361 1385 culta
1400 1353 1567 1386 mutauit.
1592 1372 1640 1379 —

295 1421 333 1454 V.
358 1423 404 1453 33
430 1430 482 1463 sq.
527 1419 706 1452 timidis
743 1419 874 1451 votis.
932 1419 1097 1453 Vunpms
1131 1419 1175 1452 ob
1206 1420 1477 1462 superstitiosum
1510 1423 1638 1453 metum

289 1484 417 1518 dietum
444 1486 581 1524 censet,
623 1493 700 1515 cum
726 1492 793 1525 quo
820 1482 932 1514 omnia
957 1486 1035 1515 vota
1069 1493 1089 1515 a
1122 1484 1295 1517 veteribus
1327 1488 1532 1528 nuncupata.
1581 1484 1637 1518 Tu

289 1550 403 1594 potins
438 1549 479 1582 ad
514 1552 729 1592 praesentem
764 1557 836 1580 rem
874 1547 1013 1581 verbum
1050 1547 1190 1584 referas.
1253 1550 1342 1583 Sunt
1378 1550 1505 1583 timida
1543 1555 1635 1593 vota,

289 1625 376 1658 quae
405 1614 543 1647 timidus
567 1613 660 1654 facit,
684 1612 742 1645 vix
767 1611 896 1644 audens
922 1623 1060 1655 sperare
1085 1613 1222 1648 felicem
1249 1620 1419 1650 eventum.
1470 1617 1633 1651 Ceterum

287 1680 453 1714 lunonem
478 1679 636 1722 implorat
668 1681 707 1710 ut
732 1677 937 1710 matrimonii
963 1678 1176 1721 praesidem,
1210 1681 1496 1723 quemadmodum
1519 1684 1636 1718 Vene-

288 1757 360 1780 rem
387 1755 524 1788 quoque
548 1744 637 1778 inter
662 1744 858 1786 coniugales
891 1743 974 1778 deos
1006 1744 1111 1778 fuisse
1137 1750 1292 1789 constat,
1327 1747 1372 1782 cf.
1398 1747 1632 1782 Bnoucmms.

287 1813 330 1847 nd
355 1813 382 1856 1,
407 1816 441 1855 3,
464 1815 521 1846 79.
547 1831 594 1837 --
629 1811 817 1854 concha,
843 1811 1034 1856 Cypria,
1062 1817 1194 1847 vecta
1219 1818 1314 1856 tua,
1341 1814 1384 1848 cf.
1408 1815 1637 1850 BROUCKHU-

289 1891 375 1915 sunu
404 1884 438 1914 et
469 1880 652 1914 Hermum
685 1878 765 1913 11.1.
802 1883 836 1912 et
871 1880 971 1914 Voss.
1010 1879 1120 1924 Epist.
1156 1880 1351 1925 Mytholog.
1375 1883 1419 1925 ΙΙ,
1445 1886 1503 1916 28.
1563 1884 1635 1918 Sed

289 1946 368 1989 quid
402 1945 457 1979 hie
485 1946 653 1988 significat
685 1945 812 1978 mentio
846 1947 927 1979 rei?
984 1947 1118 1991 Nempe
1151 1948 1224 1981 vult
1257 1949 1373 1982 venire
1406 1950 1577 1984 Venerem
1615 1962 1634 1985 e

289 2012 425 2056 Cypro,
460 2011 517 2044 ubi
548 2011 619 2043 fere
654 2009 803 2051 habitat,
843 2014 877 2042 et
904 2016 1118 2053 praesentem
1143 2013 1208 2045 sibi
1233 2013 1354 2046 adesse
1380 2013 1413 2047 in
1437 2025 1553 2048 amore
1578 2025 1634 2049 re-

289 2078 452 2122 parando.
488 2077 632 2110 HORAT.
659 2076 686 2117 L
716 2079 768 2118 19,
792 2080 833 2110 9:
871 2079 915 2108 In
940 2089 992 2109 me
1017 2084 1096 2110 tota
1121 2090 1227 2112 ruens
1257 2081 1373 2114 Venus
1398 2081 1549 2124 Cyprum
1575 2080 1634 2111 cle-

287 2145 411 2178 seruit.
461 2144 558 2178 Adde
582 2143 661 2176 ibid.
687 2143 714 2185 I,
739 2147 796 2177 80.
847 2144 1008 2178 Ceterum
1033 2130 1211 2187 Tibullus,
1244 2147 1308 2180 etsi
1333 2157 1437 2191 saepe
1464 2148 1633 2181 Venerem

288 2215 552 2253 commemorat,
598 2221 763 2253 nusquam
802 2210 993 2244 huiusmodi
1026 2212 1107 2254 quid
1142 2212 1288 2255 addidit,
1327 2214 1405 2256 quia
1439 2223 1507 2247 non
1543 2219 1634 2248 amat

288 2277 554 2320 mythoiogicum
581 2280 743 2309 ornatum.
762 2295 807 2300 —
832 2278 874 2310 V.
898 2280 944 2310 36
970 2288 1043 2320 sqq.
1071 2289 1277 2321 quaeque
1304 2279 1459 2313 sutura
1483 2285 1631 2313 neunt.

285 2345 404 2378 Possis
432 2344 668 2386 interpretari:
706 2341 816 2376 nendo
846 2345 1076 2387 constituunt,
1111 2349 1148 2378 ut
1173 2345 1364 2378 MARTIAL.
1391 2345 1418 2387 Ι,
1445 2347 1502 2378 98.
1530 2343 1630 2377 dicit:

286 2423 364 2442 cum
388 2409 474 2442 mihi
504 2422 681 2453 susti-elixos
705 2410 875 2443 lachesis
899 2412 1094 2454 pet-neverit
1121 2423 1244 2445 annos.
1301 2412 1371 2446 Sed
1396 2412 1491 2445 nimis
1515 2411 1630 2454 inepta

286 2477 420 2510 videtur
446 2476 520 2509 talis
548 2475 599 2508 hic
625 2476 766 2509 variatio
792 2477 918 2509 inutilis
945 2478 1126 2518 orationi53
1167 2488 1244 2510 nam
1269 2477 1428 2520 repetitio
1454 2476 1630 2519 pronomi-

285 2542 337 2574 nis
365 2541 475 2587 (quae
501 2559 545 2565 —
573 2540 748 2586 quaeque)
776 2540 928 2575 indicare
953 2542 1097 2584 videtur,
1124 2542 1269 2575 voluisse
1293 2545 1440 2585 poetam,
1466 2541 1629 2584 quemad-

288 2606 425 2640 modum
452 2616 555 2649 supra
579 2606 640 2647 111,
665 2608 698 2647 2,
725 2608 769 2649 4.,
795 2606 885 2650 quod
918 2611 997 2641 ante
1022 2607 1151 2641 dictum
1177 2610 1265 2647 erat5
1301 2607 1547 2649 significantius
1573 2617 1631 2640 re-

286 2676 413 2714 petere.
465 2670 617 2705 Coniicio
644 2670 749 2715 igitur
783 2678 933 2718 tegani,-
978 2672 1026 2706 sic
1061 2671 1151 2715 quod
1187 2676 1267 2706 ante
1302 2671 1449 2716 mythice
1483 2672 1628 2713 dixerat,
