1721 2953
315 170 396 207 .'394
622 165 993 211 COMMENTAR.
1026 171 1086 211 IN*
1117 171 1345 213 TlBULLl

311 283 382 317 Sed
408 294 427 317 a
453 280 590 316 Baccho
616 282 705 317 inter
728 283 841 318 sidera
866 286 974 320 relata
1003 291 1055 320 est
1089 297 1164 320 cum
1199 292 1296 331 patre
1323 293 1357 321 et
1382 299 1477 323 cane.
1529 291 1656 324 Volunt

310 361 384 383 eam
410 350 584 391 Virginem
611 360 697 392 esse,
722 349 838 385 Icarus
860 352 1025 388 Arcturus
1050 353 1171 396 factus,
1198 355 1290 388 canis
1317 355 1512 390 Canicula.“
1561 357 1655 391 Idem

308 415 401 447 locos
434 414 536 448 affert
560 414 618 448 ubi
651 414 766 450 sabula
791 421 965 460 narratur,
1004 422 1041 452 ut
1067 419 1211 453 Hrcm.
1236 420 1373 455 Astron.
1399 421 1443 464 ΙΙ,
1467 423 1499 455 4.
1525 439 1571 448 ·—-
1608 427 1655 457 ut

308 483 544 512 testantur
578 479 750 524 sidera,
790 481 1087 528 Erigoneque
1125 486 1373 530 Canisque,
1417 487 1448 523 h.
1484 498 1514 521 e.
1552 499 1653 531 quam

305 550 423 588 gratus
452 546 554 580 suerit
577 546 695 582 Icarus
721 548 877 592 Baccho,
901 551 981 585 inde
1005 557 1169 596 apparet,
1195 552 1286 596 quod
1312 552 1396 587 deus
1421 554 1525 588 etiam
1549 555 1651 588 filiam

305 620 340 650 et
365 623 484 647 canem
510 615 598 648 inter
625 614 738 649 sidera
763 617 889 652 retulit.
910 636 956 643 -
989 619 1174 661 longior
1199 623 1344 661 aetaS,
1369 620 1543 654 remotior.
1573 620 1654 654 Sm.

302 680 403 713 ITAL.
431 679 489 721 VI,
515 682 607 714 627:
647 692 804 714 remeans
838 681 952 728 longis
992 682 1206 728 Tirynthius
1239 685 1320 719 oris.
1346 703 1394 710 --
1437 686 1479 720 V.
1506 688 1550 718 13
1576 695 1651 728 sqq.

301 745 580 780 Molorcheis
619 747 774 783 tectis.
845 747 1036 782 Hmmuse
1084 749 1279 791 „Hercules
1319 760 1397 783 cum
1435 749 1479 784 ad
1517 750 1651 784 leonem

301 813 516 848 Nemeaeum
541 814 810 848 interficiendum
833 816 1119 859 proficisceretur,
1144 816 1240 849 iuxta
1265 816 1411 849 Cleonas
1430 827 1451 850 a
1470 814 1650 849 Molorcho

298 882 443 915 vinitore
467 892 592 926 parvae
616 892 716 916 casae
742 881 889 926 hospitio
915 886 1082 927 exceptus
1107 887 1171 925 est,
1195 883 1262 916 vid.
1288 885 1475 918 APOLLOD.
1498 882 1542 924 ΙΙ,
1561 885 1596 924 5,
1617 885 1649 917 1.

298 947 356 989 qui
381 947 477 980 locus
502 947 674 982 classicus.
726 947 800 980 Alia
835 947 911 981 vide
944 947 1036 991 apud
1061 948 1370 982 Bnoucmmsmnr.
1421 948 1648 992 Hospitalita-

297 1019 366 1048 tem
393 1013 563 1049 Molorchi
597 1016 700 1048 etiam
726 1015 802 1048 aliis
826 1015 911 1048 locis
936 1019 1116 1059 poetarum
1149 1016 1358 1049 celebratam
1391 1015 1530 1057 videas,
1567 1019 1604 1047 ut
1628 1025 1648 1047 a

297 1081 485 1115 Mmmn.
510 1081 570 1124 IV,
597 1084 653 1115 64.
682 1082 796 1116 extr.“
824 1100 867 1107 -
903 1082 1063 1126 posuit
1099 1082 1303 1124 vestigia
1334 1081 1497 1122 tectis,
1532 1080 1575 1114 cf.
1603 1080 1647 1114 ad

295 1148 358 1190 111,
383 1151 416 1190 4,
440 1150 497 1182 24.
548 1149 710 1190 Laeta,
739 1149 814 1193 ipse
838 1149 970 1191 laetus,
997 1148 1128 1182 lubens.
1153 1168 1200 1175 --
1236 1150 1382 1182 Parva
1408 1150 1539 1190 mica,
1573 1147 1646 1181 scil.

296 1214 399 1256 turis,
440 1213 531 1257 quod
564 1225 733 1259 pauperes
768 1214 832 1247 diis
864 1215 1113 1257 incendebant,
1150 1219 1210 1248 aut
1241 1215 1321 1248 salis
1356 1225 1432 1248 cum
1467 1214 1556 1247 farre
1589 1214 1646 1258 pio

295 1279 411 1321 mixti,
438 1283 475 1313 ut
501 1283 553 1313 est
577 1279 671 1324 apud
699 1279 842 1314 HORAT.
870 1279 931 1322 Ill,
958 1282 1015 1322 23,
1045 1282 1195 1322 18-20,
1219 1281 1296 1314 loco
1322 1291 1342 1314 a
1370 1281 1644 1322 Bnoucxnusm,

295 1345 456 1388 Vnm’ro,
499 1346 803 1380 Wuunnnmcmo
844 1349 1060 1389 comparato:
1115 1346 1195 1378 Non
1236 1352 1445 1390 szcrnptuosa
1485 1343 1646 1377 blandior

294 1411 414 1444 hostia
437 1411 596 1444 Mollivit
631 1424 773 1445 aversos
802 1418 953 1455 penates
977 1414 1089 1444 Parte
1109 1413 1171 1456 pio
1195 1418 1231 1444 et
1255 1411 1405 1445 saliente
1438 1411 1548 1448 mica,
1584 1411 1643 1445 ubi

294 1477 396 1510 etiam
432 1478 683 1521 oppositionem
721 1477 866 1510 similem
902 1475 1018 1510 habes.
1068 1477 1120 1510 De
1154 1487 1221 1520 qua
1254 1477 1428 1511 Hmmus
1464 1482 1643 1520 praeterea

293 1543 533 1578 Bnnmmwm
558 1544 674 1579 laudat
699 1544 742 1578 ad
768 1544 904 1578 Anthol.
931 1545 1008 1577 Lat.
1035 1544 1134 1577 Tom.
1155 1543 1183 1576 Ι.
1212 1556 1246 1588 p.
1262 1546 1320 1577 37.
1369 1545 1523 1586 Denique
1550 1544 1643 1587 pla-
1675 1544 1677 1549 ’

293 1612 414 1644 cavit
440 1614 493 1644 est
518 1612 654 1655 placare
680 1612 778 1645 solet.
805 1629 849 1635 -—
887 1612 1101 1644 inaurato
1136 1620 1289 1644 cornu.
1338 1610 1482 1643 Constat
1507 1610 1549 1643 de
1576 1609 1641 1643 hoc

291 1688 354 1711 usu
389 1678 534 1721 primum
565 1688 609 1710 ex
645 1677 825 1718 Honrnuo,
865 1676 904 1709 Il.
939 1675 983 1714 X,
1017 1677 1098 1708 292.
1141 1674 1267 1716 Odyss.
1291 1674 1353 1716 ΙΙΙ,
1382 1676 1484 1716 384.,
1518 1674 1641 1709 deinde

291 1745 367 1778 aliis
392 1755 436 1778 ex
461 1745 544 1777 locis
570 1744 715 1785 abunde,
741 1748 779 1777 ut
794 1744 900 1777 an.
917 1742 1082 1784 XXXlll,
1097 1744 1130 1784 3,
1149 1743 1211 1775 12:
1238 1743 1393 1774 Deorum
1416 1753 1497 1775 vero
1517 1741 1641 1774 honori

288 1809 326 1842 in
351 1809 462 1842 sacris
485 1809 576 1842 nilzil
598 1808 702 1842 aliud
723 1808 965 1855 excogitatum
990 1813 1062 1845 est,
1099 1820 1205 1853 quam
1231 1813 1273 1840 ut
1297 1807 1441 1841 auratis
1475 1806 1636 1840 cornibus

289 1877 447 1912 hostiae,
483 1875 631 1908 maiores
657 1875 858 1913 duntaxat,
896 1875 1173 1908 immolarentur.
1233 1875 1331 1911 Quae
1356 1874 1638 1907 BROUCKHUSIUS

287 1944 354 1976 iam
379 1944 513 1985 attulit,
549 1942 678 1976 addens
706 1942 817 1975 obiter
851 1942 953 1974 etiam
992 1941 1140 1973 minores
1176 1941 1330 1973 victimas
1364 1939 1454 1984 apud
1480 1941 1634 1973 Graecos

287 2011 478 2051 inauratas,
510 2013 549 2042 ut
573 2008 653 2043 Liv.
680 2007 792 2049 XXV,
818 2009 873 2040 12.
909 2007 1068 2040 ostendit.
1097 2024 1141 2031 -
1179 2007 1265 2039 Mox
1292 2006 1422 2039 labor
1455 2005 1498 2038 de
1531 2014 1636 2048 opere

287 2076 446 2119 poetico,
486 2076 594 2109 VIRG.
621 2074 742 2118 Eclog.
775 2074 819 2116 X,
845 2077 878 2109 1.
926 2075 1092 2108 Similiter
1116 2070 1216 2110 ,τόνος
1241 2074 1397 2114 Graece,
1435 2071 1478 2105 cf.
1504 2082 1566 2104 nos
1590 2070 1633 2103 ad

285 2145 445 2177 Pmmn.
471 2143 569 2176 Nem.
596 2143 658 2185 ΙΙΙ,
685 2146 741 2176 12.
761 2162 807 2167 -
833 2144 875 2178 V.
902 2146 947 2176 18
972 2155 1044 2186 sqq.
1085 2143 1193 2176 Canat
1215 2143 1300 2175 alius
1325 2141 1491 2183 originem
1516 2139 1632 2172 mundi

287 2214 320 2244 et
344 2209 515 2254 praeferat
546 2209 631 2243 illud
662 2209 773 2243 thema
805 2211 927 2244 ceteris
962 2210 1136 2251 omnibus,
1173 2219 1270 2243 meae
1303 2208 1392 2241 vires
1424 2211 1504 2240 tuae
1540 2206 1631 2239 laudi

286 2279 505 2310 consecratae
544 2279 652 2308 erunt.
714 2276 839 2309 Nobile
874 2281 1110 2319 argumentum
1149 2285 1294 2319 poeseos
1333 2273 1554 2316 cosmogonia
1592 2275 1630 2304 ut

285 2347 429 2385 constat,
449 2346 483 2376 et
507 2342 709 2376 didacticum
737 2354 871 2377 carmen
898 2343 940 2377 de
966 2354 1078 2376 rerum
1102 2347 1233 2384 natura,
1258 2342 1300 2376 cf.
1327 2342 1477 2376 V1RG111.
1505 2340 1627 2382 Eclog.

284 2409 344 2451 VI,
368 2411 412 2442 31
439 2419 514 2451 sqq.
541 2412 574 2441 et
599 2409 852 2443 annotationem
877 2420 979 2453 supra
1005 2408 1047 2442 ad
1072 2408 1116 2450 ll,
1141 2410 1173 2450 4,
1202 2411 1255 2441 17.
1282 2425 1327 2431 —
1354 2407 1503 2446 Alter,
1528 2404 1629 2445 alius,

282 2476 342 2509 ubi
379 2476 446 2509 duo
482 2476 692 2518 cogitantur,
733 2477 775 2510 cs.
809 2478 836 2518 I,
862 2479 896 2519 9,
921 2479 977 2510 79.
1004 2495 1050 2502 -
1094 2476 1260 2511 Qualis
1292 2472 1551 2513 desederit,
1590 2475 1628 2504 ut

283 2547 373 2575 terra
409 2545 548 2585 propter
582 2544 783 2584 gravitatem
817 2552 913 2576 suam
945 2541 1161 2575 descenderit
1191 2545 1226 2574 et
1260 2537 1450 2573 subsederit
1475 2539 1507 2570 in
1535 2538 1624 2577 aere,

284 2610 431 2641 intimum
469 2609 578 2641 locum
615 2620 784 2653 occupans
819 2611 927 2644 Ovrn.
962 2610 1049 2643 Met.
1075 2609 1101 2651 l,
1127 2611 1183 2642 29.
1219 2608 1436 2648 comparante
1466 2604 1626 2637 Vnmuo:

283 2673 433 2708 Densior
450 2674 504 2707 liis
531 2674 637 2708 tellus
662 2675 900 2722 elementaque
925 2675 1079 2721 grandia
1102 2672 1212 2706 trusit
1239 2672 1281 2702 E!
1313 2682 1435 2714 pressu
1461 2675 1511 2702 est
1537 2679 1624 2713 gra—
