1721 2953
267 111 342 146 166
573 103 941 146 cOMMENrAn.
976 108 1027 145 1)
1063 106 1289 146 'l‘lssULLl

264 223 322 255 bat
354 221 477 255 malum
512 226 546 254 et
579 220 790 262 occultabat,
825 227 928 266 atque
965 223 1011 256 ita
1046 222 1150 256 tacito
1184 221 1304 256 dolore
1335 221 1608 256 consumebatur.

263 288 334 322 Sed
359 287 514 321 Tibullus
537 287 783 330 animadvertit,
808 293 846 322 ut
873 293 946 322 erat
971 289 1101 333 peritus
1127 288 1246 322 talium
1271 298 1405 329 rerum,
1445 292 1485 321 et
1505 289 1609 321 mise-

264 358 357 388 ratus
387 363 476 387 nunc
509 353 541 386 id
571 353 643 395 agit
674 358 712 387 ut
743 360 918 388 succurrat
943 365 1050 400 puero
1075 355 1227 396 dilecto,
1260 354 1294 387 in
1318 363 1387 396 quo
1418 351 1610 396 opitulandi

264 419 376 452 studio
402 419 515 451 unitas
546 419 680 461 elegiae
714 424 887 462 versatur,
925 425 1076 455 ceterum
1107 422 1207 455 simul
1233 421 1340 454 ironia
1374 420 1440 453 leni
1473 412 1611 463 conspi-

264 488 370 527 cuae,
408 486 498 528 quod
528 487 667 520 meritas
702 498 828 531 poenas
861 487 992 522 serebat
1027 499 1122 533 puer.
1170 488 1321 523 Pholoes
1345 498 1468 522 nomen
1494 488 1610 520 fictum

264 553 317 582 ost
341 553 376 583 et
402 551 571 594 poeticum
601 556 638 586 ut
667 553 757 598 apud
786 554 928 588 HORAT.
955 555 982 597 I,
1008 558 1066 588 33.
1093 565 1156 588 nec
1181 554 1399 598 cogitandum
1425 553 1468 587 de
1493 553 1613 586 eadem

263 615 377 658 puella
407 616 572 650 ambobus
604 618 710 661 locis,
748 628 803 652 res
833 623 949 654 autem
983 620 1062 653 ficta
1095 630 1162 653 non
1188 624 1241 654 est
1265 621 1376 664 plane.
1426 619 1612 654 Videamus

263 690 351 713 nunc
377 682 623 716 tractationem.
673 684 712 717 In
737 684 928 718 exordio
961 690 1040 719 ante
1065 687 1178 719 onmia
1202 686 1335 720 nuntiat
1359 697 1398 720 se
1422 696 1524 720 nosse
1549 686 1612 720 do-

265 747 356 778 lores
380 747 503 780 tacitos
528 749 624 791 pueri
650 752 685 782 et
710 748 864 784 hortatur
888 761 964 785 eum
991 762 1033 785 ne
1059 751 1248 786 dissimulet
1273 752 1420 794 diutius,
1444 753 1611 796 siquidem

265 811 349 844 deus
374 812 543 846 crudelius
567 818 644 846 urat
668 825 754 857 quos
779 815 892 849 videat
925 827 1082 860 premere
1115 827 1266 851 amorem
1298 818 1478 862 superbia,
1516 818 1611 852 ide‘o-

264 886 331 918 que
356 876 456 910 etiam
486 877 644 912 Maratho
669 879 790 914 fecerit
815 885 853 914 ut
877 881 1026 915 studium
1051 881 1181 916 formae
1214 884 1289 929 sine
1322 893 1484 916 successu
1509 882 1612 916 fuerit

264 941 354 985 apud
379 941 532 976 Pholoen
559 943 744 987 hucusque.
803 947 930 989 Aperte
964 946 1081 980 fovere
1113 957 1262 981 amorem
1295 947 1422 981 debent
1447 948 1504 990 qui
1530 948 1614 981 deos

264 1018 331 1041 non
355 1008 478 1041 invitos
505 1007 628 1043 habere
651 1011 803 1053 cupiunt,
835 1015 870 1044 et
892 1011 1008 1044 amicis
1034 1011 1175 1045 credere
1201 1022 1320 1045 sensus
1345 1022 1436 1054 suOS,
1461 1013 1489 1044 si
1515 1013 1614 1045 auxi-

264 1076 309 1108 lio
335 1076 521 1110 amicorum
545 1088 641 1122 opus.
690 1078 761 1111 Iam
785 1079 819 1111 in
846 1079 1026 1121 reliquo
1064 1080 1263 1112 carmine
1294 1079 1338 1112 de
1362 1079 1513 1113 remedio
1535 1080 1616 1113 mali

264 1142 386 1185 agitur.
436 1145 612 1179 Quaenam
635 1144 742 1188 igitur
765 1145 910 1189 primum
936 1146 1035 1188 origo
1060 1146 1138 1179 rei?
1187 1145 1279 1179 Num
1301 1152 1402 1180 cantu
1423 1151 1483 1180 aut
1504 1146 1616 1180 herbis

266 1210 407 1244 devotus
432 1221 535 1255 puer,
573 1215 611 1244 ut
644 1212 777 1254 magica
808 1216 882 1245 arte
915 1212 1027 1245 sanari
1053 1212 1210 1246 debeat?
1259 1213 1420 1255 Minime,
1457 1213 1517 1247 sed
1543 1214 1615 1257 ipse

266 1277 330 1309 sibi
356 1277 552 1320 imprudens
575 1279 744 1310 contraxit
769 1279 915 1319 malum,
950 1288 1027 1311 cum
1053 1288 1177 1322 corpus
1204 1279 1338 1321 puellae
1365 1277 1612 1322 pulcherrimae

267 1345 425 1383 tangeret
461 1343 601 1384 aliisque
638 1344 797 1385 nequitiis
835 1344 1036 1386 periculosis
1069 1344 1274 1386 indulgeret.
1325 1345 1403 1378 Hoc
1438 1349 1490 1378 est
1522 1345 1613 1387 quod

267 1411 443 1450 tantopere
468 1409 593 1441 nocuit.
642 1408 772 1442 Tamen
798 1409 898 1441 etiam
924 1413 959 1441 tu
987 1419 1096 1450 nuuc,
1126 1408 1277 1451 Pholoe,
1302 1420 1345 1442 ne
1370 1421 1459 1453 auge
1487 1411 1612 1445 malum

267 1473 468 1515 asperitate,
505 1473 566 1505 sed
605 1473 708 1506 redde
749 1477 783 1506 te
822 1473 1001 1507 desideriis
1038 1475 1160 1516 tantm,
1203 1480 1241 1508 ut
1279 1476 1440 1508 tollantur
1478 1476 1613 1510 dolores

268 1539 373 1582 pueri.
422 1538 493 1571 Iam
515 1542 617 1581 poeta
643 1537 804 1581 quidquid
830 1539 914 1571 utile
939 1539 1047 1572 visum
1073 1539 1115 1572 ad
1141 1540 1420 1574 commovendam
1447 1540 1611 1584 Pholoen,

267 1606 297 1637 111
324 1604 470 1637 medium
497 1605 619 1645 affert,
655 1615 731 1637 cum
757 1605 868 1648 aptius
894 1606 1007 1647 magni
1036 1606 1115 1638 mali
1139 1606 1326 1639 remedium
1351 1612 1514 1650 appareat
1538 1609 1613 1641 nul-

266 1670 342 1702 lum.
393 1669 563 1702 Dividitur
587 1673 699 1702 autem
725 1670 774 1703 sic
799 1669 944 1704 hortatio
975 1669 1058 1703 haec
1084 1671 1227 1714 puellae.
1277 1672 1430 1706 Primum
1456 1674 1612 1708 iuventu-

265 1740 331 1768 tem
359 1735 454 1778 pueri
481 1735 512 1767 ei
540 1735 753 1768 commendat
783 1739 818 1768 et
850 1736 937 1768 levia
964 1745 1024 1768 ora
1055 1739 1090 1768 et
1117 1736 1282 1769 tumidum
1316 1747 1440 1781 corpus
1465 1743 1499 1772 et
1523 1741 1610 1773 mol-

265 1801 308 1833 lia
334 1805 492 1844 pectora,
531 1812 705 1845 opponens
731 1801 854 1844 frigida
886 1802 1036 1835 membra
1061 1803 1136 1836 cani
1161 1804 1342 1846 amatoris,
1375 1810 1558 1849 monetque
1583 1808 1612 1840 si

263 1867 489 1911 absumpserit
520 1871 666 1900 aetatem
692 1869 724 1900 in
753 1867 850 1901 huius
881 1869 1114 1912 amplexibus,
1155 1874 1371 1903 senectutem
1399 1871 1530 1904 tristem
1557 1872 1612 1905 su-

262 1941 394 1976 turam3
436 1945 502 1968 non
536 1935 698 1967 iuvabunt
732 1935 862 1978 lapides
896 1946 1119 1979 gemmaeque
1153 1936 1319 1979 donatae,
1355 1948 1419 1971 nec
1453 1942 1613 1982 poterunt

264 2000 415 2034 revocari
441 2001 543 2033 etiam
570 2000 723 2042 diligenti
748 2001 861 2034 studio
890 2001 1020 2036 formae
1045 2003 1157 2038 dulcia
1185 2003 1310 2046 gaudia
1334 2005 1459 2038 amoris
1487 2006 1612 2039 amissa

262 2066 378 2098 semel.
435 2064 565 2097 Deinde
601 2066 713 2108 pergit
746 2066 788 2098 ad
823 2067 913 2099 aliud
950 2072 984 2101 et
1022 2069 1173 2102 secundo
1209 2070 1286 2103 loco
1320 2071 1477 2112 querelas
1517 2073 1611 2115 pueri

261 2133 392 2171 narrat,
427 2140 510 2172 quas
536 2130 592 2162 ille
617 2130 748 2179 absenti
772 2135 903 2164 amatae
929 2131 1020 2165 dicat
1044 2133 1224 2167 lacrimans
1248 2135 1411 2168 solitariis
1438 2134 1547 2177 horis,
1582 2137 1609 2169 si

261 2197 310 2230 his
336 2197 483 2239 coguitis
509 2196 617 2239 frangi
645 2196 768 2229 duritia
801 2198 951 2231 mulieris
986 2200 1103 2242 possit.
1162 2201 1344 2234 Postremo
1378 2212 1415 2235 se
1449 2212 1611 2236 revocans

260 2272 468 2305 puerumque
496 2262 537 2294 ab
560 2261 610 2294 liis·
635 2261 880 2295 hortationibus
904 2264 1072 2296 exitum
1099 2265 1252 2308 imponit,
1280 2266 1490 2309 praedicens,
1515 2266 1606 2309 quod

261 2338 361 2360 uuum
387 2327 558 2368 restabat,
598 2338 726 2370 poenas
750 2327 910 2369 deorum,
946 2329 1006 2360 uisi
1033 2328 1165 2361 desinat
1192 2340 1268 2363 esse
1293 2331 1450 2374 superba.
1501 2330 1605 2363 vides

259 2392 492 2434 gradationem
513 2403 647 2426 suavem
669 2403 791 2427 rerum.
841 2394 976 2427 Pellicit
1000 2394 1258 2438 pulelu·itudinis
1275 2399 1461 2429 monstrato
1484 2395 1604 2434 fructu,

259 2461 396 2490 tlcctere
432 2457 546 2490 studet
583 2459 730 2500 querelis
765 2458 902 2491 formosi
930 2460 1023 2502 pueri
1061 2460 1273 2502 lacrimisque
1299 2459 1463 2499 narratis,
1500 2466 1605 2494 terret

258 2524 401 2566 denique
426 2524 524 2556 minis
549 2535 743 2567 poenarum-
796 2527 905 2567 Atque
933 2526 977 2558 ita
1004 2526 1067 2559 rite
1087 2525 1274 2558 absolvitur
1298 2534 1417 2557 cursus
1439 2525 1604 2562 carminis,

256 2591 420 2634 siquidem
457 2593 507 2625 vel
544 2593 639 2625 cedet
679 2592 789 2634 puella
824 2595 873 2626 vcl
910 2602 1036 2636 poenas
1064 2593 1133 2626 luet
1167 2591 1368 2634 superbiae.
1409 2596 1445 2625 ut
1476 2593 1603 2625 utrovis
