1721 2953
626 135 869 176 TIBULLI.
1296 153 1424 180 LXXX(

79 251 331 305 compositio·
387 251 480 291 Alio
503 251 595 289 loco
618 250 829 302 praeclaro
848 251 930 300 173,
952 254 1099 291 10-50.
1126 253 1272 291 morbo
1301 263 1421 306 poeta

78 327 121 366 in
151 327 329 379 Corcyra
356 327 551 365 laborans
584 326 775 378 querelae
815 325 899 365 vim
930 339 1093 366 omnem
1129 328 1318 367 exhaurit
1348 331 1420 368 tri-

77 405 155 442 bus
194 401 538 454 descriptionibus
578 414 655 453 per
699 399 982 452 gradationem
1021 402 1270 453 coniunctis,
1323 403 1420 444 dum

76 477 253 530 primum
277 491 319 516 se
346 484 518 526 accusat,
549 475 661 530 quod
680 476 810 516 invito
830 477 982 516 Amore
1003 476 1241 528 discesserit,
1272 478 1420 520 deinde

75 552 223 593 Isidem
257 551 374 592 deam
403 554 622 592 salutarem
653 568 674 592 a
704 554 826 592 Delia
856 554 1010 593 frustra
1042 556 1210 604 cultam,
1242 555 1420 610 denique

75 628 282 666 saeculum
303 641 498 679 praesens
524 635 657 666 totum
683 629 800 668 beHis
828 637 868 667 et
894 628 1072 681 praedae
1101 630 1294 671 deditum.
1354 633 1419 672 De

75 705 370 756 compositione
407 706 665 756 singulorum
703 708 893 745 locorum
933 720 1057 758 supra
1095 705 1261 749 dictum.
1338 707 1421 757 Qui

73 781 287 820 Tibullum
317 780 414 821 artis
449 781 637 833 ignarum
672 790 837 834 putant,
882 781 1038 822 discant
1077 783 1144 822 vel
1180 796 1233 821 ex
1270 783 1419 822 talibus

73 851 188 908 (nam
218 856 374 894 maiora
402 855 513 895 infra
541 854 803 910 videbimus),
836 865 1031 910 quantam
1053 856 1248 897 iniuriam
1270 859 1421 898 saciant

74 931 228 982 optimo
266 939 426 982 poetae.
483 933 672 980 Ingenium
704 933 946 984 praeclarum
985 935 1141 972 unitates
1178 948 1302 973 rerum
1340 949 1420 974 uere

69 1011 231 1060 poeticas
260 1008 512 1057 monstrabat,
551 1009 756 1048 accedebat
784 1023 850 1048 ars
876 1023 948 1048 non
976 1012 1094 1048 minus
1117 1012 1342 1063 praeclara,
1380 1019 1419 1050 ut

72 1093 210 1138 posset,
246 1087 346 1138 quod
373 1089 577 1135 invenisset,
613 1088 734 1139 eloqui
756 1089 899 1138 optime.
957 1085 1038 1125 Sed
1069 1087 1191 1138 pauci
1223 1087 1272 1126 ad
1309 1102 1417 1128 com-

71 1161 320 1213 positionem
347 1161 575 1201 attendunt.
631 1163 843 1202 Finiamus
867 1176 978 1201 nunc
1005 1163 1111 1201 hanc
1135 1162 1184 1202 de
1215 1164 1418 1215 gradano-

72 1240 134 1277 nis
164 1253 241 1278 usu
265 1237 582 1290 disputationem
608 1238 881 1291 explicatione
909 1237 1087 1277 duorum
1111 1239 1298 1279 locorum
1330 1255 1418 1293 my-

70 1316 276 1354 thicorum
308 1315 410 1354 alius
449 1316 624 1365 generis.
687 1316 851 1354 Primus
891 1322 951 1353 est
980 1315 1036 1363 ΙΙ,
1069 1320 1112 1364 5,
1143 1319 1315 1357 39-62.
1346 1319 1419 1357 ubi

70 1389 228 1442 Sibylla
258 1389 307 1429 de
339 1389 496 1440 origine
529 1398 569 1428 et
602 1390 880 1441 magnitudine
920 1392 1060 1431 sutura
1089 1392 1246 1433 Romae
1277 1404 1418 1435 narrat

67 1464 164 1505 inde
195 1466 245 1505 ab
274 1467 439 1505 Aeneae
468 1466 565 1517 fuga
595 1480 616 1504 e
641 1466 792 1515 Troia,
824 1475 860 1506 et
893 1468 1089 1507 continua
1120 1469 1298 1522 quadam
1326 1486 1417 1522 gra-

70 1539 234 1581 datione
272 1542 483 1594 praeclara
516 1540 641 1580 series
679 1541 885 1581 visionum
919 1544 1153 1583 exhibetur.
1223 1544 1416 1585 Ceterum

69 1624 115 1654 ut
144 1616 385 1656 historicum
413 1630 554 1655 rerum
586 1616 774 1656 ordinem
805 1627 939 1659 servat
970 1620 1118 1670 elegia,
1152 1621 1186 1658 si
1214 1623 1415 1673 poeticam

68 1691 244 1729 formam
275 1690 470 1740 admittit,
500 1693 555 1730 ita
585 1693 903 1744 geographicum
927 1694 1113 1733 locorum
1141 1709 1252 1735 nunc
1281 1707 1417 1738 servat

70 1780 181 1806 nunc
218 1774 370 1814 mutat,
409 1774 536 1817 prout
574 1768 650 1804 arti
681 1769 867 1818 poeticae
906 1771 1110 1807 convenit.
1172 1770 1348 1822 ConfiI,
1378 1779 1415 1823 7,

73 1847 122 1882 13
149 1855 262 1896 sqq.‚
301 1855 428 1894 porro
468 1841 568 1881 ibid.
598 1856 637 1882 v.
657 1846 779 1881 9-12
811 1851 849 1882 et
877 1843 917 1893 Ι,
938 1848 980 1894 3,
1010 1849 1075 1883 71.
1142 1846 1231 1886 Hoc
1271 1849 1415 1887 obiter.

67 1918 184 1956 Alter
221 1919 337 1956 locus
379 1918 560 1969 egregius
601 1926 660 1957 est
700 1920 798 1969 eleg.
824 1920 863 1968 Ι,
895 1925 931 1968 7,
962 1924 1014 1958 29
1040 1935 1128 1974 sqq.
1164 1923 1237 1961 ubi
1271 1925 1413 1965 laudes

69 1991 242 2033 Osiridis
269 2007 344 2045 per
371 1993 521 2032 multos
544 2006 688 2032 versus
715 1993 770 2032 sic
797 2002 1013 2044 canuntur,
1042 2004 1087 2034 ut
1115 1996 1292 2048 quadam
1318 2014 1414 2040 con-

66 2070 182 2108 tinua
211 2067 449 2120 gradatione
482 2070 531 2107 ab
555 2069 673 2109 initio
699 2068 747 2108 ad
771 2070 893 2109 finem
920 2071 1117 2124 procedat
1142 2076 1286 2115 oratio.
1344 2078 1416 2117 Est

69 2143 187 2183 dator
217 2142 365 2193 Osiris,
400 2144 476 2191 ait,
503 2144 683 2183 laetitiae
713 2154 752 2184 et
778 2146 977 2187 felleitatis
1002 2151 1238 2200 praeclarus
1265 2160 1303 2191 ct
1326 2153 1411 2205 ipse

67 2222 190 2259 etiam
226 2219 469 2258 laetissimus
509 2218 621 2260 deus.
701 2224 838 2276 Atque
880 2223 1042 2264 orditur
1081 2228 1131 2264 ab
1172 2228 1412 2269 inventione

68 2297 263 2337 arationis
292 2295 497 2337 laud-auda
525 2307 563 2337 et
588 2308 767 2338 semente
794 2314 838 2340 ac
865 2314 1085 2352 pomorum
1114 2303 1289 2354 satione,
1320 2309 1411 2359 qui-

67 2374 144 2412 bus
173 2374 297 2412 rebus
330 2373 442 2412 cibus
471 2373 617 2412 melior
637 2372 823 2413 debetur.
880 2374 981 2413 Inde
1015 2376 1065 2414 ad
1094 2380 1259 2418 suavius
1289 2382 1410 2419 meri-

67 2456 153 2487 tum
182 2449 333 2500 pergit,
364 2448 509 2487 vitium
538 2458 804 2489 monstratam
839 2464 977 2489 curam
1009 2460 1046 2490 et
1074 2453 1213 2492 vinum
1247 2470 1411 2508 expres-

69 2536 180 2571 sum,
219 2524 334 2562 cuius
366 2524 451 2563 vim
481 2525 778 2564 exhilarantem
819 2539 929 2565 nunc
964 2540 1039 2578 per
1073 2528 1223 2579 gradus
1258 2530 1410 2571 laudat.

68 2598 278 2637 Postremo
320 2599 658 2655 συναθροιομῷ,
711 2603 898 2653 congerie
939 2604 1152 2645 nominum
1191 2610 1411 2658 praeclara>

1010 2680 1030 2721 f
