1721 2953
243 103 308 149 40
653 104 894 150 'slssthLl
940 106 1049 152 Lffl„
1078 107 1125 151 ll.
1156 116 1185 151 t.

302 230 430 273 Casta
467 226 642 291 placent
678 228 877 292 superis:
930 248 1044 294 pura
1075 249 1175 277 cum
1212 241 1328 277 veste
1365 231 1506 278 venite

374 314 424 359 Et
462 312 670 359 manibus
707 314 831 377 puris
868 317 1026 363 sumite
1064 317 1199 364 sontis
1237 336 1411 382 aquam.

252 410 292 443 15
307 399 502 455 Gemite,
548 397 768 461 fulgentes
812 412 859 447 ut
896 414 962 448 eat
993 421 1119 449 sacer
1151 422 1294 466 agnus
1332 403 1390 449 ad
1426 421 1524 449 aras

367 483 615 548 Xinctaque
646 497 748 549 post
783 485 879 534 olea
915 488 1109 535 eandida
1145 488 1276 535 turba
1310 507 1472 535 comas.

299 569 374 615 Dii
410 569 568 633 patrii,
600 589 847 634 purgamus
883 591 1040 636 agros,
1078 592 1326 638 purgamus
1357 586 1575 638 agrestes:

364 658 455 704 Vos
493 655 608 704 mala
640 656 694 703 de
725 658 891 705 nostris
928 659 1075 723 pellite
1105 659 1344 717 limitibus,

300 742 397 788 Neu
435 761 561 805 seges
594 742 744 790 eludat
777 762 964 791 messem
1003 744 1239 792 fallacibus
1273 745 1451 803 herbis,

246 840 294 874 20
372 829 469 874 Neu
505 829 656 876 timeat
686 829 848 877 celeres
885 830 1058 877 tardior
1094 850 1210 895 agna
1243 831 1386 898 lupos.

303 916 418 961 Tum
454 915 624 962 nitidus
661 915 806 981 plenis
844 916 1040 964 confisus
1077 918 1269 965 rusticus
1306 918 1425 981 agris

351 1002 529 1064 Ingeret
562 1002 735 1049 ardenti
770 1003 960 1066 grandia
991 1003 1114 1067 ligna
1150 1004 1274 1061 foco,

295 1087 539 1151 Turbaque
570 1106 832 1145 vernarum,
877 1089 1016 1135 saturi
1051 1090 1172 1136 bona
1207 1090 1336 1152 signa
1368 1088 1538 1146 coloni⁷

369 1172 511 1219 Ludet
551 1184 589 1220 et
627 1192 677 1220 ex
714 1173 849 1237 virgis
886 1186 1055 1222 extruet
1087 1187 1188 1222 aute
1223 1194 1360 1222 casas.

250 1259 529 1306 25Eventura
566 1278 751 1324 precor:
802 1260 934 1307 viden
971 1273 1019 1309 ut
1049 1261 1254 1309 felicibus
1289 1261 1397 1308 extis

374 1343 605 1407 Signifieet
639 1345 841 1409 placidos
876 1347 1033 1393 nuntia
1066 1346 1182 1393 fibra
1219 1347 1359 1393 deos?

307 1431 438 1478 Nune
474 1429 584 1476 mihi
614 1430 814 1478 fumosos
846 1432 1002 1479 veteris
1032 1432 1228 1497 proferte
1263 1430 1479 1478 Falernos

377 1516 583 1564 Consulis
621 1529 661 1564 et
696 1518 807 1565 Chio
846 1518 998 1566 solvite
1035 1518 1179 1566 vincla
1217 1518 1341 1566 cado.

304 1604 419 1650 Yiua
456 1603 574 1650 diem
613 1603 857 1651 celebrent:
913 1624 1004 1651 non
1042 1604 1152 1652 festa
1181 1604 1278 1651 luce
1312 1603 1491 1650 madere

253 1700 300 1734 30
378 1690 456 1736 Est
492 1690 656 1746 rubor,
703 1702 899 1737 errantes
938 1702 979 1737 et
1011 1690 1124 1736 male
1158 1691 1273 1736 serre
1309 1689 1460 1754 pedes.

305 1775 396 1823 Sed
427 1775 561 1822 ‘bene
583 1775 845 1823 Messalam'
871 1795 951 1823 sua
982 1776 1171 1842 quisque
1203 1776 1259 1822 ad
1284 1774 1446 1841 pocula
1471 1775 1603 1834 dicat,

376 1863 549 1907 Nomen
589 1873 628 1907 et
660 1862 856 1908 absentis
893 1862 1070 1925 singula
1106 1862 1242 1908 verba
1279 1873 1449 1908 sonent.

315 1947 472 1994 Gentis
509 1947 761 2012 Aquitanae
799 1947 972 1994 celeber
1007 1947 1201 1994 Messala
1242 1947 1481 2012 triumphis

376 2034 431 2080 Et
467 2053 630 2096 magna
667 2034 856 2080 intonsis
894 2034 1036 2097 gloria
1074 2034 1214 2081 victor
1250 2034 1364 2090 avis,

255 2121 412 2166 3511116
451 2119 556 2165 ades
589 2120 825 2184 aspiraque
863 2120 994 2177 mihi,
1036 2121 1141 2167 (lum
1174 2121 1370 2167 carmine
1406 2132 1559 2166 nostro

383 2205 605 2252 Redditur
641 2206 848 2268 agricolis
881 2207 1022 2268 gratia
1060 2206 1291 2253 caelitibus

314 2293 437 2338 Rura
474 2310 586 2337 cauo
623 2291 829 2356 rurisque
868 2292 986 2338 deos.
1024 2292 1093 2338 his
1128 2293 1215 2339 vita
1251 2292 1474 2354 magistris

381 2378 586 2424 Desnevit
628 2397 796 2442 querna
835 2378 997 2442 pellere
1035 2379 1198 2442 glande
1234 2379 1420 2424 samem:

312 2464 376 2510 llli
413 2464 670 2528 compositis
709 2464 901 2528 primum
942 2465 1133 2511 docuere
1167 2463 1316 2527 tigillis

262 2562 308 2597 40
388 2551 602 2613 Exiguam
642 2550 771 2595 xiridi
812 2551 970 2597 fronde
1007 2551 1179 2613 operire
1219 2549 1426 2604 (1011111111,
