1721 2953
267 139 334 187 28
693 137 934 185 'leULLl
982 138 1093 188 LIB.
1124 138 1156 185 1.
1181 147 1214 182 8.

687 298 1027 340 ELEGIA
1095 300 1208 341 VIII.

314 388 449 476 Non
487 446 569 491 ego
608 429 739 477 celari
773 449 983 495 possum,
1032 431 1142 497 quid
1176 442 1310 477 nutus
1348 431 1536 477 amantis

390 516 569 579 Quidve
603 516 751 564 serant
784 518 878 564 miti
916 517 1031 564 lenia
1069 518 1204 565 verba
1241 536 1365 564 sono.

320 604 410 649 Nec
448 601 557 649 mihi
593 615 698 650 suut
734 615 874 650 sortes
913 622 993 650 nee
1027 604 1205 651 conscia
1241 603 1355 650 fibra
1394 603 1596 660 deorum,

385 687 611 736 Praecinit
644 700 825 737 eventus
861 707 943 736 nec
979 689 1088 736 mihi
1127 701 1283 736 cantus
1316 689 1430 735 avis:

291 776 431 838 5Ipsa
467 778 618 822 Venus
656 775 831 838 magico
868 774 1103 838 religatum
1136 774 1321 822 brachia
1358 774 1481 821 nodo

383 860 627 908 Perdocuit
661 860 811 908 multis
847 881 939 908 non
977 851 1073 908 sine
1109 861 1384 912 verberibus,

315 946 481 994 Desine
518 946 823 994 dissimulare:
870 946 980 994 deus
1016 946 1241 994 crudelius
1279 948 1393 1004 urit,

389 1032 518 1095 Quos
553 1032 674 1080 videt
708 1033 871 1080 invitos
908 1032 1201 1080 succubuisse
1238 1033 1336 1079 sibi.

314 1118 441 1181 Quid
473 1119 553 1166 tibi
590 1138 711 1166 nunc
747 1116 903 1166 molles
937 1115 1121 1184 prodest
1158 1118 1348 1166 coluisse
1385 1118 1569 1184 capillos

262 1216 308 1252 10
390 1206 622 1273 Saepeque
658 1217 850 1252 mutatas
888 1203 1165 1271 disposuisse
1198 1224 1373 1262 comas,

315 1290 444 1351 Quid
480 1309 614 1339 succo
637 1288 900 1356 splendente
933 1309 1069 1355 genas
1098 1310 1274 1350 ornare,
1305 1291 1415 1357 quid
1439 1310 1613 1356 ungues

377 1376 575 1423 Artificis
613 1376 744 1423 (locta
781 1375 1062 1424 subsecuisse
1099 1378 1268 1424 manu?

308 1464 493 1508 Frustra
524 1462 612 1509 iam
650 1473 814 1519 vestes,
860 1462 1026 1509 frustra
1063 1473 1294 1508 mutantur
1331 1461 1540 1517 amictus,

380 1549 592 1614 Ansaque
630 1567 910 1614 compressos
949 1545 1116 1612 colligit
1153 1560 1245 1595 arta
1282 1547 1432 1613 pedes.

261 1645 305 1680 15
319 1634 398 1680 llla
434 1633 602 1699 placet,
649 1635 849 1699 quamvis
885 1633 1053 1682 inculto
1090 1634 1258 1681 venerit
1294 1652 1371 1681 ore

377 1721 469 1766 Nec
506 1720 698 1766 nitidum
731 1720 859 1766 tarda
896 1720 1137 1784 compserit
1170 1731 1260 1766 arte
1299 1731 1443 1784 caput.

308 1809 425 1854 Num
464 1820 504 1854 te
540 1808 840 1864 carminibus,
889 1825 996 1854 num
1032 1819 1072 1854 te
1109 1806 1379 1872 pallentibus
1417 1807 1568 1855 herbis

377 1894 564 1940 Devovit
598 1894 730 1940 tacito
765 1906 964 1958 tempore
999 1894 1143 1940 noctis
1181 1894 1325 1939 anus?

309 1981 476 2026 Cantus
514 1979 670 2025 vicinis
708 1979 859 2040 fruges
897 1977 1092 2024 traducit
1128 1978 1182 2024 ab
1220 1978 1363 2040 agris,

258 2080 305 2112 20
386 2067 553 2112 Cautus
593 2077 635 2111 et
669 2065 806 2111 iratae
841 2063 1008 2112 detinet
1044 2063 1203 2127 anguis
1236 2063 1344 2119 iter,

349 2253 439 2286 V.].
475 2263 656 2296 possum
688 2253 783 2294 libri,
827 2262 912 2295 quos
943 2251 1096 2295 sequitur
1129 2251 1229 2284 etiam
1264 2250 1421 2284 Vossius.
1476 2248 1607 2292 possim

257 2317 384 2360 primus
410 2318 598 2351 SCALIGER
623 2318 758 2351 dedisse
787 2317 931 2352 videtur.

349 2401 390 2434 V.
405 2403 460 2433 11.
487 2411 656 2435 ornare.
706 2401 809 2434 Irim
832 2412 984 2433 ornasse.
1032 2401 1146 2442 Vulgo
1168 2410 1328 2431 onerasse
1347 2398 1389 2430 de
1409 2396 1606 2430 coniectura

254 2466 341 2498 mala
365 2466 578 2499 SGALIGERI.
607 2485 647 2490 ——
699 2467 812 2500 v.15.
845 2466 931 2499 llla
966 2466 1051 2498 libri.
1102 2465 1216 2506 Vulgo
1242 2464 1327 2507 Ipsa
1362 2463 1426 2495 iam
1458 2461 1535 2495 inde
1561 2462 1604 2494 ab

254 2530 405 2563 editione
439 2531 513 2563 mai.
542 2533 641 2564 1472.
670 2549 713 2555 —
771 2533 886 2565 xlm.
923 2530 1209 2574 pallentibus
1244 2528 1329 2561 libri.
1384 2528 1493 2570 Vulgo
1524 2526 1602 2571 pul-

254 2594 406 2628 lentibus
436 2596 566 2629 incerto
592 2601 751 2630 auctore.
788 2595 877 2638 quod
906 2601 1017 2629 tamen
1044 2595 1152 2637 magis
1178 2595 1299 2637 placei.
