1721 2953
272 122 336 161 :w
675 116 918 163 'slssULLl
964 117 1075 164 Llss.
1106 117 1137 163 1.
1166 127 1221 163 10.

323 241 438 287 Pace
473 240 636 287 bidens
668 257 909 305 vomerque
942 242 1116 306 vigent,
1164 253 1209 289 at
1243 241 1386 289 tristia
1423 241 1527 289 duri

268 337 315 371 50
396 326 554 373 Militis
590 326 638 372 in
674 326 870 374 tenebris
907 341 1101 394 occupat
1137 348 1262 376 arma
1295 329 1432 387 situs,

321 413 534 460 Rusticus
572 430 593 459 e
628 411 819 478 lucoque
851 414 995 472 vehit⁷
1039 415 1154 462 male
1191 415 1370 462 sobrius
1406 415 1527 480 ipse,

385 501 581 545 Uxorem
617 498 821 564 plaustro
861 501 1218 567 progeniemque
1251 501 1449 548 domum.

319 584 410 632 Sed
445 584 634 633 Veneris
666 597 773 632 tunc
808 585 927 634 bella
966 586 1123 645 calent,
1159 588 1413 653 scissosque
1442 586 1626 652 capillos

368 671 557 718 Femina
591 671 840 736 perfractas
879 673 1260 739 conqueriturque
1291 674 1436 721 fores:

268 756 425 804 55Flet
456 769 630 805 teneras
664 757 851 805 subtusa
888 777 1052 822 genas,
1099 759 1179 806 sed
1213 759 1356 806 victor
1389 771 1431 806 et
1463 759 1560 824 ipse

389 843 487 890 Flet
518 844 604 891 sibi
637 844 866 891 dementes
900 856 990 892 tam
1027 844 1218 892 valuisse
1255 865 1429 893 manus.

320 930 381 976 At
409 929 600 977 lascivus
637 930 780 977 Amor
815 931 936 978 rixae
972 931 1090 978 mala
1126 931 1261 979 verba
1299 932 1546 989 ministrat,

394 1017 515 1062 Inter
551 1027 591 1063 et
624 1016 785 1063 iratum
819 1016 964 1064 lentus
997 1029 1236 1083 utrumque
1273 1018 1408 1066 sedet.

323 1101 395 1147 Ah
434 1100 546 1165 lapis
584 1113 648 1148 est
683 1102 956 1166 ferrumque,
992 1122 1117 1149 suam
1143 1104 1401 1168 quicunque
1431 1102 1626 1169 puellam

272 1196 318 1230 60
398 1186 639 1233 Verberat:
686 1205 707 1233 e
745 1186 866 1234 caelo
903 1187 1068 1253 deripit
1102 1187 1174 1234 ille
1207 1188 1326 1235 deos.

327 1274 395 1320 Sit
430 1274 536 1320 satis
570 1291 591 1320 e
627 1273 841 1320 membris
877 1285 1054 1320 tenuem
1091 1274 1380 1339 perscindere
1415 1285 1604 1332 vestem,

392 1360 460 1406 Sit
497 1359 603 1406 satis
642 1371 826 1406 ornatus
861 1360 1121 1407 dissoluisse
1155 1380 1332 1420 comae,

330 1447 398 1493 Sit
432 1446 638 1493 lacrimas
674 1445 864 1493 movisse
902 1446 1032 1493 satis:
1086 1458 1244 1512 quater
1279 1445 1351 1492 ille
1386 1446 1544 1493 beatus

396 1533 501 1595 Quo
537 1544 689 1579 tenera
725 1532 838 1579 irato
874 1531 980 1579 flere
1016 1532 1165 1597 puella
1202 1544 1359 1597 potest.

274 1618 421 1665 65Sed
445 1618 654 1665 manibus
678 1618 753 1682 qui
782 1637 938 1664 saevus
964 1619 1058 1675 erit,
1090 1630 1355 1683 scutumque
1380 1617 1627 1684 sudemque

398 1706 440 1751 Is
478 1716 603 1767 gerat
637 1716 677 1750 et
713 1704 808 1750 miti
845 1705 901 1751 sit
936 1703 1094 1769 procul
1132 1724 1156 1751 a
1186 1707 1371 1752 Venere.

325 1790 383 1836 At
416 1789 574 1847 nobis,
618 1790 710 1836 Pax
747 1788 886 1846 alma,
931 1790 1030 1836 veni
1065 1789 1325 1856 spicamque
1360 1801 1531 1848 teneto,

394 1875 591 1922 Perfluat
628 1888 668 1921 et
697 1876 843 1940 pomis
879 1876 1101 1923 candidus
1134 1888 1234 1923 ante
1271 1877 1409 1923 sinus.

370 2033 411 2065 V.
430 2034 487 2065 61.
520 2031 821 2075 perscindere
856 2032 951 2074 libri,
990 2031 1080 2075 quod
1112 2032 1294 2065 violentiae
1328 2032 1464 2066 maioris
1496 2033 1627 2075 signifi-

275 2098 443 2129 cationem
478 2096 590 2130 habet.
643 2097 768 2130 Lenius
801 2097 1014 2139 rescindere,
1050 2098 1153 2140 vulgo
1185 2097 1227 2130 de
1256 2098 1452 2131 coniectura
1479 2098 1627 2132 Hnmsu

277 2164 413 2195 lectum.

374 2240 412 2271 V.
432 2241 488 2272 68.
524 2238 739 2272 Perfluat
771 2243 874 2272 recte.
925 2239 990 2272 Alii
1021 2240 1201 2283 pnssuat,
1238 2239 1328 2282 quod
1359 2241 1506 2274 Yossws
1540 2241 1627 2273 male

276 2306 405 2349 recepit
433 2310 467 2338 et
497 2306 665 2339 BAcnws.
