1721 2953
279 164 362 202 414
595 163 964 210 COMMENTAR.
993 170 1052 210 IN
1080 170 1310 212 TIBULLI

1633 244 1658 269 e

278 276 372 309 vides
396 276 623 319 nervosioris‚
660 288 737 312 cum
763 279 865 315 modo
898 282 942 317 de
975 285 1056 318 mari
1083 284 1209 319 dictum
1235 290 1348 329 esset,
1385 287 1533 332 ideoque
1566 294 1618 324 est

280 344 521 386 praepositum.
571 343 732 379 Ceterum
759 346 878 379 aerias
903 358 1008 382 aures
1038 351 1187 394 reperias
1212 352 1313 385 etiam
1338 363 1394 397 ap.
1420 354 1619 389 Paunnmw.

278 412 310 444 in
336 408 530 453 Symmach.
554 410 581 453 I,
607 413 686 445 449.
713 431 759 438 --—
797 415 1055 461 quadrupes
1091 428 1270 462 aspera,
1304 430 1371 453 non
1396 431 1518 463 saeva,
1554 422 1619 455 im-

275 479 400 519 manis,
425 478 485 511 sed
511 479 646 512 omnino
673 480 755 513 fera.
806 482 893 516 Nam
917 486 1084 529 asperitas
1109 487 1234 528 ingenii
1261 492 1314 521 est
1338 490 1486 523 omnium
1512 500 1616 531 agre-

273 544 375 577 stium
400 548 435 577 et
458 545 662 580 silvestrium
689 546 854 591 ferarum,
880 551 958 593 quia
983 553 1103 595 procul
1127 552 1170 584 ab
1195 551 1340 586 humano
1366 555 1460 588 cultu
1484 556 1615 589 vivunt.

272 609 374 642 Patet
393 608 468 644 hinc
491 621 558 645 non
582 623 682 656 posse
708 613 750 646 de
776 617 958 649 mansuetis
983 617 1148 659 gregibus
1168 617 1293 660 boum,
1319 620 1430 654 ovium
1456 621 1490 653 in
1515 621 1614 653 salti-

271 675 335 707 bus
370 677 514 718 cogitari
550 688 635 720 quos
672 678 843 713 Hermus
879 681 995 723 addit;
1032 692 1236 725 quamquam
1275 682 1305 716 hi
1340 684 1441 717 etiam
1481 696 1543 729 per
1578 696 1616 718 se

271 740 372 772 alieni
397 741 439 773 ab
465 741 527 775 hoc
554 744 651 785 loco,
679 744 735 777 ubi
760 746 809 778 sic
847 747 1020 788 cogitatur
1044 758 1157 781 rerum
1182 753 1322 791 natura,
1345 753 1384 783 ut
1409 754 1460 784 est
1485 750 1619 784 diversa

269 803 312 836 ab
337 803 488 838 humanis
514 806 626 841 rebus.
645 827 693 834 -—
718 809 808 842 tuis
838 811 970 844 votis.
1023 811 1165 844 Constat
1192 823 1297 846 novos
1323 814 1479 847 consules
1505 816 1615 857 primo

269 870 325 904 die
359 872 577 914 magistratus
609 874 807 908 solemniter
839 879 918 908 vota
950 886 1168 920 nuncupasse
1203 878 1236 910 in
1270 878 1440 921 Capitolio
1469 889 1532 923 pro
1557 890 1616 912 sa-

268 938 340 972 lute
372 939 510 983 populi,
546 939 623 973 vide
649 950 680 974 v.
708 951 736 973 c.
763 940 844 973 Liv.
870 940 969 975 XXl.
996 952 1026 975 c.
1053 945 1110 976 63.
1156 943 1263 977 Ovm.
1289 943 1399 987 Epist.
1430 954 1473 977 ex
1499 945 1613 977 Ponto

267 1004 327 1046 lv,
351 1007 384 1046 4,
410 1008 455 1038 23
482 1016 556 1048 sqq.
592 1006 720 1040 TAcrr.
747 1008 834 1041 Ann.
862 1008 922 1049 IV,
949 1012 1007 1042 70.
1034 1027 1081 1034 -
1131 1010 1247 1044 Quin
1287 1010 1459 1052 largita
1497 1016 1614 1045 sunt.

267 1071 352 1103 Cum
388 1071 472 1116 quin
506 1072 552 1106 sit
584 1073 708 1107 tradita
742 1075 967 1117 genuinorum
995 1076 1157 1108 librorum
1184 1076 1308 1118 lectio',
1350 1077 1474 1109 eximie
1500 1078 1613 1120 placet

267 1139 449 1172 Huscnxn
475 1139 690 1174 coniectura:
727 1141 814 1186 quin
838 1141 977 1187 largita
1005 1142 1078 1174 tais
1103 1142 1151 1175 sit
1177 1147 1243 1176 etc.
1277 1154 1317 1177 ac
1351 1144 1416 1178 iam
1450 1145 1483 1178 in
1509 1145 1613 1178 Voss·

265 1208 298 1238 3.
325 1210 360 1239 et
385 1207 438 1241 ed.
464 1207 563 1240 L1ps.
589 1212 754 1241 tentatum
782 1213 874 1242 erat:
916 1209 1002 1254 quin
1034 1209 1172 1255 largita
1206 1211 1280 1244 tuis
1313 1211 1387 1244 sint
1422 1212 1539 1244 multa
1563 1212 1614 1245 si-

263 1272 376 1304 lentia
406 1273 510 1308 votis.
558 1275 648 1308 Dicit
675 1279 797 1318 poeta:
835 1276 926 1308 nulla
950 1277 1021 1309 avis
1048 1288 1110 1321 per
1139 1288 1238 1311 auras
1263 1279 1355 1312 volat
1380 1281 1611 1323 strepentibus

263 1340 341 1381 alis,
366 1341 458 1373 nulla
484 1340 558 1373 fera
582 1342 686 1383 vulgo
714 1341 911 1385 depascitur
935 1342 1056 1383 silvas,
1082 1353 1170 1385 quae
1196 1354 1263 1377 non
1287 1349 1358 1378 tum
1384 1345 1551 1387 quieverit
1575 1349 1610 1378 et

263 1407 393 1439 siluerit
425 1417 501 1440 cum
535 1410 573 1439 tu
607 1411 685 1439 vota
713 1408 934 1449 nuncupabas
964 1409 998 1441 in
1031 1409 1214 1451 Capitolio.
1277 1410 1524 1444 Silentium
1559 1416 1611 1444 est

261 1482 338 1504 curn
374 1472 507 1504 favetur
543 1472 669 1513 linguis
705 1476 739 1504 et
773 1472 909 1504 omnino
944 1473 1151 1515 quiescitur,
1192 1485 1234 1507 ne
1269 1476 1415 1518 strepitu
1451 1478 1606 1510 ominoso

263 1539 443 1571 turbentur
467 1548 574 1571 sacra.
625 1538 763 1578 Muta,
799 1545 999 1581 perpetuum
1037 1539 1233 1583 epitheton,
1269 1552 1356 1575 nunc
1382 1544 1606 1586 aptissimum.

262 1602 326 1635 Est
359 1603 464 1645 igitur
497 1603 665 1635 sententia
700 1603 791 1635 clara
826 1607 860 1635 et
896 1604 1050 1645 poetica,
1087 1615 1127 1636 ac
1157 1615 1233 1638 cum
1267 1606 1440 1640 Hermus
1475 1609 1610 1650 longius

261 1669 403 1711 petitam
430 1668 554 1701 dixerit
579 1668 772 1701 animalium
803 1669 834 1701 in
861 1667 923 1701 hac
949 1679 986 1702 re
1011 1670 1237 1713 mentionem,
1275 1671 1486 1706 Huseust
1513 1685 1610 1707 com-

262 1737 361 1776 parat
385 1734 528 1767 similem
552 1732 749 1766 Enmmms
777 1734 889 1766 locum
915 1734 948 1766 in
974 1734 1101 1769 Bacch.
1129 1739 1346 1771 1071-1074.
1373 1739 1438 1772 iam
1464 1751 1483 1773 a
1510 1741 1610 1774 Vm,-

260 1811 320 1833 Plo
345 1800 505 1842 citatum,
531 1801 589 1834 ubi
616 1799 752 1833 Baccho
777 1802 955 1843 loquente,
982 1805 1096 1846 σίγησε
1122 1800 1155 1835 ‹5'
1180 1800 1310 1848 αἰθήρ,
1336 1813 1417 1847 σῖγα
1442 1802 1475 1837 <5²
1500 1802 1606 1838 εἰῖλει-

259 1880 322 1905 μσς
349 1868 439 1912 νάπη
469 1864 567 1907 φύλλ’
592 1863 677 1910 εἶχε·
714 1869 835 1912 θηρῶν
859 1866 893 1901 δ’
920 1867 978 1902 οὐκ
1005 1866 1047 1903 ἂν
1071 1868 1219 1915 ἤκουσας
1244 1869 1339 1917 βοήν.
1389 1874 1504 1916 Vulgo
1531 1885 1607 1907 cum

260 1932 521 1966 Bnoncxflnsm
549 1935 709 1967 scribitur
735 1945 753 1967 e
786 1934 880 1967 libris
906 1936 1094 1969 nonnullis:
1140 1938 1225 1968 Cam
1254 1937 1390 1982 largita
1418 1938 1492 1971 tuis
1522 1944 1609 1971 sunt

261 2005 362 2030 muta
387 1998 530 2032 silentia
555 2000 657 2035 votis,
683 2001 741 2033 ubi
766 2000 905 2035 verbum
931 2003 1046 2045 largiri
1074 2004 1208 2046 passive
1233 2005 1400 2049 accipitur
1424 2016 1488 2038 usu
1514 2006 1604 2049 apud

258 2065 466 2106 antiquiores
491 2066 668 2107 aliquoties
694 2070 851 2108 reperto,
890 2067 1105 2101 incommode
1131 2073 1247 2103 autem
1275 2068 1445 2103 hominum
1471 2071 1605 2103 silentia

257 2130 509 2174 immiscentur,
544 2131 640 2172 quasi
674 2130 756 2164 haec
783 2133 921 2166 turbare
949 2135 1122 2168 noluerint
1147 2136 1316 2169 animalia.
1379 2136 1431 2168 De
1459 2134 1604 2169 homini-

260 2194 322 2227 bus
348 2193 401 2228 hic
427 2196 532 2228 taceri
561 2196 683 2244 debet3
722 2198 920 2239 augustiora
955 2199 1112 2240 silentia,
1147 2209 1234 2242 quae
1268 2209 1380 2233 rerum
1406 2204 1526 2233 natura
1553 2199 1603 2233 his

256 2260 364 2292 sacris
389 2261 541 2302 largitur.
599 2261 779 2295 Postremo
805 2262 846 2295 ad
872 2267 982 2296 totum
1010 2264 1121 2297 locum
1148 2274 1289 2306 moneo,
1314 2275 1357 2297 ne
1382 2266 1456 2307 quis
1482 2266 1604 2298 nimiae

256 2326 532 2367 exaggerationis
567 2331 700 2369 poetam
749 2332 897 2361 accuset.
959 2329 1151 2362 Observant
1200 2330 1289 2362 enim
1332 2330 1604 2373 peregrinatores

257 2388 446 2433 hodieque,
484 2394 522 2423 ut
556 2392 779 2425 celeberrima
811 2392 935 2425 femina
971 2394 1010 2426 B.
1047 2404 1096 2426 1)ss
1122 2395 1245 2427 STA’E'L
1281 2395 1313 2427 in
1349 2394 1495 2427 Corinna
1528 2405 1600 2435 sua,

259 2458 536 2498 tranquillitatem
562 2462 596 2491 et
623 2459 791 2493 silentium
817 2460 905 2493 aeris
930 2462 1174 2504 universaeque
1209 2472 1322 2495 rerum
1356 2466 1495 2494 naturae
1521 2462 1599 2502 tale,

259 2522 359 2563 quale
386 2522 418 2554 in
440 2523 714 2556 meridionalibus
741 2526 840 2558 terris
866 2526 1002 2569 incidat,
1030 2528 1236 2568 incognitum
1264 2537 1338 2560 esse
1359 2526 1446 2569 apud
1474 2537 1535 2559 uos
1563 2531 1597 2560 et

257 2588 289 2620 in
315 2589 440 2620 nostris
466 2589 670 2631 regionibus.
700 2609 743 2615 —-
778 2592 820 2626 V.
849 2595 915 2625 130
940 2603 1013 2636 sqq.
1064 2593 1273 2636 Iuppiter
1298 2592 1418 2634 ipse,
1443 2592 1474 2624 in
1502 2592 1597 2624 cuius

258 2655 386 2699 templo
419 2665 552 2691 sacrum
588 2655 736 2701 factum,
774 2658 950 2694 descendit
987 2664 1022 2694 ut
1057 2669 1215 2704 praesens
1250 2657 1396 2692 adesset.
1448 2657 1500 2691 De
1524 2656 1598 2690 aliis
