1721 2953
489 145 631 187 LIBR.
661 145 730 184 ΙΙΙ.
789 142 944 183 ELEG.
974 144 1048 184 IV.
1344 148 1419 183 341

93 263 136 298 de
172 274 238 308 qua
275 263 378 298 etiam
403 262 435 296 in
459 259 703 296 Dissertatione
728 257 770 292 de
794 257 896 291 Poesi
922 257 1049 292 Tibulll
1074 255 1236 291 monitum
1261 258 1419 300 quantum

85 332 131 366 ibi
159 332 252 366 satis.

179 398 244 431 Est
269 396 332 431 hoc
369 404 506 429 carmen
539 394 674 428 unicum
709 393 797 427 inter
820 395 977 437 poemata
1010 389 1199 435 Lygdami,
1233 387 1323 432 quod
1349 390 1418 421 tres

90 464 219 506 elegiae
254 466 369 506 partes
407 462 632 506 principales,
670 461 869 502 exordium,
905 459 1052 493 medium
1087 467 1243 499 carmen,
1281 455 1420 495 exitum,

85 538 181 563 more
205 528 398 561 Tibulliano
422 527 581 561 distincte
605 526 729 561 divisas
753 524 876 567 habet,
912 535 1024 568 neque
1049 528 1161 558 tamen
1188 525 1303 555 cetera
1328 519 1419 563 pari-

88 599 141 628 ter
163 594 228 627 arti
252 594 379 627 Tibulli
403 593 524 627 similia
548 595 638 626 sunt.
685 591 840 626 Primum
865 590 956 633 quod
982 594 1034 624 est
1055 588 1231 623 consilium
1256 584 1415 628 elegiae?

83 660 150 695 Est
173 659 263 694 haud
288 660 390 693 dubie
423 659 535 701 idem,
569 658 660 702 quod
694 656 973 691 antecedentibus
1007 657 1147 690 subesse
1184 654 1352 695 vidimus,
1383 654 1421 684 ut

88 727 236 770 puellam
271 725 495 759 abalienatam
530 728 667 758 revocet
700 723 743 757 ad
782 733 832 756 se.
892 721 939 755 Et
975 732 1062 755 nunc
1095 721 1230 764 quidem
1265 729 1342 753 cum
1376 717 1417 750 de

88 792 248 834 coniugio
280 792 347 825 alio
384 790 528 834 cogitari
566 789 773 830 audivisset,
814 789 848 821 in
886 787 1015 821 somnio
1044 787 1142 820 finxit
1173 785 1237 818 sibi
1272 794 1342 817 rem
1377 782 1419 815 ab

89 858 247 901 Apolline
273 858 479 899 nuntiatam,
507 867 645 902 sperans
670 855 734 890 hoc
760 856 930 889 inventum
957 864 1112 896 magnam
1137 853 1203 886 vim
1227 850 1418 884 habiturum

86 925 120 957 in
145 924 322 958 Neaeram.
372 923 442 957 Sed
477 923 530 957 hic
563 934 631 957 non
665 923 834 968 reputavit
867 923 941 956 leve
973 920 1147 963 negotium
1172 918 1273 951 tribui
1299 915 1419 957 insigni

87 989 179 1031 deo;
205 991 361 1031 oracula,
386 990 535 1032 monita,
559 989 666 1023 minas
691 987 944 1033 exspectaveris
968 987 1011 1020 ab
1037 984 1213 1029 Apolline,
1239 992 1305 1014 non
1330 980 1419 1022 quod

89 1053 248 1088 facillime
284 1055 420 1088 aliunde
458 1055 619 1097 cognosci
658 1058 815 1098 poterat,
855 1054 912 1086 alii
950 1052 1079 1086 nubere
1115 1050 1202 1083 velle
1238 1047 1418 1081 Neaeram.

85 1119 223 1152 Notavit
248 1121 314 1152 iam
344 1120 515 1153 Ham-ms
544 1120 662 1153 vitium
691 1119 901 1152 inventionis.
961 1119 1092 1158 Porro,
1127 1116 1155 1149 si
1185 1124 1303 1148 revera
1327 1121 1423 1145 com³

85 1195 221 1218 movere
256 1186 403 1228 puellam
442 1186 620 1229 cupiebat,
658 1185 776 1218 credas
811 1183 898 1217 hunc
934 1184 967 1217 in
1001 1183 1137 1216 modum
1170 1178 1325 1214 adornari
1361 1177 1420 1210 de-

83 1249 198 1283 buisse
223 1255 478 1292 argumentum,
504 1255 542 1283 ut
567 1254 647 1294 post
671 1250 836 1283 somnium
862 1252 1033 1283 narratum
1059 1247 1268 1281 describeret
1294 1245 1419 1277 luctum

82 1317 279 1359 ingentem,
304 1328 405 1359 quem
431 1316 483 1350 liic
508 1318 642 1349 nuntius
667 1317 732 1350 sibi
755 1316 934 1349 attulisset.
983 1315 1168 1348 Habuisset
1195 1313 1299 1355 igitur
1325 1320 1418 1343 come

84 1382 208 1426 positio
233 1381 316 1414 duas
343 1385 469 1425 partes,
494 1392 635 1423 quarum
660 1382 767 1414 altera
791 1381 1020 1413 narrationem
1044 1378 1210 1422 Apollinis
1236 1375 1420 1416 exhiberet,

81 1449 192 1480 altera
217 1447 352 1480 dolores
377 1445 456 1480 inde
487 1449 590 1479 ortos.
639 1445 794 1478 Exordio
820 1449 854 1478 et
880 1444 995 1486 exitu,
1031 1447 1069 1477 ut
1099 1453 1187 1477 nunc
1211 1443 1269 1482 fit,
1302 1440 1422 1483 implo—

50 1561 57 1568 .
82 1513 148 1547 rari
171 1516 326 1557 poterant
350 1512 396 1546 dii
420 1516 459 1545 ut
484 1515 676 1545 averterent
700 1507 831 1545 tristem
854 1521 938 1546 rem.
987 1509 1059 1543 Sed
1084 1507 1164 1552 quid
1190 1506 1271 1540 facit
1293 1508 1393 1549 poeta
1403 1504 1422 1536 ’ἐ

83 1581 191 1613 Unice
220 1584 407 1624 occupatur
431 1579 562 1612 somnio
588 1578 833 1620 describendo,
870 1579 1010 1611 alteram
1035 1587 1117 1610 vero
1141 1585 1253 1608 rerum
1279 1575 1420 1617 partem,

83 1656 182 1688 quam
208 1645 295 1686 dixi,
326 1645 426 1688 plane
452 1644 585 1685 omisit,
618 1653 685 1676 non
710 1643 768 1676 ille
793 1645 943 1676 sentiens
967 1642 1047 1685 quid
1074 1642 1223 1685 postulet
1248 1639 1421 1673 concinui-

85 1717 157 1754 tas,
191 1722 303 1754 neque
339 1711 480 1744 idoneus
514 1709 669 1743 sensibus
703 1709 805 1742 animi
841 1709 998 1743 disertius
1033 1706 1274 1741 describendis.
1335 1703 1422 1737 Erat

85 1789 164 1812 vero
191 1779 290 1812 etiam
322 1778 387 1810 alia
412 1777 518 1810 forma
551 1776 783 1817 tractationis,
818 1786 905 1818 quae
937 1774 1014 1808 huic
1038 1777 1243 1817 argumento
1269 1770 1420 1804 adbiberi

84 1849 236 1889 poterat,
271 1844 299 1877 si
327 1844 369 1876 ad
396 1842 631 1876 deterrendam
655 1853 674 1876 a
700 1842 874 1886 proposito
900 1841 1069 1874 Neaeram
1096 1840 1208 1872 omnia
1235 1848 1419 1882 compone-

83 1912 153 1946 bat.
201 1911 260 1944 Sic
285 1910 318 1942 in
352 1909 460 1953 prima
486 1912 583 1953 parte
617 1907 835 1952 proponenda
862 1906 982 1939 fuisset
1012 1906 1089 1939 irati
1115 1905 1169 1938 dei
1194 1905 1327 1946 imago,
1363 1906 1419 1946 qui

82 1977 125 2010 ad
150 1976 256 2009 minas
282 1976 433 2017 veniret,
468 1979 504 2008 et
536 1974 668 2008 videres
697 1972 959 2016 descriptionem
992 1971 1094 2005 divini
1121 1970 1252 2003 habitus
1277 1980 1343 2002 non
1369 1970 1419 2002 in-

84 2042 219 2082 utilem,
255 2040 316 2073 sed
348 2045 484 2084 aptam,
524 2050 610 2083 quae
644 2039 732 2072 iusta
765 2049 843 2083 pars
877 2041 968 2072 esset
1000 2037 1105 2071 totius
1130 2037 1306 2078 carminis,
1344 2045 1420 2068 cum

83 2113 170 2146 quae
206 2113 295 2136 nunc
333 2101 387 2136 hic
423 2103 551 2145 legitur
587 2101 844 2148 pulchritudinis
884 2101 1018 2135 divinae
1056 2102 1151 2143 laus,
1190 2099 1271 2133 nibil
1313 2099 1420 2142 prosit

83 2179 214 2203 summo
241 2169 381 2202 consilio
405 2169 573 2202 carminis.
631 2168 669 2202 In
694 2169 800 2202 altera
824 2171 938 2202 autem
961 2171 1058 2212 parte
1086 2167 1189 2200 verba
1221 2175 1339 2198 severa
1363 2163 1416 2197 det

84 2234 127 2267 ad
151 2234 319 2268 Neaeram
347 2239 382 2268 et
407 2236 518 2268 minae
541 2234 765 2277 haberentur,
791 2235 818 2268 si
844 2234 944 2268 fidem
970 2234 1102 2267 falleret
1125 2236 1159 2266 et
1185 2231 1241 2265 alii
1264 2231 1414 2265 nuberet.

85 2300 273 2333 Exordium
307 2304 526 2344 praepararet
563 2304 673 2334 totum
709 2305 744 2334 et
776 2300 946 2333 nuntiaret
979 2310 1046 2333 non
1080 2300 1217 2343 impune
1250 2300 1419 2332 contemni

85 2367 315 2401 iusiurandum
341 2371 376 2401 et
399 2368 505 2401 minas
531 2367 693 2409 deorum,
719 2368 830 2401 exitus
855 2377 936 2401 vero
959 2371 1037 2400 vota
1062 2365 1201 2400 haberet
1226 2370 1261 2400 ut
1287 2366 1419 2399 obtem>

87 2440 221 2478 peraret
246 2436 370 2479 puella.
418 2435 489 2469 Sed
515 2436 618 2469 etiam
652 2434 701 2468 liis
727 2436 774 2468 ita
808 2435 992 2469 tractandis
1016 2435 1125 2480 impar
1149 2435 1252 2469 suerit
1276 2434 1419 2477 Lygda-

86 2509 178 2541 mus,
205 2500 301 2533 cuius
328 2504 399 2533 tota
426 2501 538 2544 poesis
565 2501 667 2542 lenis,
702 2511 766 2533 non
793 2511 933 2533 nervosa
960 2505 994 2534 et
1018 2501 1140 2544 gravis.
1192 2503 1235 2535 At
1259 2501 1345 2533 enim
1371 2500 1422 2533 ‹li-

88 2569 142 2598 cat
170 2566 272 2608 alius,
298 2566 379 2609 quid
404 2567 431 2599 si
456 2569 529 2611 ipsa
554 2567 691 2600 lenitate
723 2571 759 2600 et
785 2566 962 2599 dulcedine
989 2577 1099 2600 rerum
1126 2576 1338 2600 commovere
1363 2576 1423 2598 vo*

96 2632 154 2665 luit
181 2633 356 2675 puellam?
406 2633 570 2677 Apollinis
606 2633 738 2667 babitus
769 2637 860 2667 totus
889 2634 1000 2667 suavis
1026 2637 1058 2667 et
1085 2633 1186 2667 verba
1213 2632 1324 2666 mollia
1351 2630 1425 2664 dul-
