1721 2953
266 127 344 164 160
571 115 938 159 COMMENTAR.
970 119 1028 159 IN
1061 120 1288 161 TIBULLI

263 236 428 271 luenda
467 233 610 275 dedit,
648 233 679 267 h.
706 243 736 267 e.
771 234 853 268 fecit
885 238 922 268 ut
958 234 1225 269 dissolverentur
1262 234 1376 282 (gicht
1411 235 1460 269 sie
1487 235 1606 272 (labin,

261 304 372 351 gellis!
401 313 445 333 :a
472 299 608 333 werden
633 311 699 333 von
720 299 781 333 cler
810 300 1069 348 Trauriglceit).
1117 302 1206 336 Nam
1234 306 1269 336 ut
1293 301 1514 335 vinciendum
1537 302 1606 335 ali-

264 383 362 417 quem
389 369 472 401 dare
498 367 633 409 dicitur,
660 368 707 400 ita
732 366 959 408 solvendum5
986 369 1062 412 quis
1088 370 1141 403 vel
1161 369 1243 413 quid
1263 370 1385 412 solvat,
1411 370 1545 412 vinciat,
1572 375 1608 403 ut

260 436 405 470 addatur
427 443 494 467 non
514 433 640 476 ubique
663 443 761 476 opus.
812 433 889 467 Hoc
910 434 986 468 loco
1008 445 1095 477 quae
1115 436 1164 468 vis
1181 436 1302 477 solvat,
1326 446 1382 469 res
1402 435 1476 480 ipsa
1494 436 1607 471 docet.

262 506 348 538 Vino
372 502 503 535 animus
526 500 560 533 in
584 503 789 543 potestatem
814 498 1004 543 hilaritatis,
1031 502 1192 544 laetitiae,
1217 502 1424 537 fervidorum
1448 514 1607 538 sensuum

260 571 381 610 datur,
416 567 474 609 qui
498 565 686 599 dissolvunt
711 565 896 599 tristitiam·
945 565 1016 599 Sed
1043 565 1108 599 hoc
1133 568 1302 601 omittitur
1326 573 1360 602 et
1387 569 1522 613 ponitur
1548 569 1607 601 cle-

260 636 314 668 dit
344 635 502 669 absolute
535 633 607 666 sine
643 633 862 667 obscuritate.
921 634 1069 667 Omnino
1104 633 1214 666 dandi
1246 636 1387 670 verbum
1419 636 1452 670 in
1485 637 1608 671 talibus

258 702 479 746 aptissimum,
505 703 543 733 ut
567 710 598 732 v,
625 710 654 733 c.
679 695 846 731 ἐκδόσθαι
871 695 956 743 πρὸς
982 693 1070 742 ἥβαν
1096 704 1149 733 est
1173 700 1282 734 Pmn.
1308 699 1411 744 Pyth.
1441 702 1500 744 IV,
1525 704 1608 736 295.

259 767 326 800 Alii
361 766 596 809 agricolae
631 775 681 808 pr.
714 763 827 797 dativo
855 762 999 805 habent,
1035 768 1074 797 ut
1097 765 1280 808 BAcnms,
1313 767 1376 800 sed
1399 777 1608 812 magnopere

258 833 416 876 displicet
454 830 538 867 haec
569 831 775 874 explicatio,
821 841 865 864 ex
899 841 966 874 qua
1007 835 1148 875 pectus,
1193 832 1286 875 quod
1329 837 1383 867 est
1422 834 1608 877 agricolae,

257 898 330 931 dari
356 897 528 940 agricolae
554 896 679 929 dieitur
710 896 751 929 ad
788 895 1054 930 exhilarandum.
1079 915 1124 921 —-
1164 897 1340 930 tristitiae
1372 898 1609 935 dissolvenda,

259 962 290 997 h.
315 974 346 997 e.
382 974 402 996 a
427 962 564 996 tristitia
590 963 784 1005 liberanda,
820 967 859 996 ut
883 962 1000 1009 legum
1023 963 1157 996 solvere
1183 964 1260 999 Clc.
1286 975 1349 1009 pro
1374 966 1473 1000 Sext.
1501 977 1532 1000 c.
1562 970 1608 1007 7.,

257 1040 401 1073 operum
435 1027 576 1061 solutus
613 1028 755 1062 HORAT.
789 1028 852 1070 Ill,
887 1031 944 1070 17,
978 1029 1036 1062 fin.
1075 1028 1232 1062 animum
1265 1029 1384 1064 levare
1418 1030 1609 1077 religionis,

258 1095 339 1129 va.
364 1093 460 1136 XXI,
486 1096 544 1128 62.
580 1093 740 1127 laudante
776 1093 983 1128 Huscmuo.
1042 1093 1141 1127 Adde
1175 1095 1347 1128 laudatum
1382 1106 1403 1128 a
1435 1095 1607 1130 Bnouck-

262 1171 366 1194 nusm
399 1159 614 1195 Vechnerum
650 1160 682 1193 in
718 1160 892 1195 Hellenol.
916 1160 945 1202 Ι,
977 1161 1019 1194 P.
1044 1160 1089 1203 Il,
1116 1163 1228 1195 0224.
1291 1161 1452 1195 Ceterum
1486 1168 1605 1196 notum

258 1226 387 1261 Λύσιον
412 1226 584 1261 Bacchum
611 1227 756 1261 Graecis
781 1227 929 1269 dictum,
956 1237 1034 1261 cum
1059 1229 1170 1261 solvat
1195 1237 1304 1262 curas.
1330 1246 1376 1252 —
1402 1238 1530 1262 crura
1555 1229 1605 1262 li—

260 1301 332 1329 cet
357 1299 522 1328 sonent
545 1298 611 1328 etc.
638 1295 689 1328 De
714 1295 820 1328 servis
847 1295 1015 1337 loquitur,
1044 1295 1102 1337 qui
1126 1294 1230 1328 vincti
1257 1294 1290 1328 iu
1316 1295 1491 1337 ergastulo
1515 1294 1604 1328 deti-

259 1365 381 1395 nentur
407 1365 441 1395 et
466 1370 552 1403 opus
579 1360 705 1393 faciunt
732 1361 764 1391 in
792 1360 886 1402 agris
911 1359 1097 1402 compedes
1122 1359 1316 1400 trahentes,
1349 1359 1392 1392 cf.
1418 1359 1464 1401 ΙΙ,
1489 1363 1522 1400 6,
1547 1361 1604 1392 25.

258 1428 367 1461 Ovrn.
395 1426 499 1460 Trist.
526 1426 586 1465 IV,
616 1428 644 1466 1,
672 1428 706 1459 5.
756 1426 970 1459 COLUMELL.
996 1426 1023 1467 Ι,
1048 1429 1083 1468 S,
1109 1429 1174 1460 16:
1219 1424 1397 1472 ergastuli
1430 1424 1607 1469 mancipia

258 1494 381 1526 vincta
412 1491 644 1538 compedibus.
668 1510 714 1516 -—-
756 1492 802 1525 Et
834 1494 966 1537 pulsa
1001 1497 1054 1526 est
1087 1494 1221 1537 pulsata
1254 1493 1344 1526 inter
1375 1492 1534 1526 eundum.
1560 1511 1605 1516 —

261 1560 304 1593 V.
330 1561 375 1593 43
401 1570 474 1603 sqq.
524 1561 622 1595 Quae
649 1558 725 1593 hinc
749 1560 867 1602 leges,
910 1560 1023 1594 omnia
1044 1560 1087 1593 ad
1112 1560 1365 1594 similitudinem
1391 1559 1519 1593 Bacchi
1544 1570 1606 1593 ex-

261 1637 377 1671 pressa
401 1631 488 1660 sunt.
517 1645 559 1650 —-
587 1626 701 1659 levis
726 1636 869 1669 amor,
894 1627 922 1668 I,
947 1629 979 1669 1,
1003 1630 1061 1660 73.
1087 1644 1133 1653 —
1158 1630 1315 1670 aptus,
1341 1631 1376 1660 te
1401 1626 1519 1669 decet,
1546 1627 1607 1660 tibi

261 1694 428 1727 convenit.
453 1708 498 1719 ι-
537 1693 652 1725 varii
686 1691 850 1733 flores,
892 1692 993 1736 plane
1027 1696 1066 1725 ut
1090 1690 1247 1725 Bacchus
1281 1692 1382 1725 fiores
1413 1696 1523 1734 amat,
1563 1692 1605 1725 cf.

259 1760 464 1792 Wnncxnm
490 1757 727 1791 Additamenta
752 1757 793 1789 ad
821 1757 895 1790 libr.
921 1757 964 1790 de
987 1756 1120 1799 Trilog.
1145 1755 1269 1790 Aesch.
1298 1768 1328 1800 p.
1356 1759 1436 1791 189.
1469 1757 1605 1790 SssNssc.

261 1826 349 1859 Oed.
374 1827 462 1858 414:
498 1830 533 1856 te
557 1824 652 1856 decet
677 1822 794 1856 vernis
819 1822 1120 1868 comamfloribzcs
1145 1823 1248 1868 cingi.
1275 1842 1318 1847 —
1361 1824 1603 1866 corymbis.

261 1893 433 1926 Hederam
461 1891 698 1933 Dionysiacam
724 1890 886 1923 describit
912 1891 1059 1924 Vossms
1079 1890 1121 1923 ad
1143 1890 1240 1932 Virg.
1256 1890 1380 1932 Eclog.
1400 1889 1462 1931 ΙΙΙ,
1480 1901 1512 1933 p.
1526 1892 1603 1922 120.

264 1959 428 1992 Bacchas
454 1955 666 2002 corymbzser
691 1957 800 1990 Ovln.
826 1956 920 1991 Fast.
946 1956 974 1998 I,
1000 1959 1082 1990 393.
1133 1955 1220 1990 Add.
1246 1956 1435 1989 Pizopssm.
1461 1955 1523 1997 ΙΙΙ,
1552 1958 1607 1996 17,

261 2028 318 2058 29.
377 2025 466 2058 Sunt
498 2027 613 2055 autem
648 2021 801 2064 corymbi
835 2021 960 2054 racemi
995 2019 1141 2054 hederae
1176 2021 1210 2054 in
1245 2021 1362 2054 orbem
1396 2021 1606 2061 circumacti,

262 2091 305 2124 cl'.
331 2091 437 2124 PLIN.
463 2088 558 2130 XVI,
581 2091 660 2130 34„
685 2092 720 2121 et
744 2088 850 2121 acinis
874 2099 914 2122 ac
939 2088 1070 2129 baccis,
1100 2088 1156 2130 qui
1182 2087 1311 2121 fructus
1337 2086 1502 2128 hederae,
1527 2097 1608 2129 gra-

262 2167 333 2190 ves.
363 2174 404 2180 -
442 2156 566 2188 lutea
591 2155 726 2198 palla.
775 2155 827 2188 De
860 2154 937 2187 luto
963 2155 1039 2188 vide
1064 2155 1106 2188 ad
1134 2155 1159 2196 l,
1183 2158 1217 2196 8,
1243 2157 1303 2188 52.
1352 2153 1485 2189 Palla,
1519 2163 1606 2196 quae

263 2221 399 2266 proprie
425 2220 644 2262 seminarum,
671 2221 771 2254 etiam
797 2221 839 2253 ab
866 2221 940 2253 aliis
966 2220 1092 2253 tributa
1119 2225 1171 2254 est
1196 2219 1346 2256 Baccho.
1395 2220 1474 2252 Fuit
1499 2229 1607 2261 genus

263 2289 398 2320 tunicae
425 2286 630 2329 superioris,
668 2292 706 2320 ut
740 2287 947 2320 MiiLLERus
983 2298 1078 2320 meus
1111 2298 1166 2321 me
1201 2291 1336 2328 monet3
1376 2296 1452 2319 nam
1478 2286 1604 2319 VARRO

264 2353 337 2386 libr.
365 2353 407 2394 V,
431 2352 460 2395 ξ.
488 2354 566 2385 131.
594 2352 646 2386 ed.
674 2352 724 2386 M.
761 2363 836 2386 eam
870 2352 912 2385 ad
938 2351 1106 2384 inclutum
1132 2352 1236 2385 refert
1260 2356 1295 2385 et
1319 2350 1361 2384 ab
1385 2350 1508 2384 amictu
1535 2348 1605 2381 dis-

264 2420 382 2453 cernit.
431 2418 638 2460 Intelligitur
663 2429 744 2452 vero
776 2429 885 2461 nunc,
925 2423 963 2452 ut
995 2420 1060 2452 iam
1086 2419 1128 2452 ab
1156 2419 1230 2452 aliis
1255 2421 1427 2457 notatum,
1469 2420 1608 2449 crocota

265 2485 452 2527 Bacchica,
489 2496 554 2528 qua
584 2485 762 2527 insignitur
788 2486 872 2519 deus
905 2486 949 2519 ob
981 2487 1101 2519 molles
1135 2495 1256 2519 mores,
1306 2483 1394 2517 Vide
1420 2483 1462 2516 de
1488 2493 1528 2516 ea
1553 2484 1605 2516 in-

264 2554 420 2595 terprett.
457 2550 499 2583 ad
538 2552 735 2584 Amsromr.
771 2551 858 2584 Ran.
893 2553 950 2584 46.
1009 2551 1197 2583 Cmmznn.
1235 2549 1388 2590 Symbol.
1430 2548 1529 2580 Toni.
1563 2547 1607 2589 Π,

266 2628 296 2659 p.
324 2619 402 2649 330.
430 2635 473 2641 -
508 2617 622 2651 Fusa
652 2617 703 2650 ad
731 2617 885 2660 pedes,
917 2613 1091 2661 ποδήρης,
1124 2620 1161 2648 ut
1187 2620 1270 2649 erat.
1321 2614 1481 2647 Ceterum
1506 2615 1605 2663 etiarn
