1721 2953
469 161 611 201 LIBR.
645 161 674 201 1.
733 159 889 200 ELEG.
924 161 994 201 1&ss
1319 167 1394 203 17¹)

54 278 101 310 iis
125 276 185 310 sed
211 285 372 316 nervosa,
408 273 566 318 periurii,
593 276 695 315 atque
725 271 826 305 etiam
856 272 1016 306 ultionem
1044 272 1204 317 deorum,
1231 274 1311 309 licet
1335 275 1395 309 de<

53 352 215 386 precans,
252 339 436 384 praedicit,
469 342 505 371 et
536 337 602 371 iam
635 346 723 370 nunc
759 336 910 380 conspici
938 338 1127 373 huiusmodi
1162 340 1242 383 qnid
1277 348 1395 376 censet

52 409 79 441 si
113 407 249 450 quidem
283 405 346 439 hoc
378 405 453 449 ipso
488 408 642 448 tempore
675 404 708 437 in
742 403 864 437 itinere
895 405 1037 448 pedibus
1069 408 1235 442 comitans
1260 414 1394 444 amato-

51 483 123 506 rem
147 481 283 506 avarum
309 481 394 515 puer
418 470 582 504 molestiis
606 469 680 503 viae
706 469 859 503 laesurus
885 470 929 503 sit
954 482 1077 516 corpus
1100 477 1266 508 tenerum.
1317 475 1395 511 Hoc

50 538 228 573 exordium
262 541 333 580 est,
371 538 405 570 in
438 547 506 581 quo
532 536 635 570 etiam
661 537 805 570 mutatio
829 537 973 570 affectus
1006 539 1136 582 placet,
1170 551 1189 573 a
1221 541 1318 575 minis
1352 542 1395 576 ad

50 604 304 638 excusationem
329 604 426 648 pueri
451 607 486 637 et
516 603 792 648 deprecationem
818 614 949 648 poenae
977 611 1140 648 pergente
1167 612 1289 651 poeta,
1322 613 1393 644 tuni

50 671 92 705 ad
111 671 193 705 iram
212 671 387 704 redeunte.
437 670 526 704 Exin
552 670 585 704 in
611 670 749 704 media
774 674 902 714 parte
929 671 1028 704 latius
1049 677 1081 705 et
1102 673 1208 707 fusius
1229 679 1394 709 tractatur

50 735 183 779 thema,
211 741 386 771 crescente
412 737 507 780 quasi
531 738 581 771 ira
607 742 641 771 et
666 737 873 772 verbositate
897 738 1042 771 affectus
1067 739 1154 773 inter
1178 741 1395 785 loquendum,

50 813 126 836 cum
152 803 329 837 exordium
354 803 462 836 lenius
488 802 617 838 suisset.
674 802 828 848 Exponit
862 803 967 846 igitur
993 814 1079 837 nunc
1106 805 1250 848 primum
1277 807 1394 841 obiur-

49 868 188 910 gatione
215 867 371 902 uberiore
405 878 538 902 omnem
572 868 727 902 iniuriam
759 868 876 912 pueri,
911 869 967 912 qui
995 870 1170 904 immemor
1194 872 1396 907 admonitio-

48 935 100 968 nis
134 934 282 977 Tibulli,
320 935 536 970 iurisiurandi
573 936 625 969 sui
664 940 699 970 et
737 936 950 969 lacrimarum
988 937 1183 980 inimemor,
1220 939 1397 974 immemor

49 999 195 1043 denique
219 1000 407 1034 officiorum
429 1001 558 1034 Tibulli
582 1005 617 1035 et
641 1000 826 1035 carminum
852 1001 1097 1045 dedicatorum,
1124 1004 1270 1048 pessime
1295 1006 1396 1041 fidem

48 1064 189 1108 fefellit3
226 1065 349 1100 deinde
383 1066 612 1109 obiurgationi
637 1066 775 1100 subiicit
799 1077 931 1110 poenae
957 1067 1266 1104 denuntiationem:
1302 1072 1398 1105 iubet

50 1131 139 1164 enim
172 1141 261 1165 nunc
295 1141 439 1176 puerum
472 1133 590 1176 procul
626 1132 749 1166 abesse
784 1133 817 1166 in
852 1138 1047 1177 posterum,
1084 1139 1276 1180 corruptori
1314 1149 1396 1172 vero

50 1197 248 1240 gravissima
272 1197 360 1231 mala
385 1198 610 1241 imprecatur,
635 1198 751 1232 uxoris
777 1198 952 1243 perfidiam
977 1205 1099 1244 optans
1125 1206 1162 1235 ut
1187 1204 1397 1246 experiatur,

51 1263 154 1296 immo
181 1263 248 1297 iam
282 1273 371 1297 nunc
404 1262 490 1297 hanc
523 1263 698 1308 perfidiam
732 1263 852 1298 adesse
887 1267 1108 1300 contendens.
1168 1269 1280 1312 Atque
1311 1268 1396 1304 haec

50 1330 187 1372 quidem
213 1330 324 1363 media
350 1340 427 1374 pars
458 1334 522 1363 est.
572 1331 737 1373 Sequitur
771 1330 916 1373 denique
952 1333 1115 1366 exitus.
1166 1333 1320 1368 Tertium
1344 1336 1398 1369 in-

49 1394 182 1429 vehitur
206 1396 240 1429 in
266 1406 409 1440 puerum
434 1397 638 1440 obiurgans,
665 1401 700 1431 et
724 1408 812 1431 nunc
838 1398 974 1440 quidem
1000 1399 1090 1442 quod
1118 1399 1313 1444 decrepitus
1341 1413 1397 1436 se-

48 1474 116 1497 nex
141 1465 186 1498 sit
209 1464 310 1498 foeda
336 1465 488 1509 podagra
513 1458 682 1507 affectus,
714 1466 768 1499 cui
794 1476 831 1500 se
860 1466 993 1500 dederit
1019 1471 1054 1500 et
1079 1470 1310 1512 postposuerit
1335 1470 1399 1503 Ti-

51 1532 201 1574 bullum,
235 1533 439 1576 rediensque
465 1538 544 1577 post
569 1533 842 1577 obiurgationem
867 1535 968 1568 etiam
995 1534 1036 1567 ad
1064 1545 1192 1578 poenae
1218 1536 1398 1569 denuntia-

48 1600 187 1642 tionem,
210 1610 288 1634 cum
312 1610 416 1644 supra
441 1600 562 1634 abesse
588 1601 621 1634 in
646 1605 822 1645 posterum
846 1601 983 1634 iusserit
1010 1612 1165 1645 puerum,
1190 1612 1278 1636 nunc
1303 1603 1399 1636 addit

48 1666 181 1699 tristem
206 1666 449 1710 poenitentiam
476 1666 506 1699 ei
532 1666 701 1708 futuram,
737 1667 794 1699 ubi
828 1677 865 1700 se
899 1667 1052 1699 relictum
1090 1667 1211 1701 viderit
1236 1671 1270 1701 et
1295 1670 1397 1702 alium

50 1741 194 1773 regnare
220 1733 253 1764 in
278 1732 409 1773 gremio
435 1734 578 1774 poetae,
611 1731 667 1774 qui
695 1731 863 1764 resolutus
890 1730 1001 1764 fallaci
1025 1742 1140 1765 amore
1165 1733 1310 1776 palmam
1337 1733 1398 1766 de—

50 1796 177 1829 dicabit
202 1796 328 1831 Veneri
354 1784 416 1840 pro
444 1797 564 1830 salute.
589 1815 636 1821 —
677 1796 781 1830 Vides
814 1797 1070 1841 dispositionem
1111 1802 1236 1840 totam,
1273 1809 1336 1832 nec
1362 1804 1396 1833 te

51 1862 150 1895 latuit
187 1872 288 1906 spero
329 1863 364 1895 in
403 1861 465 1895 hac
507 1862 651 1906 repetita
689 1862 928 1905 obiurgatione
965 1868 1000 1896 et
1045 1864 1228 1897 minatione
1266 1876 1398 1909 poenae

51 1938 151 1970 quam
179 1927 318 1972 pulchre
343 1938 405 1972 per
428 1928 554 1970 gradus
580 1928 744 1972 procedat
769 1932 946 1962 crescente
971 1929 1098 1963 affectu
1132 1931 1313 1974 explicatio
1342 1943 1399 1966 re·

0 2027 1 2032 ¹
52 2003 145 2035 rum,
170 1992 280 2027 donec
305 1993 339 2026 in
368 1994 435 2027 fine
461 1995 574 2027 omnia
599 1994 757 2027 absoluta
781 1994 909 2027 videas.
958 1994 1047 2028 Nam
1074 2006 1148 2029 curn
1174 1997 1206 2029 in
1232 1998 1399 2042 principio

0 2055 1 2058 ¹
53 2060 201 2094 breviter
234 2060 466 2103 obiurgaverit
499 2063 625 2095 laesum
661 2072 832 2103 amorem,
874 2072 954 2095 mox
985 2062 1093 2095 tribus
1122 2063 1204 2096 locis
1230 2064 1398 2106 gradatim

52 2127 246 2169 levitatem,
272 2127 408 2171 periurii
436 2128 658 2171 pravitatem,
684 2132 720 2160 et
746 2128 917 2170 ingratum
943 2128 1088 2161 animum
1116 2129 1218 2172 pueri»
1236 2128 1311 2163 fuse
1337 2140 1400 2163 ex-

51 2194 155 2237 plicat
192 2198 296 2236 atque
330 2195 504 2237 exagitat,
541 2195 650 2239 ipsum
679 2199 792 2229 autem
828 2194 954 2228 factum
991 2195 1033 2227 ab
1069 2205 1111 2227 eo
1146 2195 1329 2228 admissum
1366 2196 1399 2228 in

53 2259 146 2292 exitu
183 2259 319 2293 demum
357 2261 448 2294 clare
484 2263 723 2304 cognoscimus
758 2263 859 2306 quale
894 2262 1018 2303 fuerit,
1060 2260 1258 2305 decrepito,
1298 2262 1400 2296 foedo

55 2326 210 2370 podagra
235 2328 308 2361 seni
334 2328 466 2362 scilicet
491 2340 568 2363 eum
595 2330 796 2363 accubuisse
813 2356 822 2372 ,
851 2329 973 2363 callide
998 2333 1098 2372 poeta
1126 2329 1172 2362 ita
1198 2340 1400 2374 suspensum

52 2397 189 2426 tenente
214 2394 378 2428 lectorem
405 2394 448 2429 ad
479 2396 590 2429 finem.
642 2397 809 2430 Similiter
843 2397 915 2429 fere
948 2406 1078 2440 poenae
1112 2395 1400 2430 denuntiationem

52 2459 222 2492 tractavit.
280 2459 436 2494 Divinam
463 2461 599 2504 quidem
624 2462 786 2495 ultionem
814 2461 951 2505 periurii
977 2461 1168 2504 graviorem
1197 2462 1401 2506 deprecatur

52 2525 86 2557 in
113 2525 292 2569 principio,
317 2528 501 2562 levioribus
527 2534 720 2572 contentus,
755 2530 829 2573 ipse
856 2539 936 2562 vero
962 2528 995 2561 iu
1021 2528 1128 2561 altera
1153 2533 1249 2573 parte
1275 2530 1399 2563 carnii-

53 2591 104 2623 nis
131 2600 203 2623 eam
230 2602 337 2633 puero
362 2604 508 2636 poenam
533 2596 675 2639 imponit
702 2600 738 2629 ut
763 2595 884 2628 abesse
910 2605 986 2628 eum
1014 2595 1128 2628 iubeat
1155 2596 1185 2628 in
1214 2600 1398 2639 posterum,

53 2656 150 2688 cuius
178 2656 224 2688 rei
254 2657 425 2692 tristitiam
452 2659 575 2693 deinde
602 2661 753 2704 pluribus
780 2661 926 2705 explicat
954 2661 984 2692 in
1013 2661 1095 2692 tine:
1125 2661 1163 2691 <le
1189 2663 1398 2706 corruptoris

944 2732 987 2766 12
