1721 2953
476 106 718 152 TIBULLI
757 105 867 153 LIB.
898 108 970 155 IV.
996 119 1032 156 4.
1365 110 1431 158 89

144 229 284 276 Crede
303 229 426 287 mihi,
461 248 680 295 propera:
715 248 798 277 nec
821 243 861 278 te
890 232 992 291 iam,
1025 233 1223 292 Phoebe,
1256 234 1430 300 pigebit

209 316 450 362 Formosae
484 315 683 362 medicas
720 316 989 381 applicuisse
1026 340 1200 368 manus.

113 400 287 447 5Esfice
323 418 379 447 ne
414 401 578 448 macies
615 400 830 466 pallentes
867 418 1054 469 occupet
1085 418 1230 464 artus,

209 486 305 531 Neu
340 497 465 532 notet
498 486 704 533 informis
740 486 910 552 pallida
943 492 1145 539 membra
1182 490 1326 549 color,

141 570 197 616 Et
219 570 520 636 quodcunque
550 571 655 619 mali
676 584 740 619 est
763 584 805 619 et
833 574 1049 640 quicquid
1072 577 1194 624 triste
1215 578 1436 637 timemus,

208 657 262 702 In
296 656 483 722 pelagus
515 657 687 722 rapidis
719 658 872 707 evehat
906 662 1050 709 amnis
1086 663 1225 728 aquis.

141 742 327 800 Sancte,
362 743 477 801 veni,
506 755 742 809 tecumque
778 744 910 804 feras,
943 747 1200 814 quicunque
1237 767 1436 814 saporeS,

87 837 134 872 10
213 828 486 894 Quicunque
519 841 561 876 et
596 841 752 877 cantus
790 850 982 897 corpora
1016 833 1134 881 fessa
1166 834 1336 882 levant:

141 913 238 959 Neu
268 913 472 961 iuvenem
508 926 689 980 torque,
735 917 892 964 metuit
926 918 1003 983 qui
1038 919 1128 967 fata
1162 920 1337 985 puellae

206 1000 410 1064 Votaque
445 1019 529 1066 pro
567 1001 752 1049 domina
786 1003 857 1049 vix
891 1005 1174 1052 numeranda
1212 1006 1330 1054 facit.

141 1083 374 1132 Interdum
404 1098 553 1144 vovet,
598 1087 850 1146 interdum,
892 1090 1016 1154 quod
1046 1090 1258 1154 langueat
1292 1092 1392 1150 illa,

210 1169 333 1217 Dicit
367 1170 414 1218 in
451 1183 652 1219 aeternos
690 1191 848 1238 aspera
884 1175 1019 1222 verba
1057 1176 1176 1224 deos.

90 1256 271 1302 15P0ne
307 1267 488 1314 metum,
525 1257 760 1304 Cerinthe:
795 1259 905 1305 deus
930 1279 1022 1306 non
1059 1261 1196 1308 laedit
1226 1273 1436 1310 amantes.

215 1342 287 1387 Tu
321 1341 458 1387 modo
495 1360 672 1407 semper
705 1361 826 1389 ama:
875 1343 994 1391 salva
1029 1347 1179 1410 puella
1215 1348 1296 1395 tibi
1328 1360 1403 1395 est.

141 1424 215 1473 Nil
253 1445 367 1491 opus
404 1438 469 1473 est
500 1426 629 1474 fletu:
674 1427 869 1476 lacrimis
907 1430 990 1477 erit
1025 1433 1172 1497 aptius
1205 1434 1294 1492 uti,

210 1512 259 1559 Si
289 1513 473 1578 quando
507 1513 642 1560 fuerit
676 1515 847 1562 tristior
874 1515 949 1563 illa
984 1517 1077 1564 tibi.

134 1597 194 1645 At
227 1617 349 1646 nunc
383 1611 474 1646 tota
511 1611 586 1647 tua
623 1612 711 1659 est,
755 1613 796 1648 te
830 1602 975 1650 solum
1013 1605 1208 1652 candida
1244 1624 1394 1653 secum

89 1695 137 1729 20
218 1686 414 1748 Cogitat,
461 1698 501 1732 et
533 1687 699 1734 frustra
735 1687 916 1735 credula
951 1690 1081 1737 turba
1120 1691 1254 1738 sedet.

144 1770 351 1828 Phoebe,
396 1771 520 1818 fave:
571 1771 667 1818 laus
704 1791 868 1836 magna
904 1774 985 1821 tibi
1019 1776 1242 1824 tribuetur
1269 1778 1315 1824 in
1348 1797 1439 1824 11110

221 1858 419 1922 Corpore
456 1870 628 1905 servato
661 1859 905 1907 restituisse
942 1861 1069 1912 duos,

145 1944 240 1990 lam
280 1943 472 2002 celeber,
508 1945 595 1991 iam
634 1944 773 1992 lactus
807 1946 918 2004 eris,
955 1966 1056 1994 cum
1095 1948 1244 1997 debita
1281 1951 1438 1999 reddet

215 2030 425 2077 Certatim
462 2031 625 2077 sanctis
662 2030 802 2078 lactus
842 2044 1028 2098 uterque
1064 2033 1190 2081 focis.

185 2179 226 2211 V.
244 2181 277 2212 6.
312 2179 487 2222 pallida
518 2182 572 2213 vei
599 2180 727 2224 polida
754 2182 830 2215 libri
866 2188 1036 2227 corrupte.
1085 2184 1237 2218 candida
1266 2185 1439 2219 HssYn-ms

91 2252 134 2275 ex
169 2243 324 2276 Romana
358 2255 433 2277 ann.
459 2247 560 2278 1475.
589 2264 633 2270 —
695 2247 736 2280 V.
757 2250 792 2280 8.
830 2249 944 2290 Vulgo
981 2249 1131 2282 devehat
1167 2251 1209 2284 de
1245 2252 1440 2284 coniectura

92 2308 323 2342 1111111511-
370 2310 412 2344 V.
430 2312 462 2343 9.
497 2322 636 2354 sopores
669 2312 772 2354 vulgo
805 2323 848 2345 ex
882 2314 974 2346 libris
1009 2316 1124 2358 paucis
1157 2327 1220 2349 nec
1247 2316 1361 2359 bonis,
1396 2318 1442 2350 ait

91 2375 352 2408 LAcmrmNUs.
630 2371 633 2377 ”

188 2447 226 2479 V.
249 2449 418 2482 17—22.
456 2447 528 2481 Nil
557 2468 600 2472 —
629 2450 682 2482 At
712 2468 753 2474 —
786 2449 933 2484 Phoeb
947 2462 975 2485 e.
1039 2452 1174 2485 Primus
1208 2454 1330 2486 Annus
1365 2465 1440 2488 ann.

95 2512 199 2543 1515.
223 2510 324 2545 habet
343 2510 429 2545 hunc
449 2513 600 2546 ordinem
622 2525 778 2548 versuum
801 2521 940 2549 rectum.
992 2517 1086 2550 Libri
1106 2518 1159 2550 At
1179 2537 1222 2542 —
1242 2518 1378 2551 Phoebe
1396 2538 1439 2543 —-

96 2574 175 2614 Nil,
211 2580 246 2609 et
268 2588 297 2610 c.
320 2579 421 2610 Anno
449 2581 550 2611 1502.
576 2580 773 2613 Smmmm.
824 2582 878 2613 At
898 2600 944 2604 —
966 2582 1028 2613 Ml
1046 2601 1090 2607 -
1111 2581 1245 2615 l’lwelm
1273 2584 1440 2617 Puccms.
