1721 2953
269 150 348 186 412
583 142 956 185 COMMENTAR.
987 144 1045 184 IN
1076 142 1306 186 TIBULLI

266 263 428 295 anms
457 265 519 295 est.
541 278 585 284 —
635 261 944 295 Renovaverit
971 272 1108 294 annos
1131 262 1305 305 —lpse
1337 265 1502 302 tamen,
1539 260 1616 295 l=.e.

268 328 364 370 quasi
390 328 549 360 dixisset:
582 327 734 369 quamvis
759 330 972 362 renovaverit
996 347 1042 352 -
1067 333 1200 369 tamen3
1233 337 1343 370 neque
1366 331 1477 360 tamen
1499 337 1618 360 revera

269 393 391 424 omissa
419 396 470 424 est
495 392 571 425 talis
601 393 786 436 particula,
819 393 880 426 sed
905 394 1015 426 dictus
1041 394 1276 426 coniunctivus
1304 404 1354 437 pr.
1380 393 1543 426 faciamus
1570 396 1616 425 ut.

265 457 335 490 Sed
356 457 444 500 apud
465 458 606 492 Hom'r.
622 459 733 502 Epist.
749 459 776 501 J,
798 462 828 501 l,
847 462 905 494 28.
927 473 994 493 non
1008 461 1123 504 possis
1145 464 1196 492 est
1213 470 1263 503 pr.
1286 469 1351 492 non
1375 463 1474 503 potes
1495 459 1528 490 in
1547 456 1614 490 bis:

267 523 344 553 „Non
364 523 478 566 possis
500 524 599 557 oculo
623 533 796 571 quantum
820 527 1024 560 contendere
1046 530 1228 571 Lynceus,
1281 527 1335 558 ⁷0n
1353 532 1470 557 tomen
1487 522 1616 555 idcirco

267 594 467 621 sonlemnas
492 589 609 634 lippus
632 589 769 636 inungi.
793 611 839 616 -
869 593 1031 626 Ceterum
1058 602 1197 636 operam
1223 590 1370 635 perdunt
1393 590 1555 622 BAcmth
1582 591 1617 621 et

269 652 478 688 Huscffluus
503 659 540 688 ut
563 657 678 690 vitium
701 658 889 701 scripturae
911 657 1140 693 revocaverit,
1163 667 1362 700 comparens
1383 656 1417 688 in
1436 655 1616 694 nonnullis,

266 720 461 756 defendant.
512 723 664 756 Verbum
691 729 807 767 aptum
833 726 907 758 aliis
938 725 1022 758 locis
1047 724 1090 757 ab
1116 725 1156 757 iis
1180 724 1290 756 allatis
1323 723 1398 765 quis
1425 732 1491 754 non
1516 721 1620 753 sentit

266 784 320 817 bic
338 796 405 818 non
426 786 511 820 bene
532 790 679 831 positum
697 790 825 823 iri'.2—
850 791 955 834 Ipse
980 795 1140 824 tamen.
1178 789 1289 823 Nemo
1309 788 1465 832 profecto
1485 787 1619 821 dubitat

266 852 310 886 de
336 855 489 898 Arupino
514 866 703 890 sermonem
730 869 824 900 esse,
851 859 915 892 etsi
939 859 1028 891 absit
1053 868 1170 891 versus
1193 868 1213 890 a
1239 859 1368 892 Vossm
1391 867 1494 900 supra
1515 866 1619 889 revo-

265 923 372 954 catus.
392 939 437 945 —
472 921 608 956 edere
633 934 795 967 corpus
821 934 956 967 supet
979 934 1136 966 equum
1161 927 1215 957 est
1239 924 1396 956 attollere
1420 923 1453 955 in
1481 931 1616 964 equum,

265 986 393 1020 insilire
418 988 450 1021 in
477 998 613 1032 equum.
637 1009 684 1014 —
723 991 894 1025 validis
919 990 1118 1025 habenis.
1169 990 1248 1024 Non
1271 993 1350 1022 sunt
1374 988 1478 1021 dativi
1502 987 1555 1028 hi,
1580 990 1618 1018 ut

266 1051 564 1088 Wmnssnmcmo
594 1059 629 1089 et
655 1056 795 1090 Biscrno
817 1058 945 1097 visum,
978 1057 1040 1089 sed
1065 1057 1202 1088 ablativi
1229 1054 1416 1098 pendentes
1441 1063 1461 1085 a
1485 1062 1517 1086 v.
1545 1063 1618 1083 mo-

267 1118 420 1151 ‹leraton
469 1121 540 1154 Pro
565 1123 707 1164 egregia
735 1127 848 1155 autem
874 1122 1018 1155 lectione
1043 1121 1173 1154 sedet
1207 1120 1468 1153 moderator
1493 1117 1619 1151 miran-

267 1184 346 1218 dum
370 1192 422 1219 est
448 1187 668 1221 Huscnmnm
690 1199 766 1222 cum
792 1190 917 1222 Voss10
943 1188 1087 1232 probare
1116 1188 1265 1221 deterius
1294 1187 1439 1229 „sedens
1461 1185 1620 1218 modera-

267 1254 363 1295 lut-⁶⁴,
392 1255 449 1287 ubi
474 1256 549 1298 quis
575 1266 642 1289 non
670 1257 762 1290 videt
787 1257 934 1290 ieiunum
960 1267 1037 1290 esse
1058 1255 1208 1289 sedens?
1230 1274 1276 1280 —
1312 1255 1521 1288 domator
1545 1253 1618 1287 scil.

267 1329 443 1361 equorum,
468 1320 567 1354 facile
592 1321 682 1364 quod
707 1323 816 1365 repeti
841 1326 955 1366 potest
978 1333 1022 1355 ex
1044 1321 1334 1355 antecedentibus.
1384 1321 1436 1353 De
1461 1319 1614 1363 Arupino

269 1385 427 1426 loquitur.
456 1386 667 1419 Huscuxms
691 1387 839 1430 Neptuni
859 1398 1046 1428 cognomen
1068 1386 1226 1424 Δαμαῑος
1245 1388 1354 1419 ΡΙΝΙ).
1371 1386 1426 1419 Ol.
1442 1384 1540 1426 XIII,
1561 1386 1618 1417 69.

269 1455 454 1493 comparat,
480 1452 537 1484 ubi
561 1453 661 1485 etiam
687 1450 791 1485 ἵππου
816 1454 975 1486 omissum
1001 1454 1055 1495 sit,
1081 1454 1141 1486 sed
1168 1454 1247 1485 talia
1265 1452 1465 1494 cognomina
1485 1451 1617 1483 diversa

268 1519 438 1618 ειιῐῇιὼί
457 1520 616 1552 solemnis
635 1524 686 1552 est
709 1520 926 1553 brevitas.—
951 1531 1034 1553 non
1060 1520 1178 1552 alias
1201 1529 1453 1553 conversus
1477 1522 1619 1561 terga,

268 1597 311 1618 nu
380 1587 445 1619 alio
466 1590 620 1629 tempore
644 1587 700 1628 qui
721 1591 818 1628 terga
843 1586 946 1619 dedit.
998 1586 1099 1620 Quod
1126 1586 1228 1618 etiam
1253 1586 1436 1618 AppnNus
1459 1585 1616 1618 affirmat.

362 1653 405 1686 V.
433 1655 618 1685 118—176.
669 1653 729 1685 De
765 1653 932 1685 futuris
968 1652 1113 1685 rebus.
1171 1652 1467 1685 Vaticinatur
1504 1651 1620 1685 Mes-

269 1721 404 1753 salam
441 1723 538 1752 toto
575 1723 800 1752 terrarum
827 1720 935 1753 orbe
961 1719 1207 1753 habitabili
1242 1719 1397 1754 famam
1429 1720 1618 1754 nominis

270 1788 335 1820 sui
374 1791 737 1831 propagaturum.

363 1854 405 1887 V.
434 1855 504 1885 118
531 1864 604 1895 sqq.
639 1852 876 1886 veracibus
908 1852 1065 1894 signis.
1125 1852 1276 1886 Messala
1309 1864 1385 1888 ann.
1424 1853 1499 1888 urb.
1534 1856 1617 1889 723.

270 1918 300 1951 11.
329 1929 358 1951 e.
396 1922 473 1961 post
504 1928 558 1951 res
590 1918 624 1950 in
656 1917 773 1960 illyria
810 1920 845 1950 et
879 1921 997 1950 contra
1035 1919 1191 1952 Salassos
1227 1923 1362 1962 gestas,
1401 1921 1518 1953 consul
1554 1920 1618 1954 fuit

269 1995 345 2017 cum
373 1984 522 2017 Caesare
547 1985 745 2017 Octaviano.
803 1983 937 2016 Inibant
963 1988 1075 2017 autem
1102 1986 1258 2018 consules
1283 1990 1353 2019 turn
1380 1987 1614 2029 magistratum

269 2051 433 2084 Kalendis
458 2051 633 2091 Ianuariis,
658 2054 696 2083 ut
721 2054 863 2084 constat.
915 2052 996 2086 Quo
1022 2051 1077 2085 die
1104 2062 1180 2084 cum
1207 2053 1256 2084 sol
1284 2052 1493 2095 splendidius
1520 2054 1615 2086 luce-

269 2122 322 2150 ret
349 2128 448 2159 quam
475 2117 772 2159 antecedentibuS‚
800 2121 834 2150 et
858 2128 988 2151 summa
1014 2119 1122 2159 aeriS,
1156 2122 1357 2160 ventorum,
1395 2119 1495 2151 maris
1522 2121 1616 2151 tran·

269 2184 418 2226 quillitas
452 2183 539 2216 forte
568 2187 641 2216 orta
681 2187 771 2216 esset
806 2184 982 2226 omnisque
1016 2194 1129 2216 rerum
1163 2187 1281 2216 natura
1315 2184 1455 2216 mirifice
1487 2183 1616 2224 sileret,

270 2251 378 2282 utitur
403 2248 465 2282 hac
490 2259 527 2282 re
553 2237 655 2292 poeta
681 2253 714 2282 et
739 2253 925 2291 auguratur
949 2250 1039 2291 inde,
1065 2254 1223 2292 tanquam
1251 2260 1293 2283 ex
1321 2251 1492 2283 luculento
1518 2251 1617 2293 signo

272 2316 396 2349 favoris
432 2316 593 2357 deorum,
634 2326 739 2349 novos
776 2315 964 2359 triumphos
1000 2321 1034 2349 et
1069 2317 1231 2349 maiorem
1267 2317 1409 2358 gloriam
1447 2317 1618 2349 Messalae

271 2383 483 2416 destinatam.
511 2401 554 2407 —
593 2382 932 2424 Amythaonium
967 2383 1295 2426 Melampodem
1323 2386 1357 2415 et
1387 2381 1616 2425 Melampodi-

271 2448 332 2480 das
357 2452 450 2481 vates
477 2448 581 2482 fuisse
607 2450 694 2481 inter
710 2451 864 2483 Graecos
883 2450 962 2482 olim
989 2451 1091 2492 longe
1115 2449 1357 2482 celeberrimos
1380 2449 1453 2491 quis
1479 2448 1616 2481 nescit?

272 2514 359 2547 Vide
390 2514 511 2548 ΗΕΥΝ.
545 2515 587 2548 ad
622 2516 778 2559 Apollod.
805 2517 833 2558 Ι,
857 2520 894 2558 9,
918 2519 974 2550 11.
1010 2520 1045 2549 et
1079 2517 1252 2549 Mt'rnmn.
1287 2515 1377 2547 Hist.
1404 2514 1483 2548 Dor.
1519 2514 1560 2546 T.
1586 2513 1613 2546 Ι.

273 2591 304 2621 p.
319 2582 400 2613 253.
418 2599 462 2604 —
489 2581 598 2615 Quis
626 2586 806 2615 certare
830 2588 1050 2625 nequeat,
1077 2582 1106 2616 ln.
1133 2593 1162 2615 e.
1190 2582 1311 2623 quibus
1336 2580 1466 2613 veriora
1492 2580 1616 2613 afferre

275 2649 429 2688 nequeat.
489 2645 552 2678 Est
587 2647 725 2680 verbum
764 2657 859 2680 more
887 2648 1024 2680 Graeco
1057 2657 1132 2679 cum
1161 2646 1273 2679 dativo
1307 2646 1476 2683 iunctum,
1515 2644 1616 2676 veluti
