1721 2953
488 197 631 239 LIBR.
663 199 694 237 I.
754 197 910 240 ELEG.
941 200 972 238 I.
1362 206 1406 241 t?

57 320 163 354 Erant
197 321 284 354 enim
321 317 409 352 haud
444 317 546 351 dubie
581 319 694 362 plures
728 319 760 351 in
798 320 935 362 praedio
968 321 1037 355 sive
1073 325 1192 355 natura
1228 324 1298 356 sive
1333 328 1405 357 arte

56 386 192 419 deducti
225 383 470 426 arboribusque
502 384 694 417 umbriferis
729 385 841 418 cincti.
885 387 1028 421 Homr.
1061 387 1172 432 Epist.
1208 389 1235 430 1,
1276 392 1328 424 10,
1361 394 1403 424 6:

54 452 132 496 >Ego
158 449 265 482 laudo
298 448 392 481 ruris
418 449 553 480 amoeni
586 447 680 480 rivos·
711 454 746 480 et
780 461 897 482 musco
923 451 1122 484 circumlita.
1148 464 1240 485 saxa
1266 466 1406 487 nemus-

54 526 130 560 que.
180 515 231 547 De
255 514 405 556 genitivo
430 525 592 556 aquae,
630 515 657 547 si
692 515 774 547 tanti
801 520 873 558 est,
909 516 950 550 cf.
978 518 1084 551 ΟΠ».
1112 520 1228 554 Amor.
1256 520 1404 556 Remed.

55 583 142 614 194:
193 581 272 623 Ipse
295 586 396 623 potes
421 583 514 613 rivos
540 580 664 612 ducere
690 581 778 614 lenis
804 593 930 627 aquae.
981 584 1082 619 Quod
1107 595 1228 618 censor
1250 585 1404 620 lenensis

53 645 220 679 Husclikii
255 658 288 690 p.
323 649 404 680 193.
441 647 605 690 pluralem
642 645 694 680 hic
732 657 794 691 pro
831 648 993 690 singulari
1031 650 1176 692 positum
1210 652 1329 685 statuit
1362 652 1405 686 de

52 712 156 746 celeri
184 722 285 745 cursu
309 723 418 754 aquae
454 713 550 755 quasi
584 714 831 757 multiplicante
858 714 969 755 rivos,
1006 715 1163 748 Tibullus
1197 721 1290 750 certe
1324 716 1405 750 nihil

52 779 115 812 uisi
147 779 499 822 praetereuntis
535 779 628 813 dicit.
678 779 725 813 Et
751 781 922 823 posuisset
947 779 1035 813 haud
1061 780 1162 814 dubie
1187 782 1403 824 singularem,

53 844 157 876 veluti
184 844 348 877 LUCRET.
374 843 419 885 II,
448 846 514 877 30:
547 844 726 887 prostrati
748 845 785 876 in
808 845 969 889 gramine
994 845 1089 877 molli
1111 848 1264 890 Propter
1288 858 1404 891 aquae

53 908 167 940 rivum
201 907 266 941 suh
291 908 399 941 ramis
428 907 564 940 arboris
592 907 708 944 altae,
746 909 809 941 nisi
834 909 943 952 accipi
967 910 1068 942 verba
1096 911 1260 944 voluisset
1285 915 1322 943 ut
1344 922 1406 944 nos

53 973 219 1014 diximus3
256 984 332 1007 nam
366 977 400 1007 et
437 974 607 1006 rarissime
643 975 737 1017 pouit
771 975 934 1018 pluralem
970 986 1032 1019 pro
1057 976 1219 1018 singulari
1246 987 1307 1010 uec
1333 978 1405 1010 sine

51 1038 173 1072 idonea
197 1050 308 1073 causa.
328 1059 376 1064 —
399 1039 590 1084 Explicatis
615 1041 757 1083 singulis
783 1041 826 1074 de
852 1042 1010 1075 universo
1035 1043 1111 1075 loco
1136 1043 1274 1076 verbum
1302 1044 1403 1077 addo.

53 1105 197 1138 Dixerat
222 1116 324 1149 supra
353 1105 396 1138 de
423 1107 630 1150 plantatione
655 1108 817 1150 cultuque
853 1107 994 1141 deorum
1029 1109 1276 1152 agricolarum,
1316 1111 1407 1143 dicet

54 1171 334 1213 insequentibus
360 1171 404 1204 de
437 1172 502 1204 alia
539 1177 635 1216 parte
669 1174 717 1206 rei
752 1175 918 1215 rusticae3
956 1174 1014 1208 lias
1047 1176 1130 1208 duas
1157 1181 1270 1219 partes
1295 1178 1405 1220 iungit

54 1237 198 1279 repetita
223 1237 379 1279 primaria
400 1239 579 1279 sententia,
605 1248 704 1280 quam
729 1239 885 1281 legimus.
935 1240 1142 1273 observabis
1167 1245 1278 1274 autem
1305 1242 1405 1275 simul

54 1313 144 1335 nunc
168 1303 235 1335 alio
261 1303 377 1335 colore
401 1313 502 1344 quam
525 1313 627 1346 supra
651 1314 725 1337 eam
751 1304 862 1337 redire
892 1296 1076 1338 vestitam*
1122 1305 1207 1338 Cum
1233 1306 1321 1339 enim
1345 1317 1405 1340 su-

56 1377 115 1410 pra
141 1367 184 1400 de
211 1367 287 1400 foco
315 1367 451 1408 dixerit,
477 1378 565 1400 nunc
591 1368 633 1400 de
656 1368 774 1401 umbra
799 1369 930 1402 arboris
954 1370 1105 1411 loquitur
1129 1370 1280 1404 fervente
1300 1372 1405 1407 Sirio.

145 1431 187 1465 V.
215 1433 340 1464 29-36.
388 1432 498 1464 Pars
530 1433 726 1465 secunda
762 1443 914 1467 rerum.
965 1434 1027 1467 De
1061 1435 1168 1467 aliis
1205 1438 1405 1478 negotiis

52 1498 263 1538 rusticis,
296 1499 505 1532 aratione
529 1500 811 1543 maximeque
843 1501 1092 1544 pecuariae
1125 1511 1250 1542 cura,
1285 1507 1328 1535 et
1354 1503 1406 1536 de

52 1565 175 1597 cultu
203 1564 486 1607 pastoritiae
511 1564 630 1598 deae.

146 1632 187 1665 V.
214 1634 270 1664 30.
304 1632 493 1664 stimulo
518 1632 825 1675 increpuisse.
876 1632 1060 1676 Comparat
1086 1633 1403 1668 Wanssmstenms

51 1681 159 1728 hasra
183 1696 362 1740 increpare
397 1699 509 1730 STAT.
535 1697 644 1732 Theb.
674 1698 736 1739 ΙΙΙ,
765 1701 845 1731 431.
873 1717 920 1723 -
951 1710 1170 1741 agnamve
1206 1701 1404 1736 fetumve

52 1763 230 1804 capella
244 1772 272 1794 e.
308 1761 396 1795 Vide
416 1762 621 1795 CALPURNH
640 1762 862 1795 imitationem
886 1763 928 1804 V,
944 1765 1001 1796 29.
1052 1764 1277 1799 Observatum
1298 1768 1403 1800 etiam

53 1832 105 1860 est
120 1826 258 1871 pulchre
274 1837 292 1860 e
309 1828 456 1870 negotiis
472 1829 520 1860 rei
541 1830 719 1871 pecuariae
734 1830 880 1862 electum
895 1829 985 1871 quod
1001 1830 1146 1863 maxime
1161 1831 1343 1873 poeticum.
1357 1850 1400 1856 —-

53 1894 94 1928 V.
111 1896 165 1926 33.
188 1894 357 1935 exiguo
379 1894 556 1936 pecori,
578 1894 704 1936 exiguo
726 1894 895 1936 gregi.—
914 1894 1026 1928 V.34.
1049 1894 1099 1927 de
1118 1905 1278 1938 grege,
1301 1906 1402 1939 prae-

52 1958 177 2002 positio
202 1958 240 1989 de
260 1963 391 2001 partem
415 1959 501 1991 sumi
520 1959 708 2001 significat,
733 1949 877 1992 notante*
901 1960 1003 1993 etiam
1027 1961 1335 1995 W‘UNDERLICHIO.
1358 1981 1404 1987 -—

51 2033 212 2065 magno
240 2029 317 2058 est.
368 2024 422 2057 Ne
445 2026 520 2067 quis
545 2027 578 2059 in
605 2030 777 2075 posterum
803 2027 924 2060 iterum
951 2030 1059 2059 tentet
1084 2027 1222 2061 verbum
1247 2034 1322 2068 est,
1346 2039 1406 2061 se<

53 2090 119 2122 niel
140 2099 272 2129 moneo,
299 2099 374 2122 cum
399 2101 524 2135 magno
544 2095 722 2125 accentum
747 2090 952 2125 rhetoricum
978 2090 1110 2134 habeat,
1136 2093 1179 2125 ad
1206 2103 1282 2126 eum
1307 2094 1405 2127 adiu-

54 2155 199 2188 vandum
225 2156 413 2189 subiectam
440 2167 515 2189 esse
541 2157 717 2200 copulam,
753 2157 845 2199 quod
870 2157 1054 2191 innumeris
1079 2159 1242 2202 exemplis
1268 2159 1407 2202 probari

53 2224 180 2269 potest.
237 2222 297 2255 Sic
327 2232 430 2266 supra
456 2233 486 2257 v.
512 2225 578 2257 22:
616 2234 703 2258 nunc
727 2235 816 2267 agna
845 2223 966 2269 exigui
990 2228 1043 2258 est
1067 2223 1176 2258 hostia
1201 2235 1304 2269 parva
1328 2226 1404 2259 soli.

52 2287 145 2321 Infra
180 2299 212 2321 v.
247 2291 316 2321 51:
366 2289 397 2322 Ο
433 2296 605 2334 quantum
643 2295 694 2324 est
730 2292 803 2325 auri
845 2292 958 2335 potius
996 2294 1184 2334 pereatque
1221 2291 1403 2333 smaragdi.

56 2356 155 2389 Adde
188 2356 216 2397 J,
240 2358 273 2398 4,
300 2358 345 2389 4:
383 2368 480 2389 coma
516 2363 578 2391 est.
613 2359 698 2392 lbid.
725 2362 792 2392 32:
831 2360 900 2395 Qui
935 2359 1027 2402 prior
1060 2358 1146 2391 Eleo
1180 2363 1232 2392 est
1265 2369 1402 2392 carcere

53 2423 176 2456 missus
210 2433 328 2465 equus.
374 2423 458 2456 lbid.
498 2434 527 2456 v.
554 2426 619 2457 64:
659 2435 840 2468 purpurea
873 2428 934 2457 est.
967 2424 994 2465 Ι,
1032 2426 1065 2465 5,
1095 2426 1161 2457 68:
1203 2424 1264 2457 sed
1297 2424 1407 2468 plena

55 2491 108 2520 est
131 2488 349 2531 percutienda
375 2498 486 2522 manu.
521 2488 549 2530 Ι,
575 2492 608 2530 6,
634 2491 678 2522 3:
715 2499 754 2522 an
779 2489 896 2534 gloria
920 2500 1049 2533 magna
1076 2493 1138 2523 est.
1175 2489 1261 2523 lbid.
1289 2501 1318 2523 v.
1340 2493 1405 2524 45:

56 2551 154 2586 Haec
179 2553 234 2586 ubi
255 2553 422 2586 Bellonae
450 2560 545 2586 motu
573 2559 625 2588 est
647 2555 787 2597 agitata.
814 2554 840 2595 l,
861 2558 893 2598 7,
919 2557 961 2586 9:
996 2553 1072 2587 Non
1099 2555 1170 2587 sine
1197 2566 1247 2586 me
1267 2559 1320 2588 est
1345 2556 1406 2589 tibi

57 2620 174 2661 partus
191 2616 307 2652 honos.
331 2620 359 2661 I,
380 2622 414 2661 8,
435 2622 499 2652 43:
533 2624 603 2659 tun]
627 2619 774 2652 studium
789 2619 932 2664 formae
955 2623 1017 2652 est.
1067 2617 1121 2652 Ne
1140 2619 1278 2653 afferam
1299 2621 1406 2664 plura.

58 2684 214 2719 Pessime
240 2686 360 2730 igitur,
398 2691 434 2721 ut
460 2687 500 2720 ad
528 2688 737 2732 propositum
765 2688 875 2722 locum
906 2685 1061 2727 redeam,
1090 2693 1142 2720 es!
1170 2686 1222 2721 liic
1248 2688 1280 2721 in
1306 2690 1404 2721 tinem

1008 2759 1029 2777 ⁴)

1006 2783 1029 2791 u
