<?xml version="1.0" encoding="UTF-8"?>
<!DOCTYPE html PUBLIC "-//W3C//DTD XHTML 1.0 Transitional//EN"
    "http://www.w3.org/TR/xhtml1/DTD/xhtml1-transitional.dtd">
<html xmlns="http://www.w3.org/1999/xhtml" xml:lang="en" lang="en">
 <head>
  <title>
</title>
<meta http-equiv="Content-Type" content="text/html;charset=utf-8" />
  <meta name='ocr-system' content='tesseract 3.04.00' />
  <meta name='ocr-capabilities' content='ocr_page ocr_carea ocr_par ocr_line ocrx_word'/>
</head>
<body>
  <div class='ocr_page' id='page_1' title='image "./carminaexrecensi00tibuuoft_0268.png"; bbox 0 0 1721 2953; ppageno 0'>
   <div class='ocr_carea' id='block_1_1' title="bbox 295 109 1247 159">
    <p class='ocr_par' dir='ltr' id='par_1_1' title="bbox 295 109 1247 159">
     <span class='ocr_line' id='line_1_1' title="bbox 295 109 1247 159; baseline -0.001 -1"><span class='ocrx_word' id='word_1_1' title='bbox 295 113 359 159; x_wconf 87' lang='grc'>70</span> <span class='ocrx_word' id='word_1_2' title='bbox 682 109 925 156; x_wconf 74' lang='lat' dir='ltr'>TlssULLI</span> <span class='ocrx_word' id='word_1_3' title='bbox 974 110 1083 157; x_wconf 80' lang='lat' dir='ltr'>LIB.</span> <span class='ocrx_word' id='word_1_4' title='bbox 1112 111 1186 157; x_wconf 90' lang='grc' dir='ltr'>ΙΙΙ.</span> <span class='ocrx_word' id='word_1_5' title='bbox 1212 120 1247 158; x_wconf 81' lang='grc'>4.</span> 
     </span>
    </p>
   </div>
   <div class='ocr_carea' id='block_1_2' title="bbox 295 233 1610 1821">
    <p class='ocr_par' dir='ltr' id='par_1_2' title="bbox 295 233 1610 1821">
     <span class='ocr_line' id='line_1_2' title="bbox 348 233 1526 300; baseline 0.002 -21"><span class='ocrx_word' id='word_1_6' title='bbox 348 233 487 297; x_wconf 78' lang='lat' dir='ltr'>Quod</span> <span class='ocrx_word' id='word_1_7' title='bbox 523 233 560 279; x_wconf 83' lang='lat' dir='ltr'>si</span> <span class='ocrx_word' id='word_1_8' title='bbox 596 251 698 280; x_wconf 76' lang='lat' dir='ltr'>vcra</span> <span class='ocrx_word' id='word_1_9' title='bbox 736 243 903 279; x_wconf 83' lang='lat' dir='ltr'>canunt</span> <span class='ocrx_word' id='word_1_10' title='bbox 936 234 1074 281; x_wconf 85' lang='lat' dir='ltr'>sacris</span> <span class='ocrx_word' id='word_1_11' title='bbox 1111 233 1292 281; x_wconf 88' lang='lat' dir='ltr'>oracula</span> <span class='ocrx_word' id='word_1_12' title='bbox 1328 234 1526 300; x_wconf 80' lang='lat' dir='ltr'>templis,</span> 
     </span>
     <span class='ocr_line' id='line_1_3' title="bbox 416 318 1360 367; baseline 0.001 -2"><span class='ocrx_word' id='word_1_13' title='bbox 416 321 538 366; x_wconf 90' lang='lat' dir='ltr'>Haec</span> <span class='ocrx_word' id='word_1_14' title='bbox 572 318 636 364; x_wconf 87' lang='lat' dir='ltr'>illi</span> <span class='ocrx_word' id='word_1_15' title='bbox 671 329 826 365; x_wconf 77' lang='lat' dir='ltr'>nostro</span> <span class='ocrx_word' id='word_1_16' title='bbox 861 318 1043 365; x_wconf 83' lang='lat' dir='ltr'>nomine</span> <span class='ocrx_word' id='word_1_17' title='bbox 1080 320 1197 367; x_wconf 75' lang='lat' dir='ltr'>dicta</span> <span class='ocrx_word' id='word_1_18' title='bbox 1232 320 1360 366; x_wconf 81' lang='lat' dir='ltr'>refer.</span> 
     </span>
     <span class='ocr_line' id='line_1_4' title="bbox 345 403 1480 470; baseline 0.001 -20"><span class='ocrx_word' id='word_1_19' title='bbox 345 406 464 450; x_wconf 81' lang='lat' dir='ltr'>‘Hoc</span> <span class='ocrx_word' id='word_1_20' title='bbox 502 403 583 450; x_wconf 68' lang='lat' dir='ltr'>tibi</span> <span class='ocrx_word' id='word_1_21' title='bbox 621 404 881 467; x_wconf 79' lang='lat' dir='ltr'>coniugium</span> <span class='ocrx_word' id='word_1_22' title='bbox 913 405 1132 470; x_wconf 68' lang='lat' dir='ltr'>promittit</span> <span class='ocrx_word' id='word_1_23' title='bbox 1165 406 1322 453; x_wconf 86' lang='lat' dir='ltr'>Delius</span> <span class='ocrx_word' id='word_1_24' title='bbox 1358 406 1480 470; x_wconf 81' lang='lat' dir='ltr'>ipse:</span> 
     </span>
     <span class='ocr_line' id='line_1_5' title="bbox 295 488 1418 546; baseline 0.005 -14"><span class='ocrx_word' id='word_1_25' title='bbox 295 499 342 532; x_wconf 83' lang='lat'>80</span> <span class='ocrx_word' id='word_1_26' title='bbox 421 488 544 535; x_wconf 80' lang='lat' dir='ltr'>Felix</span> <span class='ocrx_word' id='word_1_27' title='bbox 580 488 689 546; x_wconf 78' lang='lat' dir='ltr'>hoc,</span> <span class='ocrx_word' id='word_1_28' title='bbox 732 489 867 537; x_wconf 84' lang='lat' dir='ltr'>alium</span> <span class='ocrx_word' id='word_1_29' title='bbox 905 490 1058 538; x_wconf 85' lang='lat' dir='ltr'>desine</span> <span class='ocrx_word' id='word_1_30' title='bbox 1092 491 1200 538; x_wconf 77' lang='lat' dir='ltr'>velle</span> <span class='ocrx_word' id='word_1_31' title='bbox 1237 492 1418 538; x_wconf 74' lang='lat' dir='ltr'>virun1.&#39;&#39;</span> 
     </span>
     <span class='ocr_line' id='line_1_6' title="bbox 350 575 1482 642; baseline 0.003 -22"><span class='ocrx_word' id='word_1_32' title='bbox 350 575 495 632; x_wconf 76' lang='lat' dir='ltr'>Dixit,</span> <span class='ocrx_word' id='word_1_33' title='bbox 541 585 582 621; x_wconf 84' lang='lat' dir='ltr'>et</span> <span class='ocrx_word' id='word_1_34' title='bbox 615 575 804 639; x_wconf 83' lang='lat' dir='ltr'>ignavus</span> <span class='ocrx_word' id='word_1_35' title='bbox 841 576 1026 624; x_wconf 75' lang='lat' dir='ltr'>defluxit</span> <span class='ocrx_word' id='word_1_36' title='bbox 1061 596 1247 642; x_wconf 87' lang='lat' dir='ltr'>corpore</span> <span class='ocrx_word' id='word_1_37' title='bbox 1286 596 1482 624; x_wconf 86' lang='lat' dir='ltr'>somnus.</span> 
     </span>
     <span class='ocr_line' id='line_1_7' title="bbox 409 660 1402 726; baseline 0.002 -19"><span class='ocrx_word' id='word_1_38' title='bbox 409 660 481 707; x_wconf 81' lang='lat' dir='ltr'>Ab</span> <span class='ocrx_word' id='word_1_39' title='bbox 520 679 602 724; x_wconf 84' lang='lat' dir='ltr'>ego</span> <span class='ocrx_word' id='word_1_40' title='bbox 638 679 694 708; x_wconf 83' lang='lat' dir='ltr'>nc</span> <span class='ocrx_word' id='word_1_41' title='bbox 730 662 899 726; x_wconf 87' lang='lat' dir='ltr'>possim</span> <span class='ocrx_word' id='word_1_42' title='bbox 937 674 1057 709; x_wconf 78' lang='lat' dir='ltr'>tanta</span> <span class='ocrx_word' id='word_1_43' title='bbox 1093 663 1242 710; x_wconf 72' lang='lat' dir='ltr'>videre</span> <span class='ocrx_word' id='word_1_44' title='bbox 1274 662 1402 709; x_wconf 86' lang='lat' dir='ltr'>mala.</span> 
     </span>
     <span class='ocr_line' id='line_1_8' title="bbox 345 746 1400 795; baseline 0.001 -2"><span class='ocrx_word' id='word_1_45' title='bbox 345 746 438 794; x_wconf 86' lang='lat' dir='ltr'>Nec</span> <span class='ocrx_word' id='word_1_46' title='bbox 471 746 553 792; x_wconf 76' lang='lat' dir='ltr'>tibi</span> <span class='ocrx_word' id='word_1_47' title='bbox 590 747 858 794; x_wconf 81' lang='lat' dir='ltr'><strong>crediderim</strong></span> <span class='ocrx_word' id='word_1_48' title='bbox 891 748 1004 795; x_wconf 78' lang='lat' dir='ltr'>votis</span> <span class='ocrx_word' id='word_1_49' title='bbox 1041 749 1264 795; x_wconf 77' lang='lat' dir='ltr'>contraria</span> <span class='ocrx_word' id='word_1_50' title='bbox 1300 760 1400 794; x_wconf 77' lang='lat' dir='ltr'>vota</span> 
     </span>
     <span class='ocr_line' id='line_1_9' title="bbox 412 832 1428 901; baseline 0.002 -23"><span class='ocrx_word' id='word_1_51' title='bbox 412 832 505 879; x_wconf 79' lang='lat' dir='ltr'>Nec</span> <span class='ocrx_word' id='word_1_52' title='bbox 534 843 708 880; x_wconf 80' lang='lat' dir='ltr'>tantum</span> <span class='ocrx_word' id='word_1_53' title='bbox 740 833 908 880; x_wconf 83' lang='lat' dir='ltr'>crimen</span> <span class='ocrx_word' id='word_1_54' title='bbox 939 845 1118 901; x_wconf 73' lang='lat' dir='ltr'>pectore</span> <span class='ocrx_word' id='word_1_55' title='bbox 1151 834 1296 881; x_wconf 85' lang='lat' dir='ltr'>inesse</span> <span class='ocrx_word' id='word_1_56' title='bbox 1328 845 1428 880; x_wconf 79' lang='lat' dir='ltr'>tuo:</span> 
     </span>
     <span class='ocr_line' id='line_1_10' title="bbox 295 917 1486 984; baseline 0.003 -23"><span class='ocrx_word' id='word_1_57' title='bbox 295 925 341 960; x_wconf 84' lang='lat'>85</span> <span class='ocrx_word' id='word_1_58' title='bbox 354 917 469 963; x_wconf 86' lang='lat' dir='ltr'>Nam</span> <span class='ocrx_word' id='word_1_59' title='bbox 504 928 545 963; x_wconf 84' lang='lat' dir='ltr'>te</span> <span class='ocrx_word' id='word_1_60' title='bbox 580 936 663 965; x_wconf 86' lang='lat' dir='ltr'>nec</span> <span class='ocrx_word' id='word_1_61' title='bbox 697 919 808 966; x_wconf 78' lang='lat' dir='ltr'>vasli</span> <span class='ocrx_word' id='word_1_62' title='bbox 842 930 1095 982; x_wconf 76' lang='lat' dir='ltr'>genuerunt</span> <span class='ocrx_word' id='word_1_63' title='bbox 1127 938 1324 984; x_wconf 88' lang='lat' dir='ltr'>aequora</span> <span class='ocrx_word' id='word_1_64' title='bbox 1358 919 1486 984; x_wconf 84' lang='lat' dir='ltr'>ponti</span> 
     </span>
     <span class='ocr_line' id='line_1_11' title="bbox 413 1002 1500 1052; baseline 0 -2"><span class='ocrx_word' id='word_1_65' title='bbox 413 1004 505 1050; x_wconf 84' lang='lat' dir='ltr'>Nec</span> <span class='ocrx_word' id='word_1_66' title='bbox 542 1002 768 1050; x_wconf 89' lang='lat' dir='ltr'>flammam</span> <span class='ocrx_word' id='word_1_67' title='bbox 802 1004 982 1052; x_wconf 78' lang='lat' dir='ltr'>volvens</span> <span class='ocrx_word' id='word_1_68' title='bbox 1019 1023 1095 1052; x_wconf 87' lang='lat' dir='ltr'>ore</span> <span class='ocrx_word' id='word_1_69' title='bbox 1133 1005 1368 1052; x_wconf 81' lang='lat' dir='ltr'>Chimaera</span> <span class='ocrx_word' id='word_1_70' title='bbox 1403 1005 1500 1051; x_wconf 82' lang='lat' dir='ltr'>sero</span> 
     </span>
     <span class='ocr_line' id='line_1_12' title="bbox 349 1089 1514 1154; baseline 0 -19"><span class='ocrx_word' id='word_1_71' title='bbox 349 1089 442 1136; x_wconf 88' lang='lat' dir='ltr'>Nec</span> <span class='ocrx_word' id='word_1_72' title='bbox 475 1090 597 1136; x_wconf 87' lang='lat' dir='ltr'>canis</span> <span class='ocrx_word' id='word_1_73' title='bbox 636 1090 859 1153; x_wconf 78' lang='lat' dir='ltr'>anguinea</span> <span class='ocrx_word' id='word_1_74' title='bbox 890 1090 1124 1137; x_wconf 75' lang='lat' dir='ltr'>redimitus</span> <span class='ocrx_word' id='word_1_75' title='bbox 1158 1103 1281 1154; x_wconf 78' lang='lat' dir='ltr'>terga</span> <span class='ocrx_word' id='word_1_76' title='bbox 1319 1102 1514 1146; x_wconf 78' lang='lat' dir='ltr'>caterva,</span> 
     </span>
     <span class='ocr_line' id='line_1_13' title="bbox 420 1174 1589 1240; baseline -0.001 -19"><span class='ocrx_word' id='word_1_77' title='bbox 420 1174 501 1221; x_wconf 87' lang='lat' dir='ltr'>Cui</span> <span class='ocrx_word' id='word_1_78' title='bbox 536 1186 624 1222; x_wconf 80' lang='lat' dir='ltr'>tres</span> <span class='ocrx_word' id='word_1_79' title='bbox 658 1187 763 1222; x_wconf 83' lang='lat' dir='ltr'>sunt</span> <span class='ocrx_word' id='word_1_80' title='bbox 798 1175 977 1239; x_wconf 81' lang='lat' dir='ltr'>linguae</span> <span class='ocrx_word' id='word_1_81' title='bbox 1010 1176 1396 1240; x_wconf 82' lang='lat' dir='ltr'>tergeminumque</span> <span class='ocrx_word' id='word_1_82' title='bbox 1433 1186 1589 1239; x_wconf 85' lang='lat' dir='ltr'>caput,</span> 
     </span>
     <span class='ocr_line' id='line_1_14' title="bbox 350 1259 1610 1327; baseline -0.001 -20"><span class='ocrx_word' id='word_1_83' title='bbox 350 1259 588 1327; x_wconf 80' lang='lat' dir='ltr'>Scyllaque</span> <span class='ocrx_word' id='word_1_84' title='bbox 623 1260 871 1323; x_wconf 82' lang='lat' dir='ltr'>virgineam</span> <span class='ocrx_word' id='word_1_85' title='bbox 907 1261 1095 1308; x_wconf 84' lang='lat' dir='ltr'>canibus</span> <span class='ocrx_word' id='word_1_86' title='bbox 1131 1261 1359 1308; x_wconf 68' lang='lat' dir='ltr'>succincta</span> <span class='ocrx_word' id='word_1_87' title='bbox 1393 1259 1610 1323; x_wconf 82' lang='lat' dir='ltr'>figuram,</span> 
     </span>
     <span class='ocr_line' id='line_1_15' title="bbox 299 1346 1421 1411; baseline 0.002 -21"><span class='ocrx_word' id='word_1_88' title='bbox 299 1355 346 1390; x_wconf 86' lang='lat'>90</span> <span class='ocrx_word' id='word_1_89' title='bbox 422 1347 514 1393; x_wconf 88' lang='lat' dir='ltr'>Nec</span> <span class='ocrx_word' id='word_1_90' title='bbox 552 1357 594 1393; x_wconf 80' lang='lat' dir='ltr'>te</span> <span class='ocrx_word' id='word_1_91' title='bbox 634 1358 896 1411; x_wconf 80' lang='lat' dir='ltr'>conceptam</span> <span class='ocrx_word' id='word_1_92' title='bbox 935 1365 1064 1393; x_wconf 85' lang='lat' dir='ltr'>saeva</span> <span class='ocrx_word' id='word_1_93' title='bbox 1104 1346 1258 1393; x_wconf 86' lang='lat' dir='ltr'>leaena</span> <span class='ocrx_word' id='word_1_94' title='bbox 1297 1346 1421 1403; x_wconf 77' lang='lat' dir='ltr'>tulit,</span> 
     </span>
     <span class='ocr_line' id='line_1_16' title="bbox 339 1431 1588 1499; baseline -0.002 -20"><span class='ocrx_word' id='word_1_95' title='bbox 339 1432 544 1479; x_wconf 83' lang='lat' dir='ltr'>Barbara</span> <span class='ocrx_word' id='word_1_96' title='bbox 580 1450 662 1478; x_wconf 88' lang='lat' dir='ltr'>nec</span> <span class='ocrx_word' id='word_1_97' title='bbox 695 1432 905 1499; x_wconf 80' lang='lat' dir='ltr'>Scythiae</span> <span class='ocrx_word' id='word_1_98' title='bbox 940 1431 1068 1478; x_wconf 78' lang='lat' dir='ltr'>tellus</span> <span class='ocrx_word' id='word_1_99' title='bbox 1103 1431 1383 1477; x_wconf 85' lang='lat' dir='ltr'>horrendave</span> <span class='ocrx_word' id='word_1_100' title='bbox 1416 1431 1588 1498; x_wconf 76' lang='lat' dir='ltr'>Syrtis,</span> 
     </span>
     <span class='ocr_line' id='line_1_17' title="bbox 421 1516 1499 1565; baseline -0.003 0"><span class='ocrx_word' id='word_1_101' title='bbox 421 1517 513 1565; x_wconf 88' lang='lat' dir='ltr'>Sed</span> <span class='ocrx_word' id='word_1_102' title='bbox 544 1516 661 1565; x_wconf 80' lang='lat' dir='ltr'>culta</span> <span class='ocrx_word' id='word_1_103' title='bbox 696 1529 736 1564; x_wconf 74' lang='lat' dir='ltr'>et</span> <span class='ocrx_word' id='word_1_104' title='bbox 768 1517 893 1565; x_wconf 88' lang='lat' dir='ltr'>duris</span> <span class='ocrx_word' id='word_1_105' title='bbox 929 1535 1022 1564; x_wconf 90' lang='grc'>11011</span> <span class='ocrx_word' id='word_1_106' title='bbox 1058 1517 1306 1563; x_wconf 82' lang='lat' dir='ltr'>habitanda</span> <span class='ocrx_word' id='word_1_107' title='bbox 1338 1516 1499 1563; x_wconf 87' lang='lat' dir='ltr'>domus</span> 
     </span>
     <span class='ocr_line' id='line_1_18' title="bbox 354 1602 1491 1667; baseline -0.001 -18"><span class='ocrx_word' id='word_1_108' title='bbox 354 1603 409 1650; x_wconf 84' lang='lat' dir='ltr'>Et</span> <span class='ocrx_word' id='word_1_109' title='bbox 444 1603 577 1667; x_wconf 83' lang='lat' dir='ltr'>longe</span> <span class='ocrx_word' id='word_1_110' title='bbox 612 1615 712 1650; x_wconf 72' lang='lat' dir='ltr'>ante</span> <span class='ocrx_word' id='word_1_111' title='bbox 749 1602 856 1650; x_wconf 85' lang='lat' dir='ltr'>alias</span> <span class='ocrx_word' id='word_1_112' title='bbox 892 1622 1046 1649; x_wconf 84' lang='lat' dir='ltr'>omncs</span> <span class='ocrx_word' id='word_1_113' title='bbox 1080 1602 1314 1649; x_wconf 80' lang='lat' dir='ltr'>mitissima</span> <span class='ocrx_word' id='word_1_114' title='bbox 1349 1614 1491 1649; x_wconf 79' lang='lat' dir='ltr'>mater</span> 
     </span>
     <span class='ocr_line' id='line_1_19' title="bbox 417 1686 1394 1753; baseline -0.002 -18"><span class='ocrx_word' id='word_1_115' title='bbox 417 1690 549 1753; x_wconf 82' lang='lat' dir='ltr'>Isque</span> <span class='ocrx_word' id='word_1_116' title='bbox 584 1700 712 1753; x_wconf 78' lang='lat' dir='ltr'>pater</span> <span class='ocrx_word' id='word_1_117' title='bbox 747 1708 835 1753; x_wconf 92' lang='lat' dir='ltr'>quo</span> <span class='ocrx_word' id='word_1_118' title='bbox 872 1708 964 1735; x_wconf 91' lang='grc'>11011</span> <span class='ocrx_word' id='word_1_119' title='bbox 1003 1687 1112 1734; x_wconf 84' lang='lat' dir='ltr'>alter</span> <span class='ocrx_word' id='word_1_120' title='bbox 1148 1686 1394 1734; x_wconf 85' lang='lat' dir='ltr'>amabilior.</span> 
     </span>
     <span class='ocr_line' id='line_1_20' title="bbox 302 1772 1519 1821; baseline -0.002 -1"><span class='ocrx_word' id='word_1_121' title='bbox 302 1775 482 1821; x_wconf 87' lang='lat' dir='ltr'>95Haec</span> <span class='ocrx_word' id='word_1_122' title='bbox 518 1774 628 1821; x_wconf 85' lang='lat' dir='ltr'>deus</span> <span class='ocrx_word' id='word_1_123' title='bbox 662 1774 709 1821; x_wconf 87' lang='lat' dir='ltr'>in</span> <span class='ocrx_word' id='word_1_124' title='bbox 742 1773 900 1820; x_wconf 85' lang='lat' dir='ltr'>melius</span> <span class='ocrx_word' id='word_1_125' title='bbox 936 1772 1134 1821; x_wconf 81' lang='lat' dir='ltr'>crudelia</span> <span class='ocrx_word' id='word_1_126' title='bbox 1169 1773 1343 1820; x_wconf 86' lang='lat' dir='ltr'>somnia</span> <span class='ocrx_word' id='word_1_127' title='bbox 1378 1782 1519 1819; x_wconf 85' lang='lat' dir='ltr'>vertat</span> 
     </span>
    </p>
   </div>
   <div class='ocr_carea' id='block_1_3' title="bbox 422 1859 1374 1924">
    <p class='ocr_par' dir='ltr' id='par_1_3' title="bbox 422 1859 1374 1924">
     <span class='ocr_line' id='line_1_21' title="bbox 422 1859 1374 1924; baseline -0.003 -16"><span class='ocrx_word' id='word_1_128' title='bbox 422 1861 478 1908; x_wconf 86' lang='lat' dir='ltr'>Et</span> <span class='ocrx_word' id='word_1_129' title='bbox 513 1861 664 1908; x_wconf 82' lang='lat' dir='ltr'>iubeat</span> <span class='ocrx_word' id='word_1_130' title='bbox 697 1860 873 1924; x_wconf 84' lang='lat' dir='ltr'>tepidos</span> <span class='ocrx_word' id='word_1_131' title='bbox 907 1859 1033 1906; x_wconf 88' lang='lat' dir='ltr'>irrita</span> <span class='ocrx_word' id='word_1_132' title='bbox 1068 1859 1184 1906; x_wconf 86' lang='lat' dir='ltr'>ferre</span> <span class='ocrx_word' id='word_1_133' title='bbox 1220 1860 1374 1906; x_wconf 79' lang='lat' dir='ltr'>Notos.</span> 
     </span>
    </p>
   </div>
   <div class='ocr_carea' id='block_1_4' title="bbox 398 2050 1616 2095">
    <p class='ocr_par' dir='ltr' id='par_1_4' title="bbox 398 2050 1616 2095">
     <span class='ocr_line' id='line_1_22' title="bbox 398 2050 1616 2095; baseline -0.002 -10"><span class='ocrx_word' id='word_1_134' title='bbox 398 2052 439 2085; x_wconf 86' lang='lat' dir='ltr'>V.</span> <span class='ocrx_word' id='word_1_135' title='bbox 458 2054 515 2086; x_wconf 83' lang='lat'>81.</span> <span class='ocrx_word' id='word_1_136' title='bbox 551 2062 739 2095; x_wconf 85' lang='lat' dir='ltr'>corpore</span> <span class='ocrx_word' id='word_1_137' title='bbox 772 2056 863 2085; x_wconf 87' lang='lat' dir='ltr'>recte</span> <span class='ocrx_word' id='word_1_138' title='bbox 889 2052 975 2085; x_wconf 75' lang='lat' dir='ltr'>libri.</span> <span class='ocrx_word' id='word_1_139' title='bbox 1025 2053 1212 2085; x_wconf 68' lang='lat' dir='ltr'>Smmeun</span> <span class='ocrx_word' id='word_1_140' title='bbox 1237 2061 1313 2084; x_wconf 87' lang='lat' dir='ltr'>cum</span> <span class='ocrx_word' id='word_1_141' title='bbox 1339 2050 1442 2084; x_wconf 67' lang='lat' dir='ltr'>Anno</span> <span class='ocrx_word' id='word_1_142' title='bbox 1465 2055 1616 2094; x_wconf 81' lang='lat' dir='ltr'>pectore.</span> 
     </span>
    </p>
   </div>
   <div class='ocr_carea' id='block_1_5' title="bbox 303 2133 1652 2307">
    <p class='ocr_par' dir='ltr' id='par_1_5' title="bbox 303 2133 1652 2307">
     <span class='ocr_line' id='line_1_23' title="bbox 400 2133 1651 2178; baseline -0.002 -11"><span class='ocrx_word' id='word_1_143' title='bbox 400 2135 439 2167; x_wconf 89' lang='lat' dir='ltr'>V.</span> <span class='ocrx_word' id='word_1_144' title='bbox 458 2137 514 2168; x_wconf 78' lang='lat'>84.</span> <span class='ocrx_word' id='word_1_145' title='bbox 546 2135 679 2178; x_wconf 72' lang='lat' dir='ltr'>pectani</span> <span class='ocrx_word' id='word_1_146' title='bbox 710 2137 836 2178; x_wconf 84' lang='lat' dir='ltr'>primus</span> <span class='ocrx_word' id='word_1_147' title='bbox 864 2137 1050 2169; x_wconf 61' lang='lat' dir='ltr'>ScALmER</span> <span class='ocrx_word' id='word_1_148' title='bbox 1082 2136 1223 2178; x_wconf 84' lang='lat' dir='ltr'>recepit.</span> <span class='ocrx_word' id='word_1_149' title='bbox 1244 2153 1287 2159; x_wconf 90' lang='lat'>—</span> <span class='ocrx_word' id='word_1_150' title='bbox 1345 2135 1385 2168; x_wconf 90' lang='lat' dir='ltr'>V.</span> <span class='ocrx_word' id='word_1_151' title='bbox 1403 2138 1460 2168; x_wconf 85' lang='grc'>89.</span> <span class='ocrx_word' id='word_1_152' title='bbox 1487 2133 1651 2177; x_wconf 61' lang='lat' dir='ltr'>Scyllam</span> 
     </span>
     <span class='ocr_line' id='line_1_24' title="bbox 305 2199 1651 2240; baseline -0.001 -9"><span class='ocrx_word' id='word_1_153' title='bbox 305 2199 476 2233; x_wconf 67' lang='lat' dir='ltr'>HEYMUS</span> <span class='ocrx_word' id='word_1_154' title='bbox 511 2204 546 2232; x_wconf 89' lang='lat' dir='ltr'>et</span> <span class='ocrx_word' id='word_1_155' title='bbox 578 2202 728 2233; x_wconf 75' lang='lat' dir='ltr'>Vossms</span> <span class='ocrx_word' id='word_1_156' title='bbox 763 2202 837 2234; x_wconf 83' lang='lat' dir='ltr'>soli.</span> <span class='ocrx_word' id='word_1_157' title='bbox 859 2219 904 2224; x_wconf 90' lang='lat'>—</span> <span class='ocrx_word' id='word_1_158' title='bbox 950 2202 1192 2233; x_wconf 79' lang='lat' dir='ltr'>succincta</span> <span class='ocrx_word' id='word_1_159' title='bbox 1226 2200 1351 2233; x_wconf 68' lang='lat' dir='ltr'>Cone.</span> <span class='ocrx_word' id='word_1_160' title='bbox 1385 2210 1466 2234; x_wconf 67' lang='lat' dir='ltr'>mr.</span> <span class='ocrx_word' id='word_1_161' title='bbox 1538 2199 1651 2240; x_wconf 80' lang='lat' dir='ltr'>Vulgo</span> 
     </span>
     <span class='ocr_line' id='line_1_25' title="bbox 303 2263 1652 2307; baseline -0.004 -9"><span class='ocrx_word' id='word_1_162' title='bbox 303 2275 427 2307; x_wconf 76' lang='lat' dir='ltr'>magna</span> <span class='ocrx_word' id='word_1_163' title='bbox 461 2266 624 2298; x_wconf 80' lang='lat' dir='ltr'>varietas:</span> <span class='ocrx_word' id='word_1_164' title='bbox 660 2265 858 2307; x_wconf 74' lang='lat' dir='ltr'>suhmixta,</span> <span class='ocrx_word' id='word_1_165' title='bbox 891 2265 1084 2307; x_wconf 76' lang='lat' dir='ltr'>submissa,</span> <span class='ocrx_word' id='word_1_166' title='bbox 1115 2266 1298 2298; x_wconf 72' lang='lat' dir='ltr'>summista</span> <span class='ocrx_word' id='word_1_167' title='bbox 1333 2270 1398 2297; x_wconf 87' lang='lat' dir='ltr'>cet.</span> <span class='ocrx_word' id='word_1_168' title='bbox 1431 2268 1464 2296; x_wconf 81' lang='lat' dir='ltr'>et</span> <span class='ocrx_word' id='word_1_169' title='bbox 1489 2263 1652 2302; x_wconf 62' lang='lat' dir='ltr'>comisto,</span> 
     </span>
    </p>
   </div>
   <div class='ocr_carea' id='block_1_6' title="bbox 304 2330 704 2372">
    <p class='ocr_par' dir='ltr' id='par_1_6' title="bbox 304 2330 704 2372">
     <span class='ocr_line' id='line_1_26' title="bbox 304 2330 704 2372; baseline 0.003 -9"><span class='ocrx_word' id='word_1_170' title='bbox 304 2330 466 2363; x_wconf 79' lang='lat' dir='ltr'>redimita</span> <span class='ocrx_word' id='word_1_171' title='bbox 478 2357 488 2372; x_wconf 86' lang='lat'><strong>‚</strong></span> <span class='ocrx_word' id='word_1_172' title='bbox 524 2330 704 2365; x_wconf 81' lang='lat' dir='ltr'>comitata.</span> 
     </span>
    </p>
   </div>
  </div>
 </body>
</html>
