1721 2953
512 143 654 182 LIBR.
685 143 715 181 I.
775 142 931 181 LI,1-]G.
962 143 1012 182 ΙΙ.
1383 144 1433 178 45

96 260 284 301 sententia3
315 259 424 292 otiosa
451 257 600 300 epitheta
626 256 748 289 absunt
774 265 793 288 a
817 255 967 289 Tibullo.
1018 257 1128 298 Atque
1153 253 1235 288 haec
1261 253 1435 289 hactenus.

95 327 212 359 Altera
236 325 338 358 lectio
363 322 535 368 fulminis
561 321 725 365 probatur
748 321 1028 363 Bnoucunusro,
1061 321 1207 361 Vossro,
1243 321 1434 353 wirmun-

94 402 229 433 mcmo,
254 391 312 433 qui
336 390 436 422 etiam
461 388 558 421 sistit
586 392 800 432 receperunt,
827 398 902 420 cum
928 389 1058 430 magica
1084 392 1157 420 arte
1182 386 1321 419 fulmina
1345 396 1432 427 qno-

93 470 180 501 que,
205 467 270 491 non
295 457 380 489 verti
406 455 563 498 quidem,
589 458 624 487 at
648 454 721 486 sisti
747 453 923 493 dicantur,
959 453 1002 485 cf.
1027 453 1232 486 emunim.
1258 452 1291 484 in
1317 452 1433 484 Rufin-

92 525 117 565 Ι,
141 526 219 556 159.
244 523 380 555 Smne.
406 521 512 553 Herc-
538 520 617 552 Oet.
639 521 720 553 469.
768 519 885 552 Possit
909 519 1029 561 aliquis
1056 519 1218 562 imprimis
1245 519 1290 551 ita
1313 518 1432 551 desen-

92 589 172 623 dere
197 589 256 622 lias
280 587 465 627 lectiones,
498 587 525 619 si
548 587 580 619 in
607 590 680 619 toto
707 585 850 619 disticho
877 586 918 618 de
945 587 1148 618 coelestibus
1173 586 1273 619 rebus
1299 586 1353 626 agi
1381 584 1433 617 di—

91 660 145 689 cat
171 661 209 688 ut
232 656 265 688 in
290 655 446 699 proximo
473 654 514 686 de
541 653 687 694 infernis,
713 657 956 696 comparetque
981 654 1157 694 sequentia
1182 653 1250 686 duo
1278 653 1432 693 disticha,

90 722 147 754 ubi
173 721 292 754 eadem
317 720 497 753 manifesto
523 719 705 763 oppositio.
756 721 804 751 Ac
831 718 985 762 profecto
1010 729 1075 752 non
1100 730 1178 752 casu
1199 720 1334 763 irrepsit
1357 722 1432 762 pul-

90 788 170 823 chra
196 787 278 820 haec
304 786 526 826 concinnitas,
550 795 612 818 nec
638 784 750 827 potuit
774 794 839 816 non
864 784 975 825 legem
1002 784 1033 816 in
1061 785 1311 818 enumeratione
1336 787 1431 827 sequi

90 861 211 900 poeta,
247 855 308 889 sed
333 856 433 888 etiam
459 864 502 887 ex
527 854 634 886 altera
657 853 788 885 ratione
813 852 975 885 concinna
1003 855 1054 884 est
1079 862 1190 885 rerum
1217 852 1432 896 compositio.

90 922 252 965 Opponit,
278 920 343 961 aio,
369 924 405 952 ut
430 920 587 963 peritiam
611 929 716 962 sagae
740 918 933 952 luculenter
958 917 1118 958 illustret,
1144 917 1280 950 omnino
1305 928 1429 960 supera

89 992 123 1020 et
148 987 278 1020 inferna
302 987 395 1027 loca3
434 990 538 1028 atque
562 985 597 1018 iu
621 984 726 1029 priori
752 984 824 1028 pari
850 981 1073 1017 distichorum
1099 982 1210 1015 sidera
1235 987 1269 1015 et
1296 983 1430 1014 flumina

87 1063 150 1097 pro
175 1054 341 1097 exemplis
366 1053 505 1086 laudans
530 1054 670 1096 opponit
695 1052 807 1094 Orco,
842 1052 875 1085 in
901 1052 1009 1084 altero
1034 1050 1169 1083 coelum
1194 1050 1363 1090 maxime,
1398 1054 1431 1081 et

87 1119 182 1152 vides
206 1120 256 1153 sic
280 1121 450 1163 explicata
474 1130 511 1153 re
536 1120 601 1153 iam
627 1119 708 1152 nihil
733 1119 929 1152 offensionis
955 1119 1086 1152 adesse.
1142 1118 1324 1151 Postremo
1350 1118 1432 1150 illud

87 1195 222 1227 quoque
246 1185 373 1226 sentis,
411 1185 513 1218 etiam
546 1195 622 1217 cum
657 1185 882 1217 collocatione
915 1185 1096 1217 verborum
1131 1183 1217 1216 bene
1251 1183 1432 1216 convenire

88 1249 173 1284 hauc
209 1260 309 1293 quam
347 1249 560 1283 defendimus
595 1250 785 1283 lectionem.
852 1252 1020 1283 Accurate
1055 1250 1119 1282 sibi
1158 1250 1316 1293 opposita
1353 1255 1432 1282 sunt

87 1317 190 1350 haec:
225 1317 276 1349 De
301 1317 398 1350 coelo
424 1316 549 1349 ducere
575 1317 705 1358 sidera,
736 1316 828 1349 humi
853 1326 934 1349 vero
961 1315 1096 1348 flumina
1120 1318 1267 1348 vertere.
1317 1317 1429 1356 Atque

86 1381 170 1415 haec
203 1381 338 1423 quidem
374 1381 416 1413 de
452 1380 516 1413 his.
580 1382 651 1415 Iam
676 1381 739 1414 toti
764 1381 872 1425 primo
897 1380 1042 1414 disticho
1067 1380 1251 1424 opponitur
1274 1390 1431 1422 sequens,

85 1446 128 1479 ad
154 1445 244 1489 quod
270 1456 359 1479 nunc
386 1445 590 1480 accedimns.
611 1465 657 1471 —
683 1446 725 1479 V.
744 1448 803 1479 47.
826 1448 884 1491 48.
934 1446 1020 1479 Cum
1046 1456 1111 1479 non
1140 1455 1244 1480 unum
1266 1446 1430 1479 alterum-

85 1525 127 1548 ve
153 1514 359 1556 membrum,
386 1513 446 1547 sed
472 1515 584 1547 onmia
608 1514 814 1547 coniunctim
839 1524 901 1546 seu
927 1519 1036 1547 totum
1062 1513 1230 1547 distichon
1255 1524 1429 1557 opponere

87 1581 166 1614 velit
191 1581 405 1615 antecedenti
430 1580 585 1623 disticho,
613 1568 753 1625 pulchre
778 1580 857 1614 mihi
884 1581 1104 1625 praemittere
1130 1581 1263 1615 videtur
1287 1586 1429 1623 cantu,

86 1658 154 1690 quo
185 1647 328 1681 artificio
352 1657 440 1689 quae
474 1651 663 1689 sequuntur
697 1646 783 1689 (que
807 1664 853 1670 -
877 1656 944 1688 que
969 1663 1014 1671 —
1041 1646 1093 1689 et)
1131 1650 1290 1689 tanquam
1314 1650 1428 1689 partes

85 1715 291 1756 colliguntur
315 1715 346 1747 in
372 1723 471 1746 unam
497 1714 660 1746 maiorem
684 1713 899 1746 sententiam.
933 1731 976 1736 —
1017 1713 1246 1756 finditque
1282 1714 1425 1746 solum

85 1789 328 1822 manesque
363 1779 595 1822 sepulcris
633 1779 774 1812 elicit.
827 1779 888 1812 Sic
919 1779 1028 1812 Orm.
1062 1780 1196 1812 Amorr.
1230 1779 1258 1820 I,
1292 1782 1326 1820 8,
1367 1783 1427 1812 17:

83 1846 222 1878 Evocat
256 1843 416 1890 antiquis
444 1855 598 1888 proavos
632 1849 829 1889 atat-osque
866 1843 1035 1888 sepulcris
1073 1850 1106 1875 et
1145 1843 1293 1877 ,solidam
1327 1844 1430 1889 longo

85 1910 237 1944 carmine
264 1909 378 1955 findit
414 1909 570 1943 humum.
620 1909 708 1943 Add·
740 1911 852 1944 VIRG.
886 1909 1010 1952 Eclog.
1048 1909 1141 1952 vlu,
1168 1912 1227 1942 98.
1272 1910 1428 1944 Lucum.

83 1977 305 2022 Philopseud·
330 1989 359 2011 c.
389 1980 454 2012 13:
488 1974 626 2021 νεκροιῗς
662 1975 785 2014 ἑώλους
822 1974 1011 2010 ἀνακαλῶν.
1060 1977 1133 2010 Res
1168 1987 1272 2020 saepe
1296 1986 1426 2009 memo-

86 2048 179 2085 rata,
222 2054 323 2087 quam
357 2045 580 2085 ψυχαγωγίαν
611 2044 737 2077 Graeci
771 2043 897 2076 dicunt·
933 2062 979 2067 -—
1026 2048 1069 2076 et
1104 2043 1258 2086 tepido
1296 2042 1427 2075 devo-

83 2116 156 2146 cat
190 2122 293 2144 ossa
325 2121 446 2153 rogo.
499 2111 545 2144 Ut
569 2111 698 2143 animas
731 2121 750 2144 e
781 2111 948 2153 sepulcris
973 2111 1123 2152 excitat,
1157 2111 1206 2143 sic
1238 2111 1305 2142 alio
1338 2114 1426 2141 tem-

83 2188 175 2220 pore,
210 2178 268 2218 ait,
301 2178 358 2210 vix
383 2179 523 2211 cremati
548 2180 701 2222 corporis
727 2189 804 2211 ossa
829 2189 847 2211 e
872 2189 957 2220 rogo
984 2176 1193 2211 descendere
1218 2177 1313 2210 iubet
1338 2177 1426 2209 vitae

81 2242 225 2275 reddita·
273 2231 468 2285 Legitimae
501 2248 579 2276 sunt
612 2245 844 2288 oppositiones
880 2255 991 2277 rerum
1027 2249 1062 2276 et
1094 2243 1275 2276 verborum
1310 2243 1342 2275 in
1377 2242 1427 2275 his

83 2307 236 2340 distichis
261 2312 294 2340 et
319 2307 446 2349 ubique
471 2308 664 2349 notandae3
698 2314 799 2351 atque
827 2310 926 2342 etiam
953 2309 1015 2342 hoc
1041 2310 1116 2342 loco
1142 2309 1190 2342 sic
1215 2309 1425 2342 conformata

82 2375 248 2407 sententia
282 2378 334 2407 est
366 2378 400 2406 et
425 2375 545 2406 oratio.
597 2375 712 2409 Quare
737 2385 812 2408 cum
839 2376 982 2418 copulae
1016 2385 1095 2417 que
1122 2391 1166 2400 —
1194 2385 1277 2417 que
1303 2376 1426 2418 prioris

83 2446 196 2474 essent
221 2446 336 2485 partes
361 2442 567 2482 sententiae,
593 2442 626 2473 in
652 2442 760 2474 altera
786 2441 920 2474 diversa
944 2448 978 2473 et
1003 2441 1107 2483 dixit,
1134 2451 1199 2475 non
1227 2453 1303 2487 que.
1353 2442 1423 2475 Sed

82 2506 125 2540 ad
149 2516 222 2540 rem
246 2507 363 2541 confer
386 2507 530 2540 Horu'r.
553 2506 666 2550 Epod.
690 2505 803 2547 XVII,
830 2509 895 2539 79:
918 2506 1049 2550 possim
1074 2513 1243 2539 crematos
1268 2506 1423 2539 excitare

80 2577 254 2608 mortuos,
280 2577 315 2606 et
339 2583 438 2616 quem
465 2573 636 2606 Hssrmus
663 2573 795 2606 confert
820 2575 933 2607 Srwr.
960 2573 1068 2606 Theb.
1094 2574 1154 2615 IV,
1179 2577 1269 2607 507:
1297 2573 1423 2606 Attol-

78 2636 147 2669 lere
173 2635 286 2671 bustis
311 2649 454 2682 corpora
481 2642 516 2672 et
536 2638 662 2683 plenas
688 2638 848 2685 antiquis
873 2637 1008 2672 ossibus
1033 2651 1143 2672 urnas
1170 2651 1327 2686 egerere,
1367 2640 1424 2672 ubi
