<?xml version="1.0" encoding="UTF-8"?>
<!DOCTYPE html PUBLIC "-//W3C//DTD XHTML 1.0 Transitional//EN"
    "http://www.w3.org/TR/xhtml1/DTD/xhtml1-transitional.dtd">
<html xmlns="http://www.w3.org/1999/xhtml" xml:lang="en" lang="en">
 <head>
  <title>
</title>
<meta http-equiv="Content-Type" content="text/html;charset=utf-8" />
  <meta name='ocr-system' content='tesseract 3.04.00' />
  <meta name='ocr-capabilities' content='ocr_page ocr_carea ocr_par ocr_line ocrx_word'/>
</head>
<body>
  <div class='ocr_page' id='page_1' title='image "./carminaexrecensi00tibuuoft_0333.png"; bbox 0 0 1721 2953; ppageno 0'>
   <div class='ocr_carea' id='block_1_1' title="bbox 490 153 1407 196">
    <p class='ocr_par' dir='ltr' id='par_1_1' title="bbox 490 153 1407 196">
     <span class='ocr_line' id='line_1_1' title="bbox 490 153 1407 196; baseline -0.001 -1"><span class='ocrx_word' id='word_1_1' title='bbox 490 153 634 196; x_wconf 87' lang='lat' dir='ltr'><strong>LIBR.</strong></span> <span class='ocrx_word' id='word_1_2' title='bbox 663 154 695 193; x_wconf 93' lang='grc' dir='ltr'>Ι.</span> <span class='ocrx_word' id='word_1_3' title='bbox 752 153 912 194; x_wconf 88' lang='lat' dir='ltr'>ELEG.</span> <span class='ocrx_word' id='word_1_4' title='bbox 943 154 975 194; x_wconf 91' lang='grc' dir='ltr'>Ι.</span> <span class='ocrx_word' id='word_1_5' title='bbox 1387 160 1407 193; x_wconf 84' lang='grc'>7</span> 
     </span>
    </p>
   </div>
   <div class='ocr_carea' id='block_1_2' title="bbox 55 260 1408 1101">
    <p class='ocr_par' dir='ltr' id='par_1_2' title="bbox 55 260 1408 1101">
     <span class='ocr_line' id='line_1_2' title="bbox 70 260 1408 311; baseline -0.004 -7"><span class='ocrx_word' id='word_1_6' title='bbox 70 272 133 304; x_wconf 86' lang='lat' dir='ltr'>ties</span> <span class='ocrx_word' id='word_1_7' title='bbox 158 273 321 311; x_wconf 85' lang='lat' dir='ltr'>recurrat,</span> <span class='ocrx_word' id='word_1_8' title='bbox 349 267 443 302; x_wconf 89' lang='lat' dir='ltr'>novis</span> <span class='ocrx_word' id='word_1_9' title='bbox 462 277 536 301; x_wconf 89' lang='lat' dir='ltr'>eam</span> <span class='ocrx_word' id='word_1_10' title='bbox 556 265 726 299; x_wconf 88' lang='lat' dir='ltr'>coloribus</span> <span class='ocrx_word' id='word_1_11' title='bbox 744 260 879 309; x_wconf 81' lang='lat' dir='ltr'>prodire</span> <span class='ocrx_word' id='word_1_12' title='bbox 896 270 1058 299; x_wconf 88' lang='lat' dir='ltr'>ornatam.</span> <span class='ocrx_word' id='word_1_13' title='bbox 1107 265 1330 309; x_wconf 85' lang='lat' dir='ltr'><strong>Perspicuum</strong></span> <span class='ocrx_word' id='word_1_14' title='bbox 1355 269 1408 298; x_wconf 89' lang='lat' dir='ltr'>est</span> 
     </span>
     <span class='ocr_line' id='line_1_3' title="bbox 68 330 1406 379; baseline -0.006 -9"><span class='ocrx_word' id='word_1_15' title='bbox 68 347 167 379; x_wconf 84' lang='lat' dir='ltr'>quam</span> <span class='ocrx_word' id='word_1_16' title='bbox 185 336 295 370; x_wconf 74' lang='lat' dir='ltr'>suavis</span> <span class='ocrx_word' id='word_1_17' title='bbox 314 335 358 368; x_wconf 89' lang='lat' dir='ltr'>sit</span> <span class='ocrx_word' id='word_1_18' title='bbox 377 332 459 366; x_wconf 77' lang='lat' dir='ltr'>llaec</span> <span class='ocrx_word' id='word_1_19' title='bbox 478 333 690 376; x_wconf 77' lang='lat' dir='ltr'><strong>compositio,</strong></span> <span class='ocrx_word' id='word_1_20' title='bbox 711 332 1010 374; x_wconf 87' lang='lat' dir='ltr'>quammiramura</span> <span class='ocrx_word' id='word_1_21' title='bbox 1024 331 1115 365; x_wconf 91' lang='lat' dir='ltr'>nullo</span> <span class='ocrx_word' id='word_1_22' title='bbox 1132 331 1282 374; x_wconf 87' lang='lat' dir='ltr'>priorum</span> <span class='ocrx_word' id='word_1_23' title='bbox 1300 330 1406 363; x_wconf 89' lang='lat' dir='ltr'>inter-</span> 
     </span>
     <span class='ocr_line' id='line_1_4' title="bbox 66 399 1404 446; baseline -0.004 -10"><span class='ocrx_word' id='word_1_24' title='bbox 66 407 199 446; x_wconf 89' lang='lat' dir='ltr'>pretum</span> <span class='ocrx_word' id='word_1_25' title='bbox 224 400 500 435; x_wconf 89' lang='lat' dir='ltr'>animadversam.</span> <span class='ocrx_word' id='word_1_26' title='bbox 560 399 600 433; x_wconf 90' lang='lat' dir='ltr'>Si</span> <span class='ocrx_word' id='word_1_27' title='bbox 624 399 769 432; x_wconf 86' lang='lat' dir='ltr'>musicas</span> <span class='ocrx_word' id='word_1_28' title='bbox 793 409 952 432; x_wconf 91' lang='lat' dir='ltr'>sonorum</span> <span class='ocrx_word' id='word_1_29' title='bbox 979 399 1242 443; x_wconf 87' lang='lat' dir='ltr'>compositiones</span> <span class='ocrx_word' id='word_1_30' title='bbox 1265 407 1404 440; x_wconf 87' lang='lat' dir='ltr'>compa-</span> 
     </span>
     <span class='ocr_line' id='line_1_5' title="bbox 66 463 1405 509; baseline -0.004 -8"><span class='ocrx_word' id='word_1_31' title='bbox 66 478 141 501; x_wconf 89' lang='lat' dir='ltr'>rare</span> <span class='ocrx_word' id='word_1_32' title='bbox 165 468 265 508; x_wconf 90' lang='lat' dir='ltr'>licet,</span> <span class='ocrx_word' id='word_1_33' title='bbox 297 470 335 499; x_wconf 88' lang='lat' dir='ltr'>ut</span> <span class='ocrx_word' id='word_1_34' title='bbox 367 475 443 499; x_wconf 89' lang='lat' dir='ltr'>cum</span> <span class='ocrx_word' id='word_1_35' title='bbox 467 465 501 498; x_wconf 93' lang='lat' dir='ltr'>in</span> <span class='ocrx_word' id='word_1_36' title='bbox 526 465 585 498; x_wconf 91' lang='lat' dir='ltr'>tali</span> <span class='ocrx_word' id='word_1_37' title='bbox 610 465 856 508; x_wconf 83' lang='lat' dir='ltr'>compositione</span> <span class='ocrx_word' id='word_1_38' title='bbox 887 463 1058 499; x_wconf 87' lang='lat' dir='ltr'>harmonia</span> <span class='ocrx_word' id='word_1_39' title='bbox 1083 466 1239 509; x_wconf 87' lang='lat' dir='ltr'>princeps</span> <span class='ocrx_word' id='word_1_40' title='bbox 1264 474 1325 508; x_wconf 89' lang='lat' dir='ltr'>per</span> <span class='ocrx_word' id='word_1_41' title='bbox 1352 464 1405 496; x_wconf 90' lang='lat' dir='ltr'>in-</span> 
     </span>
     <span class='ocr_line' id='line_1_6' title="bbox 64 530 1403 578; baseline -0.004 -10"><span class='ocrx_word' id='word_1_42' title='bbox 64 535 204 568; x_wconf 83' lang='lat' dir='ltr'>tervalla</span> <span class='ocrx_word' id='word_1_43' title='bbox 227 534 414 578; x_wconf 88' lang='lat' dir='ltr'>repetitur,</span> <span class='ocrx_word' id='word_1_44' title='bbox 446 533 601 566; x_wconf 90' lang='lat' dir='ltr'>similiter</span> <span class='ocrx_word' id='word_1_45' title='bbox 632 532 724 566; x_wconf 88' lang='lat' dir='ltr'>dicas</span> <span class='ocrx_word' id='word_1_46' title='bbox 751 532 784 565; x_wconf 92' lang='lat' dir='ltr'>in</span> <span class='ocrx_word' id='word_1_47' title='bbox 809 530 872 565; x_wconf 85' lang='lat' dir='ltr'>hac</span> <span class='ocrx_word' id='word_1_48' title='bbox 904 531 1044 576; x_wconf 84' lang='lat' dir='ltr'>pulchra</span> <span class='ocrx_word' id='word_1_49' title='bbox 1068 534 1179 576; x_wconf 86' lang='lat' dir='ltr'>elegia</span> <span class='ocrx_word' id='word_1_50' title='bbox 1202 531 1403 566; x_wconf 88' lang='lat' dir='ltr'>sententiam</span> 
     </span>
     <span class='ocr_line' id='line_1_7' title="bbox 63 597 1402 643; baseline -0.001 -11"><span class='ocrx_word' id='word_1_51' title='bbox 63 600 253 643; x_wconf 89' lang='lat' dir='ltr'>primariam</span> <span class='ocrx_word' id='word_1_52' title='bbox 280 599 393 633; x_wconf 91' lang='lat' dir='ltr'>redire</span> <span class='ocrx_word' id='word_1_53' title='bbox 413 599 619 641; x_wconf 82' lang='lat' dir='ltr'>identidem,</span> <span class='ocrx_word' id='word_1_54' title='bbox 644 609 732 642; x_wconf 91' lang='lat' dir='ltr'>quae</span> <span class='ocrx_word' id='word_1_55' title='bbox 761 599 810 632; x_wconf 84' lang='lat' dir='ltr'>vis</span> <span class='ocrx_word' id='word_1_56' title='bbox 836 600 947 633; x_wconf 88' lang='lat' dir='ltr'>vitalis</span> <span class='ocrx_word' id='word_1_57' title='bbox 971 604 1024 633; x_wconf 89' lang='lat' dir='ltr'>est</span> <span class='ocrx_word' id='word_1_58' title='bbox 1050 600 1133 634; x_wconf 91' lang='lat' dir='ltr'>eius.</span> <span class='ocrx_word' id='word_1_59' title='bbox 1183 600 1294 642; x_wconf 86' lang='lat' dir='ltr'><strong>Atque</strong></span> <span class='ocrx_word' id='word_1_60' title='bbox 1319 597 1402 632; x_wconf 87' lang='lat' dir='ltr'>haec</span> 
     </span>
     <span class='ocr_line' id='line_1_8' title="bbox 61 663 1402 707; baseline -0.001 -9"><span class='ocrx_word' id='word_1_61' title='bbox 61 665 196 707; x_wconf 91' lang='lat' dir='ltr'>quidem</span> <span class='ocrx_word' id='word_1_62' title='bbox 222 664 264 698; x_wconf 89' lang='lat' dir='ltr'>de</span> <span class='ocrx_word' id='word_1_63' title='bbox 289 664 351 697; x_wconf 83' lang='lat' dir='ltr'>his.</span> <span class='ocrx_word' id='word_1_64' title='bbox 400 665 439 699; x_wconf 91' lang='lat' dir='ltr'>In</span> <span class='ocrx_word' id='word_1_65' title='bbox 474 665 666 698; x_wconf 83' lang='lat' dir='ltr'>universum</span> <span class='ocrx_word' id='word_1_66' title='bbox 700 664 845 707; x_wconf 87' lang='lat' dir='ltr'>denique</span> <span class='ocrx_word' id='word_1_67' title='bbox 879 664 944 698; x_wconf 86' lang='lat' dir='ltr'>hoc</span> <span class='ocrx_word' id='word_1_68' title='bbox 974 675 1128 707; x_wconf 78' lang='lat' dir='ltr'>carmen,</span> <span class='ocrx_word' id='word_1_69' title='bbox 1165 668 1203 697; x_wconf 88' lang='lat' dir='ltr'>ut</span> <span class='ocrx_word' id='word_1_70' title='bbox 1227 664 1294 696; x_wconf 82' lang='lat' dir='ltr'>sert</span> <span class='ocrx_word' id='word_1_71' title='bbox 1325 663 1402 696; x_wconf 90' lang='lat' dir='ltr'>talis</span> 
     </span>
     <span class='ocr_line' id='line_1_9' title="bbox 61 729 1403 774; baseline -0.002 -11"><span class='ocrx_word' id='word_1_72' title='bbox 61 731 252 773; x_wconf 86' lang='lat' dir='ltr'>argumenti</span> <span class='ocrx_word' id='word_1_73' title='bbox 277 731 384 772; x_wconf 86' lang='lat' dir='ltr'>ratio,</span> <span class='ocrx_word' id='word_1_74' title='bbox 423 729 622 763; x_wconf 88' lang='lat' dir='ltr'>hilaritatem</span> <span class='ocrx_word' id='word_1_75' title='bbox 653 730 817 774; x_wconf 81' lang='lat' dir='ltr'>placidam</span> <span class='ocrx_word' id='word_1_76' title='bbox 848 731 975 774; x_wconf 83' lang='lat' dir='ltr'>spirat3</span> <span class='ocrx_word' id='word_1_77' title='bbox 1016 740 1124 773; x_wconf 87' lang='lat' dir='ltr'>neque</span> <span class='ocrx_word' id='word_1_78' title='bbox 1158 733 1269 762; x_wconf 90' lang='lat' dir='ltr'>tamen</span> <span class='ocrx_word' id='word_1_79' title='bbox 1302 729 1403 772; x_wconf 89' lang='lat' dir='ltr'>plane</span> 
     </span>
     <span class='ocr_line' id='line_1_10' title="bbox 60 794 1402 840; baseline -0.004 -10"><span class='ocrx_word' id='word_1_80' title='bbox 60 797 159 830; x_wconf 85' lang='lat' dir='ltr'>abest</span> <span class='ocrx_word' id='word_1_81' title='bbox 190 797 398 839; x_wconf 83' lang='lat' dir='ltr'>querimonia</span> <span class='ocrx_word' id='word_1_82' title='bbox 425 795 638 830; x_wconf 86' lang='lat' dir='ltr'>Tibulliauae</span> <span class='ocrx_word' id='word_1_83' title='bbox 672 796 804 838; x_wconf 83' lang='lat' dir='ltr'>elegiae</span> <span class='ocrx_word' id='word_1_84' title='bbox 829 796 986 840; x_wconf 87' lang='lat' dir='ltr'>propria,</span> <span class='ocrx_word' id='word_1_85' title='bbox 1023 795 1084 828; x_wconf 89' lang='lat' dir='ltr'>sed</span> <span class='ocrx_word' id='word_1_86' title='bbox 1108 794 1302 827; x_wconf 81' lang='lat' dir='ltr'>intermixta</span> <span class='ocrx_word' id='word_1_87' title='bbox 1324 796 1402 826; x_wconf 87' lang='lat' dir='ltr'>sunt</span> 
     </span>
     <span class='ocr_line' id='line_1_11' title="bbox 59 858 1400 905; baseline -0.003 -11"><span class='ocrx_word' id='word_1_88' title='bbox 59 862 161 895; x_wconf 90' lang='lat' dir='ltr'>etiam</span> <span class='ocrx_word' id='word_1_89' title='bbox 186 860 239 894; x_wconf 84' lang='lat' dir='ltr'>hic</span> <span class='ocrx_word' id='word_1_90' title='bbox 257 862 402 905; x_wconf 89' lang='lat' dir='ltr'>suspiria</span> <span class='ocrx_word' id='word_1_91' title='bbox 427 861 592 904; x_wconf 86' lang='lat' dir='ltr'>quaedam</span> <span class='ocrx_word' id='word_1_92' title='bbox 618 863 777 905; x_wconf 83' lang='lat' dir='ltr'>suaviter,</span> <span class='ocrx_word' id='word_1_93' title='bbox 805 872 892 905; x_wconf 92' lang='lat' dir='ltr'>quae</span> <span class='ocrx_word' id='word_1_94' title='bbox 917 861 1076 895; x_wconf 83' lang='lat' dir='ltr'>tristitiae</span> <span class='ocrx_word' id='word_1_95' title='bbox 1101 860 1180 903; x_wconf 90' lang='lat' dir='ltr'>quid</span> <span class='ocrx_word' id='word_1_96' title='bbox 1206 863 1241 892; x_wconf 85' lang='lat' dir='ltr'>et</span> <span class='ocrx_word' id='word_1_97' title='bbox 1265 858 1400 891; x_wconf 85' lang='lat' dir='ltr'>deside-</span> 
     </span>
     <span class='ocr_line' id='line_1_12' title="bbox 57 924 1399 969; baseline -0.002 -10"><span class='ocrx_word' id='word_1_98' title='bbox 57 926 97 959; x_wconf 91' lang='lat' dir='ltr'>rii</span> <span class='ocrx_word' id='word_1_99' title='bbox 123 926 244 960; x_wconf 86' lang='lat' dir='ltr'>flebilis</span> <span class='ocrx_word' id='word_1_100' title='bbox 272 927 335 959; x_wconf 85' lang='lat' dir='ltr'>toti</span> <span class='ocrx_word' id='word_1_101' title='bbox 360 926 498 960; x_wconf 88' lang='lat' dir='ltr'>addunt.</span> <span class='ocrx_word' id='word_1_102' title='bbox 547 926 792 961; x_wconf 85' lang='lat' dir='ltr'>Vehementiae</span> <span class='ocrx_word' id='word_1_103' title='bbox 817 937 899 961; x_wconf 85' lang='lat' dir='ltr'>vero</span> <span class='ocrx_word' id='word_1_104' title='bbox 923 926 1002 961; x_wconf 79' lang='lat' dir='ltr'>nihil</span> <span class='ocrx_word' id='word_1_105' title='bbox 1028 926 1142 968; x_wconf 83' lang='lat' dir='ltr'>adest,</span> <span class='ocrx_word' id='word_1_106' title='bbox 1169 935 1273 969; x_wconf 88' lang='lat' dir='ltr'>quare</span> <span class='ocrx_word' id='word_1_107' title='bbox 1297 924 1399 957; x_wconf 89' lang='lat' dir='ltr'>etiam</span> 
     </span>
     <span class='ocr_line' id='line_1_13' title="bbox 55 988 1398 1037; baseline -0.001 -14"><span class='ocrx_word' id='word_1_108' title='bbox 55 990 216 1024; x_wconf 84' lang='lat' dir='ltr'>transitus</span> <span class='ocrx_word' id='word_1_109' title='bbox 239 1002 404 1034; x_wconf 87' lang='lat' dir='ltr'>nusquam</span> <span class='ocrx_word' id='word_1_110' title='bbox 429 992 606 1036; x_wconf 85' lang='lat' dir='ltr'>abruptior</span> <span class='ocrx_word' id='word_1_111' title='bbox 631 991 916 1036; x_wconf 86' lang='lat' dir='ltr'>deprehenditur,</span> <span class='ocrx_word' id='word_1_112' title='bbox 950 993 1067 1037; x_wconf 86' lang='lat' dir='ltr'>quales</span> <span class='ocrx_word' id='word_1_113' title='bbox 1092 990 1322 1026; x_wconf 76' lang='lat' dir='ltr'>veliementior</span> <span class='ocrx_word' id='word_1_114' title='bbox 1347 988 1398 1022; x_wconf 82' lang='lat' dir='ltr'>af-</span> 
     </span>
     <span class='ocr_line' id='line_1_14' title="bbox 55 1056 559 1101; baseline 0.004 -11"><span class='ocrx_word' id='word_1_115' title='bbox 55 1056 165 1091; x_wconf 80' lang='lat' dir='ltr'>fectus</span> <span class='ocrx_word' id='word_1_116' title='bbox 189 1058 276 1091; x_wconf 86' lang='lat' dir='ltr'>alias</span> <span class='ocrx_word' id='word_1_117' title='bbox 298 1058 423 1101; x_wconf 89' lang='lat' dir='ltr'>passim</span> <span class='ocrx_word' id='word_1_118' title='bbox 448 1057 559 1092; x_wconf 82' lang='lat' dir='ltr'>insert.</span> 
     </span>
    </p>
   </div>
   <div class='ocr_carea' id='block_1_3' title="bbox 545 1302 896 1347">
    <p class='ocr_par' dir='ltr' id='par_1_3' title="bbox 545 1302 896 1347">
     <span class='ocr_line' id='line_1_15' title="bbox 545 1302 896 1347; baseline 0.006 -5"><span class='ocrx_word' id='word_1_119' title='bbox 545 1302 896 1347; x_wconf 88' lang='lat' dir='ltr'><strong>EXPLICATIO.</strong></span> 
     </span>
    </p>
   </div>
   <div class='ocr_carea' id='block_1_4' title="bbox 42 1395 1394 2702">
    <p class='ocr_par' dir='ltr' id='par_1_4' title="bbox 48 1395 1394 1632">
     <span class='ocr_line' id='line_1_16' title="bbox 146 1395 1394 1442; baseline 0.002 -13"><span class='ocrx_word' id='word_1_120' title='bbox 146 1397 188 1430; x_wconf 90' lang='lat' dir='ltr'>V.</span> <span class='ocrx_word' id='word_1_121' title='bbox 225 1398 298 1430; x_wconf 84' lang='grc'><strong>1-6.</strong></span> <span class='ocrx_word' id='word_1_122' title='bbox 357 1395 616 1431; x_wconf 85' lang='lat' dir='ltr'>Exordium.</span> <span class='ocrx_word' id='word_1_123' title='bbox 674 1399 871 1432; x_wconf 80' lang='lat' dir='ltr'>Divitias</span> <span class='ocrx_word' id='word_1_124' title='bbox 910 1402 1129 1442; x_wconf 83' lang='lat' dir='ltr'>quaerant</span> <span class='ocrx_word' id='word_1_125' title='bbox 1167 1399 1242 1442; x_wconf 88' lang='lat' dir='ltr'>qui</span> <span class='ocrx_word' id='word_1_126' title='bbox 1283 1398 1394 1432; x_wconf 83' lang='lat' dir='ltr'>belli</span> 
     </span>
     <span class='ocr_line' id='line_1_17' title="bbox 52 1462 1393 1510; baseline 0.003 -15"><span class='ocrx_word' id='word_1_127' title='bbox 52 1462 234 1496; x_wconf 87' lang='lat' dir='ltr'>labores</span> <span class='ocrx_word' id='word_1_128' title='bbox 268 1467 312 1497; x_wconf 89' lang='lat' dir='ltr'>et</span> <span class='ocrx_word' id='word_1_129' title='bbox 339 1464 550 1508; x_wconf 86' lang='lat' dir='ltr'>pericula</span> <span class='ocrx_word' id='word_1_130' title='bbox 579 1464 702 1498; x_wconf 83' lang='lat' dir='ltr'>ferre</span> <span class='ocrx_word' id='word_1_131' title='bbox 730 1476 814 1499; x_wconf 91' lang='lat' dir='ltr'>non</span> <span class='ocrx_word' id='word_1_132' title='bbox 839 1469 1078 1507; x_wconf 81' lang='lat' dir='ltr'>reeusant3</span> <span class='ocrx_word' id='word_1_133' title='bbox 1112 1476 1195 1508; x_wconf 80' lang='lat' dir='ltr'>ego</span> <span class='ocrx_word' id='word_1_134' title='bbox 1223 1468 1393 1510; x_wconf 83' lang='lat' dir='ltr'>spretis</span> 
     </span>
     <span class='ocr_line' id='line_1_18' title="bbox 49 1529 1392 1577; baseline 0.003 -15"><span class='ocrx_word' id='word_1_135' title='bbox 49 1529 234 1564; x_wconf 85' lang='lat' dir='ltr'>divitiis</span> <span class='ocrx_word' id='word_1_136' title='bbox 258 1530 472 1564; x_wconf 89' lang='lat' dir='ltr'>valedico</span> <span class='ocrx_word' id='word_1_137' title='bbox 498 1531 697 1577; x_wconf 82' lang='lat' dir='ltr'>militiae</span> <span class='ocrx_word' id='word_1_138' title='bbox 722 1537 765 1566; x_wconf 89' lang='lat' dir='ltr'>et</span> <span class='ocrx_word' id='word_1_139' title='bbox 790 1531 840 1565; x_wconf 80' lang='lat' dir='ltr'>ad</span> <span class='ocrx_word' id='word_1_140' title='bbox 867 1532 1064 1565; x_wconf 87' lang='lat' dir='ltr'>otiosam</span> <span class='ocrx_word' id='word_1_141' title='bbox 1089 1532 1224 1565; x_wconf 81' lang='lat' dir='ltr'>vitam</span> <span class='ocrx_word' id='word_1_142' title='bbox 1249 1535 1392 1566; x_wconf 85' lang='lat' dir='ltr'>trans-</span> 
     </span>
     <span class='ocr_line' id='line_1_19' title="bbox 48 1595 1092 1632; baseline 0.002 -3"><span class='ocrx_word' id='word_1_143' title='bbox 48 1596 113 1629; x_wconf 89' lang='lat' dir='ltr'>ire</span> <span class='ocrx_word' id='word_1_144' title='bbox 138 1598 260 1630; x_wconf 88' lang='lat' dir='ltr'>malo.</span> <span class='ocrx_word' id='word_1_145' title='bbox 309 1596 375 1629; x_wconf 89' lang='lat' dir='ltr'>Est</span> <span class='ocrx_word' id='word_1_146' title='bbox 398 1595 481 1630; x_wconf 84' lang='lat' dir='ltr'>haec</span> <span class='ocrx_word' id='word_1_147' title='bbox 504 1607 634 1630; x_wconf 88' lang='lat' dir='ltr'>summa</span> <span class='ocrx_word' id='word_1_148' title='bbox 661 1597 826 1630; x_wconf 88' lang='lat' dir='ltr'>sententia</span> <span class='ocrx_word' id='word_1_149' title='bbox 852 1598 1019 1632; x_wconf 78' lang='lat' dir='ltr'>carminis,</span> <span class='ocrx_word' id='word_1_150' title='bbox 1044 1616 1092 1623; x_wconf 95' lang='lat'>—</span> 
     </span>
    </p>

    <p class='ocr_par' dir='ltr' id='par_1_5' title="bbox 42 1663 1390 2702">
     <span class='ocr_line' id='line_1_20' title="bbox 142 1663 1390 1706; baseline 0.002 -10"><span class='ocrx_word' id='word_1_151' title='bbox 142 1664 185 1697; x_wconf 90' lang='lat' dir='ltr'>V.</span> <span class='ocrx_word' id='word_1_152' title='bbox 210 1666 228 1696; x_wconf 91' lang='lat'>1</span> <span class='ocrx_word' id='word_1_153' title='bbox 259 1673 333 1706; x_wconf 89' lang='lat' dir='ltr'>sqq.</span> <span class='ocrx_word' id='word_1_154' title='bbox 382 1663 548 1696; x_wconf 87' lang='lat' dir='ltr'>Redierat</span> <span class='ocrx_word' id='word_1_155' title='bbox 573 1663 731 1697; x_wconf 89' lang='lat' dir='ltr'>Tibullus</span> <span class='ocrx_word' id='word_1_156' title='bbox 757 1674 800 1698; x_wconf 78' lang='lat' dir='ltr'>ex</span> <span class='ocrx_word' id='word_1_157' title='bbox 825 1664 944 1698; x_wconf 80' lang='lat' dir='ltr'>militia</span> <span class='ocrx_word' id='word_1_158' title='bbox 966 1665 1189 1706; x_wconf 90' lang='lat' dir='ltr'>diuturniore,</span> <span class='ocrx_word' id='word_1_159' title='bbox 1214 1664 1257 1699; x_wconf 84' lang='lat' dir='ltr'>cs.</span> <span class='ocrx_word' id='word_1_160' title='bbox 1281 1675 1311 1698; x_wconf 93' lang='lat' dir='ltr'>v.</span> <span class='ocrx_word' id='word_1_161' title='bbox 1333 1667 1390 1698; x_wconf 79' lang='lat'>26.</span> 
     </span>
     <span class='ocr_line' id='line_1_21' title="bbox 47 1729 1390 1773; baseline 0.001 -10"><span class='ocrx_word' id='word_1_162' title='bbox 47 1740 135 1773; x_wconf 84' lang='lat' dir='ltr'>quae</span> <span class='ocrx_word' id='word_1_163' title='bbox 159 1733 238 1762; x_wconf 88' lang='lat' dir='ltr'>sunt</span> <span class='ocrx_word' id='word_1_164' title='bbox 261 1729 430 1772; x_wconf 88' lang='lat' dir='ltr'>stipendia</span> <span class='ocrx_word' id='word_1_165' title='bbox 455 1731 648 1772; x_wconf 86' lang='lat' dir='ltr'>equestria,</span> <span class='ocrx_word' id='word_1_166' title='bbox 682 1730 725 1763; x_wconf 90' lang='lat' dir='ltr'>de</span> <span class='ocrx_word' id='word_1_167' title='bbox 748 1731 871 1772; x_wconf 87' lang='lat' dir='ltr'>quibus</span> <span class='ocrx_word' id='word_1_168' title='bbox 903 1731 1050 1763; x_wconf 83' lang='lat' dir='ltr'>diximus</span> <span class='ocrx_word' id='word_1_169' title='bbox 1078 1732 1112 1764; x_wconf 92' lang='lat' dir='ltr'>in</span> <span class='ocrx_word' id='word_1_170' title='bbox 1136 1731 1390 1765; x_wconf 88' lang='lat' dir='ltr'>Introductione</span> 
     </span>
     <span class='ocr_line' id='line_1_22' title="bbox 48 1795 1390 1840; baseline 0.003 -12"><span class='ocrx_word' id='word_1_171' title='bbox 48 1796 91 1829; x_wconf 92' lang='lat' dir='ltr'>ad</span> <span class='ocrx_word' id='word_1_172' title='bbox 116 1796 261 1838; x_wconf 84' lang='lat' dir='ltr'>elegiam</span> <span class='ocrx_word' id='word_1_173' title='bbox 286 1795 452 1828; x_wconf 85' lang='lat' dir='ltr'>decimam</span> <span class='ocrx_word' id='word_1_174' title='bbox 478 1799 513 1828; x_wconf 90' lang='lat' dir='ltr'>et</span> <span class='ocrx_word' id='word_1_175' title='bbox 536 1796 570 1828; x_wconf 85' lang='lat' dir='ltr'>in</span> <span class='ocrx_word' id='word_1_176' title='bbox 598 1797 677 1830; x_wconf 90' lang='lat' dir='ltr'>Vita</span> <span class='ocrx_word' id='word_1_177' title='bbox 702 1801 836 1840; x_wconf 86' lang='lat' dir='ltr'>poetae.</span> <span class='ocrx_word' id='word_1_178' title='bbox 897 1796 998 1830; x_wconf 88' lang='lat' dir='ltr'>Nunc</span> <span class='ocrx_word' id='word_1_179' title='bbox 1022 1798 1212 1840; x_wconf 86' lang='lat' dir='ltr'>relinquere</span> <span class='ocrx_word' id='word_1_180' title='bbox 1236 1808 1273 1831; x_wconf 84' lang='lat' dir='ltr'>se</span> <span class='ocrx_word' id='word_1_181' title='bbox 1303 1800 1390 1832; x_wconf 85' lang='lat' dir='ltr'>velle</span> 
     </span>
     <span class='ocr_line' id='line_1_23' title="bbox 47 1862 1388 1905; baseline 0 -9"><span class='ocrx_word' id='word_1_182' title='bbox 47 1862 111 1896; x_wconf 85' lang='lat' dir='ltr'>hoc</span> <span class='ocrx_word' id='word_1_183' title='bbox 136 1873 244 1905; x_wconf 86' lang='lat' dir='ltr'>genus</span> <span class='ocrx_word' id='word_1_184' title='bbox 269 1863 358 1896; x_wconf 79' lang='lat' dir='ltr'>vitae</span> <span class='ocrx_word' id='word_1_185' title='bbox 384 1862 564 1905; x_wconf 82' lang='lat' dir='ltr'>significat.</span> <span class='ocrx_word' id='word_1_186' title='bbox 615 1863 796 1897; x_wconf 83' lang='lat' dir='ltr'>Invitatum</span> <span class='ocrx_word' id='word_1_187' title='bbox 825 1874 906 1897; x_wconf 83' lang='lat' dir='ltr'>vero</span> <span class='ocrx_word' id='word_1_188' title='bbox 935 1874 1012 1897; x_wconf 89' lang='lat' dir='ltr'>eum</span> <span class='ocrx_word' id='word_1_189' title='bbox 1037 1874 1056 1896; x_wconf 89' lang='lat' dir='ltr'>a</span> <span class='ocrx_word' id='word_1_190' title='bbox 1083 1863 1233 1897; x_wconf 84' lang='lat' dir='ltr'>Messala</span> <span class='ocrx_word' id='word_1_191' title='bbox 1259 1863 1300 1896; x_wconf 91' lang='lat' dir='ltr'>ad</span> <span class='ocrx_word' id='word_1_192' title='bbox 1327 1875 1388 1897; x_wconf 92' lang='lat' dir='ltr'>no—</span> 
     </span>
     <span class='ocr_line' id='line_1_24' title="bbox 46 1926 1387 1971; baseline 0 -9"><span class='ocrx_word' id='word_1_193' title='bbox 46 1940 124 1962; x_wconf 83' lang='lat' dir='ltr'>vum</span> <span class='ocrx_word' id='word_1_194' title='bbox 151 1929 295 1969; x_wconf 85' lang='lat' dir='ltr'>bellum,</span> <span class='ocrx_word' id='word_1_195' title='bbox 331 1926 407 1961; x_wconf 80' lang='lat' dir='ltr'>huic</span> <span class='ocrx_word' id='word_1_196' title='bbox 433 1928 663 1971; x_wconf 83' lang='lat' dir='ltr'>respondere,</span> <span class='ocrx_word' id='word_1_197' title='bbox 691 1932 724 1961; x_wconf 89' lang='lat' dir='ltr'>et</span> <span class='ocrx_word' id='word_1_198' title='bbox 750 1927 835 1962; x_wconf 78' lang='lat' dir='ltr'>lianc</span> <span class='ocrx_word' id='word_1_199' title='bbox 861 1939 995 1962; x_wconf 85' lang='lat' dir='ltr'>causam</span> <span class='ocrx_word' id='word_1_200' title='bbox 1022 1939 1097 1961; x_wconf 81' lang='lat' dir='ltr'>esse</span> <span class='ocrx_word' id='word_1_201' title='bbox 1128 1929 1277 1971; x_wconf 83' lang='lat' dir='ltr'>elegiae,</span> <span class='ocrx_word' id='word_1_202' title='bbox 1302 1929 1387 1962; x_wconf 80' lang='lat' dir='ltr'>infra</span> 
     </span>
     <span class='ocr_line' id='line_1_25' title="bbox 47 1993 1388 2036; baseline 0 -9"><span class='ocrx_word' id='word_1_203' title='bbox 47 1994 180 2027; x_wconf 89' lang='lat' dir='ltr'>demum</span> <span class='ocrx_word' id='word_1_204' title='bbox 206 2004 258 2026; x_wconf 85' lang='lat' dir='ltr'>vv.</span> <span class='ocrx_word' id='word_1_205' title='bbox 279 1994 335 2026; x_wconf 82' lang='lat'>54.</span> <span class='ocrx_word' id='word_1_206' title='bbox 359 1996 416 2026; x_wconf 80' lang='lat'>75.</span> <span class='ocrx_word' id='word_1_207' title='bbox 443 1993 684 2036; x_wconf 84' lang='lat' dir='ltr'>intelligimus3</span> <span class='ocrx_word' id='word_1_208' title='bbox 713 2004 823 2036; x_wconf 89' lang='lat' dir='ltr'>neque</span> <span class='ocrx_word' id='word_1_209' title='bbox 846 1994 935 2027; x_wconf 88' lang='lat' dir='ltr'>enim</span> <span class='ocrx_word' id='word_1_210' title='bbox 959 1993 1001 2027; x_wconf 89' lang='lat' dir='ltr'>ab</span> <span class='ocrx_word' id='word_1_211' title='bbox 1025 2004 1090 2027; x_wconf 81' lang='lat' dir='ltr'>ovo</span> <span class='ocrx_word' id='word_1_212' title='bbox 1114 1993 1291 2027; x_wconf 87' lang='lat' dir='ltr'>ordiuntur</span> <span class='ocrx_word' id='word_1_213' title='bbox 1316 1995 1388 2027; x_wconf 91' lang='lat' dir='ltr'>ele-</span> 
     </span>
     <span class='ocr_line' id='line_1_26' title="bbox 44 2058 1385 2103; baseline 0.001 -12"><span class='ocrx_word' id='word_1_214' title='bbox 44 2059 141 2100; x_wconf 84' lang='lat' dir='ltr'>giae,</span> <span class='ocrx_word' id='word_1_215' title='bbox 170 2058 231 2091; x_wconf 87' lang='lat' dir='ltr'>sed</span> <span class='ocrx_word' id='word_1_216' title='bbox 256 2068 275 2090; x_wconf 90' lang='lat' dir='ltr'>a</span> <span class='ocrx_word' id='word_1_217' title='bbox 300 2068 429 2091; x_wconf 79' lang='lat' dir='ltr'>summa</span> <span class='ocrx_word' id='word_1_218' title='bbox 456 2059 624 2092; x_wconf 89' lang='lat' dir='ltr'>sententia</span> <span class='ocrx_word' id='word_1_219' title='bbox 651 2059 853 2101; x_wconf 81' lang='lat' dir='ltr'>argumenti.</span> <span class='ocrx_word' id='word_1_220' title='bbox 878 2077 925 2084; x_wconf 94' lang='lat'>—-</span> <span class='ocrx_word' id='word_1_221' title='bbox 949 2070 1081 2101; x_wconf 88' lang='lat' dir='ltr'>auro,</span> <span class='ocrx_word' id='word_1_222' title='bbox 1106 2070 1149 2093; x_wconf 87' lang='lat' dir='ltr'>ex</span> <span class='ocrx_word' id='word_1_223' title='bbox 1173 2059 1297 2103; x_wconf 87' lang='lat' dir='ltr'>praeda</span> <span class='ocrx_word' id='word_1_224' title='bbox 1322 2062 1385 2093; x_wconf 80' lang='lat' dir='ltr'>mi—</span> 
     </span>
     <span class='ocr_line' id='line_1_27' title="bbox 47 2124 1386 2168; baseline 0.001 -11"><span class='ocrx_word' id='word_1_225' title='bbox 47 2125 147 2166; x_wconf 86' lang='lat' dir='ltr'>litari,</span> <span class='ocrx_word' id='word_1_226' title='bbox 175 2129 213 2157; x_wconf 88' lang='lat' dir='ltr'>ut</span> <span class='ocrx_word' id='word_1_227' title='bbox 237 2135 341 2168; x_wconf 83' lang='lat' dir='ltr'>saepe</span> <span class='ocrx_word' id='word_1_228' title='bbox 367 2124 491 2168; x_wconf 87' lang='lat' dir='ltr'>praeda</span> <span class='ocrx_word' id='word_1_229' title='bbox 519 2124 641 2158; x_wconf 87' lang='lat' dir='ltr'>bellica</span> <span class='ocrx_word' id='word_1_230' title='bbox 667 2130 893 2162; x_wconf 85' lang='lat' dir='ltr'>memoratur,</span> <span class='ocrx_word' id='word_1_231' title='bbox 918 2125 961 2159; x_wconf 85' lang='lat' dir='ltr'>cf.</span> <span class='ocrx_word' id='word_1_232' title='bbox 986 2125 1064 2159; x_wconf 92' lang='lat' dir='ltr'>Tib.</span> <span class='ocrx_word' id='word_1_233' title='bbox 1089 2125 1116 2167; x_wconf 88' lang='lat' dir='ltr'>I,</span> <span class='ocrx_word' id='word_1_234' title='bbox 1140 2128 1175 2167; x_wconf 86' lang='lat'>2,</span> <span class='ocrx_word' id='word_1_235' title='bbox 1199 2128 1256 2159; x_wconf 84' lang='lat'>68.</span> <span class='ocrx_word' id='word_1_236' title='bbox 1284 2125 1327 2167; x_wconf 79' lang='grc' dir='ltr'>Π,</span> <span class='ocrx_word' id='word_1_237' title='bbox 1352 2129 1386 2167; x_wconf 82' lang='grc'>3,</span> 
     </span>
     <span class='ocr_line' id='line_1_28' title="bbox 43 2190 1387 2234; baseline -0.001 -8"><span class='ocrx_word' id='word_1_238' title='bbox 43 2196 101 2226; x_wconf 83' lang='grc'>35.</span> <span class='ocrx_word' id='word_1_239' title='bbox 150 2193 337 2225; x_wconf 69' lang='lat' dir='ltr'>Pnopmvr.</span> <span class='ocrx_word' id='word_1_240' title='bbox 363 2190 424 2233; x_wconf 91' lang='lat' dir='ltr'>lll,</span> <span class='ocrx_word' id='word_1_241' title='bbox 445 2193 478 2233; x_wconf 79' lang='lat'>4,</span> <span class='ocrx_word' id='word_1_242' title='bbox 507 2193 538 2226; x_wconf 85' lang='lat'>1.</span> <span class='ocrx_word' id='word_1_243' title='bbox 565 2194 598 2233; x_wconf 85' lang='lat'>5,</span> <span class='ocrx_word' id='word_1_244' title='bbox 619 2194 652 2225; x_wconf 86' lang='lat'>3.</span> <span class='ocrx_word' id='word_1_245' title='bbox 701 2191 789 2225; x_wconf 88' lang='lat' dir='ltr'>Nam</span> <span class='ocrx_word' id='word_1_246' title='bbox 817 2191 907 2225; x_wconf 92' lang='lat' dir='ltr'>bello</span> <span class='ocrx_word' id='word_1_247' title='bbox 926 2191 1061 2225; x_wconf 88' lang='lat' dir='ltr'>divitias</span> <span class='ocrx_word' id='word_1_248' title='bbox 1084 2191 1294 2234; x_wconf 84' lang='lat' dir='ltr'>quaerebant</span> <span class='ocrx_word' id='word_1_249' title='bbox 1315 2195 1387 2225; x_wconf 86' lang='lat' dir='ltr'>tum</span> 
     </span>
     <span class='ocr_line' id='line_1_29' title="bbox 44 2255 1386 2301; baseline 0 -11"><span class='ocrx_word' id='word_1_250' title='bbox 44 2258 157 2299; x_wconf 75' lang='lat' dir='ltr'>vulgo.</span> <span class='ocrx_word' id='word_1_251' title='bbox 183 2274 230 2282; x_wconf 92' lang='lat'>—</span> <span class='ocrx_word' id='word_1_252' title='bbox 264 2255 450 2300; x_wconf 85' lang='lat' dir='ltr'>Epitheton</span> <span class='ocrx_word' id='word_1_253' title='bbox 479 2256 670 2298; x_wconf 84' lang='lat' dir='ltr'>fulvum,</span> <span class='ocrx_word' id='word_1_254' title='bbox 705 2257 770 2290; x_wconf 87' lang='lat' dir='ltr'>etsi</span> <span class='ocrx_word' id='word_1_255' title='bbox 803 2261 1004 2301; x_wconf 88' lang='lat' dir='ltr'>perpetuum</span> <span class='ocrx_word' id='word_1_256' title='bbox 1033 2258 1106 2290; x_wconf 90' lang='lat' dir='ltr'>auri</span> <span class='ocrx_word' id='word_1_257' title='bbox 1139 2257 1229 2300; x_wconf 90' lang='lat' dir='ltr'>quod</span> <span class='ocrx_word' id='word_1_258' title='bbox 1260 2257 1386 2299; x_wconf 79' lang='lat' dir='ltr'>dicunt,</span> 
     </span>
     <span class='ocr_line' id='line_1_30' title="bbox 43 2322 1385 2367; baseline -0.001 -10"><span class='ocrx_word' id='word_1_259' title='bbox 43 2330 153 2357; x_wconf 89' lang='lat' dir='ltr'>tamen</span> <span class='ocrx_word' id='word_1_260' title='bbox 190 2323 325 2356; x_wconf 88' lang='lat' dir='ltr'>minime</span> <span class='ocrx_word' id='word_1_261' title='bbox 358 2323 505 2356; x_wconf 89' lang='lat' dir='ltr'>otiosum</span> <span class='ocrx_word' id='word_1_262' title='bbox 540 2334 614 2356; x_wconf 89' lang='lat' dir='ltr'>esse</span> <span class='ocrx_word' id='word_1_263' title='bbox 647 2325 783 2357; x_wconf 79' lang='lat' dir='ltr'>senties.</span> <span class='ocrx_word' id='word_1_264' title='bbox 833 2325 987 2367; x_wconf 89' lang='lat' dir='ltr'>Denique</span> <span class='ocrx_word' id='word_1_265' title='bbox 1023 2334 1089 2357; x_wconf 91' lang='lat' dir='ltr'>non</span> <span class='ocrx_word' id='word_1_266' title='bbox 1123 2324 1244 2366; x_wconf 82' lang='lat' dir='ltr'>iunges</span> <span class='ocrx_word' id='word_1_267' title='bbox 1275 2322 1385 2356; x_wconf 65' lang='lat' dir='ltr'>divi-2</span> 
     </span>
     <span class='ocr_line' id='line_1_31' title="bbox 44 2388 1383 2432; baseline -0.001 -9"><span class='ocrx_word' id='word_1_268' title='bbox 44 2391 130 2423; x_wconf 87' lang='lat' dir='ltr'>tias</span> <span class='ocrx_word' id='word_1_269' title='bbox 156 2388 280 2421; x_wconf 68' lang='lat' dir='ltr'>fulvo</span> <span class='ocrx_word' id='word_1_270' title='bbox 310 2397 418 2421; x_wconf 88' lang='lat' dir='ltr'>auro</span> <span class='ocrx_word' id='word_1_271' title='bbox 453 2398 503 2431; x_wconf 89' lang='lat' dir='ltr'>pr.</span> <span class='ocrx_word' id='word_1_272' title='bbox 529 2388 610 2421; x_wconf 84' lang='lat' dir='ltr'>fulvi</span> <span class='ocrx_word' id='word_1_273' title='bbox 636 2390 729 2430; x_wconf 80' lang='lat' dir='ltr'>auri,</span> <span class='ocrx_word' id='word_1_274' title='bbox 762 2389 822 2422; x_wconf 89' lang='lat' dir='ltr'>sed</span> <span class='ocrx_word' id='word_1_275' title='bbox 857 2393 1076 2432; x_wconf 86' lang='lat' dir='ltr'>congerat</span> <span class='ocrx_word' id='word_1_276' title='bbox 1111 2389 1241 2423; x_wconf 87' lang='lat' dir='ltr'>fulvo</span> <span class='ocrx_word' id='word_1_277' title='bbox 1275 2400 1383 2423; x_wconf 90' lang='lat' dir='ltr'>auro</span> 
     </span>
     <span class='ocr_line' id='line_1_32' title="bbox 42 2457 1386 2501; baseline 0.001 -12"><span class='ocrx_word' id='word_1_278' title='bbox 42 2461 170 2500; x_wconf 84' lang='lat' dir='ltr'>parato.</span> <span class='ocrx_word' id='word_1_279' title='bbox 183 2475 228 2481; x_wconf 89' lang='lat'>—-—</span> <span class='ocrx_word' id='word_1_280' title='bbox 246 2457 287 2491; x_wconf 88' lang='lat' dir='ltr'>V.</span> <span class='ocrx_word' id='word_1_281' title='bbox 300 2459 334 2491; x_wconf 79' lang='lat'>2.</span> <span class='ocrx_word' id='word_1_282' title='bbox 356 2457 514 2499; x_wconf 85' lang='lat' dir='ltr'>iugera</span> <span class='ocrx_word' id='word_1_283' title='bbox 533 2457 629 2490; x_wconf 90' lang='lat' dir='ltr'>soli.</span> <span class='ocrx_word' id='word_1_284' title='bbox 656 2458 772 2491; x_wconf 86' lang='lat' dir='ltr'>Possis</span> <span class='ocrx_word' id='word_1_285' title='bbox 786 2458 974 2501; x_wconf 86' lang='lat' dir='ltr'>intelligere</span> <span class='ocrx_word' id='word_1_286' title='bbox 987 2462 1138 2491; x_wconf 87' lang='lat' dir='ltr'>coemtos</span> <span class='ocrx_word' id='word_1_287' title='bbox 1151 2468 1169 2491; x_wconf 90' lang='lat' dir='ltr'>a</span> <span class='ocrx_word' id='word_1_288' title='bbox 1185 2458 1386 2501; x_wconf 86' lang='lat' dir='ltr'>praedatore</span> 
     </span>
     <span class='ocr_line' id='line_1_33' title="bbox 42 2520 1382 2565; baseline 0.001 -11"><span class='ocrx_word' id='word_1_289' title='bbox 42 2521 148 2554; x_wconf 88' lang='lat' dir='ltr'>milite</span> <span class='ocrx_word' id='word_1_290' title='bbox 174 2526 251 2565; x_wconf 88' lang='lat' dir='ltr'>post</span> <span class='ocrx_word' id='word_1_291' title='bbox 277 2521 402 2555; x_wconf 91' lang='lat' dir='ltr'>bellum</span> <span class='ocrx_word' id='word_1_292' title='bbox 427 2531 541 2564; x_wconf 81' lang='lat' dir='ltr'>agros,</span> <span class='ocrx_word' id='word_1_293' title='bbox 569 2520 611 2554; x_wconf 85' lang='lat' dir='ltr'>cf.</span> <span class='ocrx_word' id='word_1_294' title='bbox 638 2521 682 2563; x_wconf 92' lang='lat' dir='ltr'>ll,</span> <span class='ocrx_word' id='word_1_295' title='bbox 707 2524 740 2563; x_wconf 87' lang='lat'>3,</span> <span class='ocrx_word' id='word_1_296' title='bbox 761 2524 829 2564; x_wconf 62' lang='lat'>41„</span> <span class='ocrx_word' id='word_1_297' title='bbox 854 2523 914 2556; x_wconf 89' lang='lat' dir='ltr'>sed</span> <span class='ocrx_word' id='word_1_298' title='bbox 939 2524 1105 2557; x_wconf 89' lang='lat' dir='ltr'>malumus</span> <span class='ocrx_word' id='word_1_299' title='bbox 1129 2535 1206 2557; x_wconf 86' lang='lat' dir='ltr'>cum</span> <span class='ocrx_word' id='word_1_300' title='bbox 1233 2524 1382 2557; x_wconf 72' lang='lat' dir='ltr'>HuYNio</span> 
     </span>
     <span class='ocr_line' id='line_1_34' title="bbox 43 2588 1384 2633; baseline 0.002 -13"><span class='ocrx_word' id='word_1_301' title='bbox 43 2588 288 2630; x_wconf 71' lang='lat' dir='ltr'>assignationes</span> <span class='ocrx_word' id='word_1_302' title='bbox 313 2599 472 2632; x_wconf 79' lang='lat' dir='ltr'>agrorum</span> <span class='ocrx_word' id='word_1_303' title='bbox 499 2588 652 2632; x_wconf 83' lang='lat' dir='ltr'>cogitare</span> <span class='ocrx_word' id='word_1_304' title='bbox 678 2589 709 2621; x_wconf 89' lang='lat' dir='ltr'>in</span> <span class='ocrx_word' id='word_1_305' title='bbox 735 2589 833 2622; x_wconf 87' lang='lat' dir='ltr'>bellis</span> <span class='ocrx_word' id='word_1_306' title='bbox 858 2590 1011 2624; x_wconf 81' lang='lat' dir='ltr'>civilibus</span> <span class='ocrx_word' id='word_1_307' title='bbox 1036 2591 1281 2632; x_wconf 82' lang='lat' dir='ltr'>usitatissimas,</span> <span class='ocrx_word' id='word_1_308' title='bbox 1307 2591 1384 2633; x_wconf 86' lang='lat' dir='ltr'>qui-</span> 
     </span>
     <span class='ocr_line' id='line_1_35' title="bbox 45 2653 1385 2702; baseline 0.003 -16"><span class='ocrx_word' id='word_1_309' title='bbox 45 2653 106 2686; x_wconf 87' lang='lat' dir='ltr'>bus</span> <span class='ocrx_word' id='word_1_310' title='bbox 132 2653 339 2688; x_wconf 86' lang='lat' dir='ltr'>donabantur</span> <span class='ocrx_word' id='word_1_311' title='bbox 364 2655 509 2696; x_wconf 87' lang='lat' dir='ltr'>milites,</span> <span class='ocrx_word' id='word_1_312' title='bbox 541 2659 578 2688; x_wconf 92' lang='lat' dir='ltr'>ut</span> <span class='ocrx_word' id='word_1_313' title='bbox 611 2659 789 2700; x_wconf 87' lang='lat' dir='ltr'>utrumque</span> <span class='ocrx_word' id='word_1_314' title='bbox 821 2667 930 2700; x_wconf 84' lang='lat' dir='ltr'>genus</span> <span class='ocrx_word' id='word_1_315' title='bbox 963 2657 1154 2692; x_wconf 89' lang='lat' dir='ltr'>divitiarum</span> <span class='ocrx_word' id='word_1_316' title='bbox 1180 2657 1308 2702; x_wconf 83' lang='lat' dir='ltr'>pariter</span> <span class='ocrx_word' id='word_1_317' title='bbox 1333 2657 1385 2690; x_wconf 86' lang='lat' dir='ltr'>di·-</span> 
     </span>
    </p>
   </div>
  </div>
 </body>
</html>
