1721 2953
485 113 628 154 LIBR.
658 113 690 151 I.
747 111 906 152 ELEG.
935 111 1009 153 VI.
1356 117 1429 152 135

87 231 151 264 iam
176 230 352 263 monitum.
400 227 478 261 Non
503 226 649 283 sustinet
674 234 792 258 carere
818 225 934 266 Delia,
969 229 1081 259 tamen
1113 225 1285 259 severiore
1309 229 1428 257 custo-

87 297 142 329 dia
171 306 267 340 opus,
293 304 399 338 quare
423 303 510 326 nunc
535 294 665 325 mutata
690 290 858 324 sententia
884 291 974 324 aliud
1002 291 1275 324 comminiscitur.
1325 290 1429 332 Inge-

86 373 151 396 nue
174 363 299 395 fatetur
323 364 358 394 et
381 359 506 393 indicat
531 359 651 392 marito
674 359 706 391 in
730 357 950 400 sequentibus
975 367 1124 390 amorem
1151 366 1247 389 suum
1266 358 1300 388 et
1325 365 1430 398 saepe

85 434 231 464 structas
255 428 403 469 insidias,
429 430 466 459 ut
491 425 545 459 bic
570 436 670 469 quem
696 425 885 468 comperiat
910 425 975 457 iam
997 428 1075 457 ante
1101 435 1198 457 usum
1224 433 1299 457 cum
1320 432 1429 455 uxore

86 495 252 536 babuisse,
286 498 320 528 et
347 493 496 526 fallacias
521 493 594 525 eius
620 503 720 525 nosse
746 502 874 533 omnes,
905 492 937 524 ei
961 501 1026 524 non
1053 491 1185 524 dubitet
1214 490 1428 523 committere

84 561 258 594 custodiae
289 564 440 604 partem,
476 559 504 592 si
535 559 638 592 modo
671 560 728 592 alii
763 569 880 592 omnes
914 558 1135 591 excludantur
1171 561 1322 590 amantes
1348 560 1428 590 eta

83 626 300 658 dissolutiore
326 625 395 658 vita
419 624 517 657 Delia
548 624 745 657 retineatur.
796 623 874 656 Hoc
901 623 1005 665 igitur
1039 634 1128 656 nunc
1162 623 1322 667 proponit
1355 632 1429 656 ma-

83 693 158 725 rito.
209 693 260 725 De
285 693 394 734 figura
421 694 571 724 mutatae
594 690 783 723 sententiae
808 690 1007 723 suavissima
1031 689 1120 734 apud
1146 690 1320 723 Tibullum
1344 688 1427 722 satis

83 758 230 801 explicui
263 758 296 790 in
330 758 578 791 Dissertatione
607 757 649 790 de
673 757 776 791 Poesi
801 757 884 790 eius.
918 776 963 780 —
1002 757 1042 790 V.
1067 759 1113 789 25
1139 768 1190 799 sq.
1229 766 1427 799 gemmas

82 823 351 866 signumque
386 825 513 868 optime
551 825 700 857 restituit
735 824 987 857 LACHMANNUS
1026 834 1075 867 pr.
1114 822 1308 868 signanus-e.
1356 824 1428 856 Pu-

82 888 150 920 tida
177 893 229 921 est
251 889 422 932 oppositio
448 889 482 921 in
508 888 611 921 rebus
638 894 704 921 tam
731 893 825 921 arcte
851 889 1050 922 coniunctis.
1100 889 1262 922 Ceterum
1288 899 1354 922 non
1376 892 1429 921 est

80 954 191 995 figura
223 954 256 986 ἓν
289 951 347 986 dm*
381 955 497 993 δυοῖν,
534 958 572 987 ut
598 955 698 988 etiam
724 955 1044 988 WUNDERmcmth
1071 957 1198 988 monet.
1249 953 1430 987 Laudabat

81 1029 290 1061 gemmarum
315 1020 555 1064 praestantiam
580 1024 614 1053 et
634 1021 819 1063 signorum,
847 1021 880 1054 in
904 1021 945 1054 iis
971 1031 1058 1063 quae
1084 1030 1256 1064 expressa.
1305 1020 1427 1053 Fuisse

82 1090 194 1119 autem
219 1087 307 1119 inter
331 1087 515 1119 amantium
540 1090 632 1119 artes
657 1091 815 1130 spectare
840 1088 983 1120 annulos
1008 1087 1214 1129 digitorum,
1252 1087 1424 1120 BRoucK-

82 1164 208 1186 lmsms
234 1153 300 1186 alio
326 1154 483 1196 exemplo
511 1154 667 1196 illustrat,
692 1155 830 1187 Pnffl'r.
857 1154 949 1187 Asin.
969 1153 1029 1194 IV,
1052 1155 1084 1194 1,
1104 1156 1172 1194 33.,
1201 1153 1303 1185 etiam
1320 1152 1427 1185 ΗΕΥῃ

80 1229 143 1251 NIO
169 1222 319 1251 notante.
367 1217 491 1251 Eidem
520 1219 616 1252 eius
641 1220 738 1252 nimis
765 1223 867 1251 tenue
894 1222 929 1251 et
959 1219 1048 1251 exile
1074 1218 1263 1259 videbatur,
1290 1217 1350 1250 sed
1370 1218 1425 1250 vix

81 1289 184 1318 recte.
234 1285 312 1328 Ipse
338 1285 438 1318 affert
464 1285 649 1318 Bmwmn
674 1287 856 1328 iudicium,
889 1287 947 1329 qui
973 1288 1005 1320 in
1031 1287 1138 1328 elegis
1166 1286 1199 1318 id
1225 1285 1357 1319 ferebat
1382 1286 1426 1319 ad

78 1349 221 1382 HoRA'r-
246 1349 308 1390 III,
336 1352 390 1391 11,
420 1352 472 1382 18.
499 1367 543 1374 —·
579 1350 666 1383 Per
691 1360 886 1391 causam,
920 1348 1009 1381 και-ιὶ
1035 1348 1203 1395 πρόφασιν
1228 1355 1266 1384 ut
1292 1355 1421 1384 notum.

78 1413 167 1448 Vide
202 1414 393 1447 Daunum.
428 1414 472 1447 ad
508 1414 583 1448 Liv.
608 1414 652 1456 11,
678 1416 736 1447 32.
794 1414 978 1458 Comparat
1011 1416 1332 1449 WUNDERmcnms
1362 1429 1426 1460 per

77 1481 222 1525 speciem
246 1482 372 1515 TAcrr.
403 1482 492 1514 Hist.
519 1482 546 1522 Ι,
571 1484 648 1517 71.,
682 1493 746 1525 per
774 1480 1034 1513 simulationem
1069 1481 1097 1524 Ι,
1124 1485 1181 1516 74.
1211 1500 1256 1508 —
1302 1483 1342 1516 V.
1367 1485 1424 1515 28.

77 1549 242 1582 Sobria
267 1549 429 1592 pocula
454 1548 547 1590 dicit,
570 1559 647 1581 cum
673 1559 759 1591 aqua
785 1559 848 1592 pro
874 1549 952 1581 vino
977 1550 1155 1593 supposita
1175 1554 1278 1583 esset.
1328 1550 1422 1583 Infra

76 1614 119 1655 ΙΙ,
150 1616 179 1655 1,
201 1616 265 1647 46:
298 1612 414 1646 sobria
438 1612 596 1657 lympha.
646 1614 816 1647 Hermus
843 1618 1021 1658 praeterea
1046 1616 1210 1650 PLA'roN.
1237 1616 1280 1649 de
1308 1616 1421 1659 Legg.

78 1680 136 1720 VI,
171 1692 204 1723 p.
230 1683 309 1712 773.
346 1680 388 1713 D.
422 1679 556 1721 laudat,
593 1680 650 1722 qui
688 1677 767 1711 &adv
800 1676 949 1724 νήφοντα
984 1682 1066 1715 dicit
1093 1694 1235 1725 aquam,
1274 1684 1317 1717 de
1355 1695 1422 1727 quo

77 1747 291 1779 Ptuzrmcn.
319 1745 361 1777 de
385 1745 472 1778 And.
509 1745 607 1777 Poet.
633 1755 662 1776 c.
686 1747 718 1776 3.
744 1762 788 1767 —
830 1745 1002 1787 victor,
1041 1751 1078 1778 ut
1105 1748 1135 1780 in
1162 1749 1347 1782 certamine
1374 1749 1424 1781 bi-

77 1812 188 1845 bendi.
217 1829 263 1837 —
301 1812 342 1845 V.
368 1814 426 1845 29.
453 1810 667 1854 prudens,
701 1812 834 1853 sciens,
860 1812 1034 1853 consulto,
1060 1812 1121 1845 sed
1144 1814 1278 1846 turbata
1311 1819 1424 1848 mente

78 1879 164 1919 feci,
203 1883 238 1912 et
264 1879 406 1922 abrepta
431 1879 462 1910 vi
488 1878 624 1912 amoris.
674 1879 847 1921 Perpetua
873 1880 1050 1912 excusatIo
1074 1880 1288 1921 amantium,
1320 1881 1424 1913 Amo-

76 1956 147 1979 rem
174 1946 322 1986 iussisse,
351 1945 576 1988 improbante,
602 1949 640 1978 ut
666 1945 826 1978 VULPms
853 1948 959 1986 notat,
986 1948 1136 1978 Auctore
1162 1932 1424 1978 Rhetoricorum

76 2013 118 2046 ad
146 2012 354 2046 Herennium
378 2011 423 2053 ll,
451 2014 506 2044 16.
535 2029 579 2035 —
620 2011 660 2042 V.
687 2013 743 2044 32.
788 2010 1017 2052 Instabat,
1056 2010 1191 2044 latratu.
1251 2011 1423 2044 Solemnis

76 2082 192 2111 custos
218 2078 404 2121 puellarum
431 2077 523 2109 canis
548 2077 707 2118 alligata,
744 2075 787 2110 cf.
813 2075 899 2109 infra
923 2076 968 2118 Π,
993 2079 1026 2118 4,
1049 2080 1106 2110 32.
1149 2078 1337 2110 Pnopnn'r.
1364 2077 1425 2119 IV,

75 2149 109 2188 5,
136 2149 192 2179 71.
227 2146 370 2178 Hoavr.
395 2145 506 2188 Epod.
536 2145 575 2186 V,
601 2148 658 2178 57.
694 2145 829 2177 simae.
856 2143 1019 2178 controv.
1043 2148 1113 2187 30„
1139 2156 1227 2188 quae
1254 2145 1424 2177 Bnoucx-

77 2223 204 2245 nusms
237 2216 343 2245 notat.
394 2212 480 2245 Add.
514 2212 634 2245 Banu.
671 2212 714 2245 ad
750 2210 885 2244 Anthol.
921 2213 998 2245 Lat.
1034 2212 1076 2246 T.
1112 2212 1155 2246 II.
1192 2225 1225 2257 p.
1261 2215 1343 2245 293.
1380 2230 1424 2235 —-

76 2278 117 2311 V.
143 2281 189 2311 34
212 2289 285 2320 sqq.
314 2278 490 2311 frustra
515 2278 657 2311 clavis
682 2280 804 2311 inest
831 2279 1028 2320 foribus,
1054 2279 1096 2313 cs.
1124 2291 1227 2323 supra
1252 2280 1278 2320 l,
1304 2282 1338 2320 2,
1368 2281 1421 2312 18,

77 2343 127 2376 De
147 2345 315 2388 positione
334 2347 536 2385 servare,
557 2344 748 2386 frustra,
770 2346 905 2378 minime
925 2346 1104 2388 frequenti,
1126 2346 1170 2380 cf.
1191 2348 1420 2380 SanfflnnR.

78 2411 268 2443 Grammat.
295 2410 371 2442 Lat.
407 2411 506 2443 Tom.
535 2410 577 2450 ΙΙ,
615 2422 647 2453 p.
675 2413 755 2444 690.
808 2411 948 2444 Videbis
972 2415 1086 2444 tamen
1113 2412 1157 2444 ibi
1184 2416 1277 2445 certa
1304 2423 1421 2445 exeni-

77 2477 143 2520 pla.
171 2495 213 2501 —
251 2478 367 2510 alios
405 2478 616 2521 suspirat
649 2488 842 2519 amores,
881 2479 984 2512 alium
1019 2483 1187 2512 amantem
1225 2480 1354 2522 cogitat
1389 2485 1424 2511 et

77 2543 259 2576 desiderat.
309 2544 401 2577 lusia
423 2544 483 2584 lv,
510 2546 544 2585 5,
574 2546 633 2576 ll:
673 2543 805 2587 Quodsi
831 2543 934 2588 forte
968 2544 1057 2576 alios
1091 2544 1162 2576 iam
1189 2557 1282 2577 nunc
1305 2545 1422 2588 suspi-

75 2614 134 2640 rat
161 2620 306 2642 amores.
344 2610 469 2643 ΙυνΕΝ.
496 2608 558 2650 Xl,
586 2612 669 2643 153:
709 2609 867 2653 suspirat
906 2610 1008 2655 longo
1043 2623 1110 2643 non
1137 2611 1247 2644 visam
1274 2617 1425 2655 tempore
