1721 2953
283 126 333 163 45
343 129 363 162 2
590 119 962 165 COMMENTAR.
992 125 1050 167 IN
1081 125 1308 166 TIBULLI

284 240 460 277 aetherio,
493 250 560 284 quo
585 240 664 274 nihil
692 240 744 274 hic
769 240 911 275 otiosius
937 246 970 275 et
996 241 1148 276 ieiunius,
1198 242 1249 276 De
1273 241 1451 275 altitudine
1479 241 1532 276 hic
1560 253 1627 275 non

262 308 398 350 >agitur
426 317 487 341 nec
522 306 604 339 dicit
636 311 759 350 poeta:
802 307 877 340 talis
906 308 938 341 iu
970 307 1110 341 aethere
1136 309 1363 350 Vertumnus,
1401 308 1460 341 sed
1493 308 1626 351 potius:

285 374 362 406 talis
400 371 489 416 apud
527 372 734 405 immortales
771 373 997 415 Vertumnus,
1048 373 1199 417 epitheto
1236 385 1323 407 nunc
1362 374 1404 407 ad
1443 374 1627 417 Olympum

284 442 455 471 revocato.
504 438 563 470 Sic
590 439 782 471 Pmmnns
817 448 879 481 pro
912 439 976 472 diis
1010 439 1254 472 immortalibus
1287 444 1462 472 aeternum
1496 440 1626 472 caelum

284 505 366 537 dicit
389 503 488 537 Nem.
516 503 582 545 VI,
607 506 649 537 3:
687 499 731 540 οἷς
764 500 805 535 'td
837 505 897 543 μὲν
930 502 1046 544 οὐδέν,
1086 501 1102 538 ὁ
1135 506 1172 537 δὲ
1203 501 1344 547 χάλκιος
1377 503 1524 544 ἀσφαλὲς
1558 507 1628 537 αἰὲν

284 569 361 607 ἕδος
391 572 480 608 μένει
516 567 668 614 οὐρανός.
727 571 909 615 Comparat
940 573 1047 615 igitur
1073 572 1230 606 Tibullus
1263 573 1440 606 mortalem
1468 573 1626 607 seminam

284 648 360 671 cum
398 638 578 671 immortali
611 637 688 671 deo.
719 656 760 662 -
821 640 949 672 mille
986 639 1206 673 decenter
1240 639 1390 674 habet.
1455 641 1494 675 In
1528 652 1630 685 prosa

285 705 438 739 oratione
463 705 627 739 dixisses:
664 716 791 748 eosque
818 706 981 739 decenter
1009 706 1121 740 habet.
1180 707 1249 740 Sed
1277 705 1339 740 hoc
1363 717 1430 740 non
1455 709 1626 751 poeticum

285 777 356 813 est,
390 772 480 806 unde
508 773 634 806 mille
664 773 887 817 repetendum
913 774 987 808 fuit.
1036 775 1201 808 Similiter
1225 774 1331 807 Ovm.
1359 774 1491 807 Amorr.
1515 774 1568 813 ll,
1595 777 1630 815 5,

283 841 341 874 43.
367 838 525 872 laudante
550 839 827 874 Bnoucmmsro:
852 842 994 874 Moesta
1018 847 1097 873 erat
1121 840 1158 873 in
1184 840 1287 873 vultu
1314 845 1446 872 moesta
1472 839 1630 871 decenter

284 911 374 938 erat.
446 905 606 939 ceterum
640 907 696 948 qui
732 908 986 950 comparatione
1021 907 1180 939 similium
1217 907 1370 939 locorum
1404 905 1629 945 delectantur,

284 971 420 1004 videant
453 971 713 1015 descriptionem
747 972 873 1005 Ovum
905 973 991 1005 Met.
1023 972 1125 1013 VIII,
1150 974 1196 1004 25
1222 982 1295 1014 sqq.
1321 990 1368 996 —
1416 971 1458 1004 V.
1484 973 1527 1003 15
1555 981 1628 1012 sqq.

285 1039 400 1071 Solam
423 1038 609 1082 Sulpiciam
635 1039 886 1082 pretiosissimis
911 1039 1062 1072 vestibus
1089 1043 1123 1072 et
1147 1039 1352 1071 ornamentis
1377 1038 1512 1079 dignam
1536 1037 1628 1079 dicit,

284 1106 420 1137 mittens
440 1104 598 1136 nonnulla
621 1102 809 1137 huiusmodi
834 1104 943 1137 simul.
994 1104 1122 1136 Caris
1148 1103 1313 1145 succis,
1339 1104 1509 1146 pretiosis,
1539 1103 1629 1136 Suc-

284 1180 344 1203 cus
370 1173 482 1203 autem
505 1173 644 1202 notante
670 1170 810 1202 Vunmo
835 1169 993 1201 tribuitur
1027 1167 1212 1210 conchyliis
1247 1173 1281 1201 et
1313 1169 1437 1201 ceteris
1469 1168 1630 1211 piscibus,

282 1239 483 1282 praesertim
519 1242 605 1270 testa
638 1238 786 1270 munitis.
847 1237 895 1269 Ut
928 1246 995 1269 non
1031 1247 1116 1280 opus
1151 1238 1196 1270 sit
1229 1247 1306 1270 cum
1340 1236 1499 1269 Hnlem
1525 1234 1632 1280 sucis

285 1314 460 1347 reponere.
487 1322 533 1328 -
591 1303 658 1335 bis
692 1301 971 1344 madefacta,
1009 1301 1166 1346 dibapha.
1227 1302 1371 1336 HoRAT.
1404 1301 1516 1346 Epod.
1550 1301 1631 1341 XII,

284 1374 341 1404 21.
389 1372 497 1405 Pmn‘.
522 1370 592 1411 IX,
618 1372 674 1402 59.
709 1369 1178 1409 laudanteBaoncxnpsm:
1216 1369 1332 1412 Nepos
1359 1368 1538 1400 Cornelias
1572 1367 1633 1413 qui

286 1439 358 1471 (ἷίνί
382 1437 547 1482 Augusti
565 1435 772 1480 principata
799 1435 902 1471 obiit,
937 1446 1006 1470 me,
1042 1435 1180 1480 inquit,
1211 1434 1334 1466 iuvene
1359 1434 1514 1467 violacea
1542 1446 1632 1478 plcr-

284 1514 377 1548 pura
412 1500 573 1547 vigebat,
610 1500 711 1533 cuius
748 1499 838 1532 libra
870 1498 1025 1532 denariis
1057 1505 1195 1531 eunium
1230 1498 1389 1535 venibat,
1428 1512 1489 1532 nec
1521 1499 1632 1532 mullo

284 1575 365 1614 post
399 1566 507 1600 rubra
538 1566 742 1599 Tarentina.
793 1565 891 1597 Ηαὶε
922 1566 1091 1598 successit
1124 1565 1279 1609 dibapha
1307 1566 1436 1609 Zj'ria,
1473 1578 1563 1611 quae
1597 1566 1633 1598 in

287 1633 398 1667 libras
431 1632 584 1665 denariis
616 1632 709 1664 mille
742 1644 810 1664 non
837 1637 983 1675 poterat
1016 1631 1093 1664 emi.
1120 1650 1163 1656 —-
1222 1629 1390 1676 Dibaplzcz
1423 1637 1510 1664 tunc
1542 1632 1634 1664 dice-

289 1698 397 1731 batur
422 1709 512 1744 quae
539 1696 590 1730 bis
613 1697 728 1729 tincta
752 1703 861 1738 esset,
893 1696 1005 1728 veluti
1029 1696 1216 1741 magnifico
1239 1696 1423 1741 impendio.
1473 1698 1633 1732 Ceterum

287 1777 364 1799 cum
408 1766 441 1798 in
479 1764 677 1808 quibusdam
714 1764 808 1797 libris
842 1775 957 1797 errore
991 1775 1042 1808 pr.
1079 1764 1147 1797 bis
1181 1765 1224 1797 sit
1259 1769 1332 1799 ter,
1371 1763 1413 1797 de
1448 1764 1635 1806 quodixit

287 1831 517 1872 Hnscmmss,
554 1831 665 1863 ieiune
691 1830 841 1863 Vossms
867 1829 1003 1872 scripsit
1035 1828 1372 1873 ‚‚pern1cz‹lesacta“.
1421 1829 1519 1862 Talia
1545 1831 1632 1862 enim

287 1899 320 1932 in
349 1899 444 1942 poesi
471 1898 583 1930 ieiuna
617 1900 708 1929 sunt.
733 1914 779 1919 —-
827 1895 1187 1938 possideatque,
1220 1895 1252 1928 h.
1278 1905 1308 1928 e,
1336 1905 1422 1937 quae
1449 1895 1631 1938 possideat.

289 1963 387 1997 Conf.
423 1963 464 1996 ad
499 1963 536 2004 Ι,
569 1965 611 2003 8,
645 1964 702 1995 32.
740 1978 786 1984 —
834 1960 1056 1994 odoratae
1098 1961 1297 2004 segetis,
1340 1959 1373 1995 h.
1407 1971 1436 1994 e.
1474 1960 1633 1994 fruticum

288 2029 518 2062 odoratorum.
567 2028 702 2060 Smne.
726 2025 828 2060 Herc,
854 2026 917 2060 fur.
933 2029 1022 2059 909:
1048 2025 1216 2058 Indorum
1239 2037 1347 2071 seges.
1375 2026 1578 2060 CLAUDIAN.
1601 2026 1632 2059 d.

288 2096 395 2139 Nupt.
419 2095 548 2128 Honor.
571 2098 605 2126 et
630 2094 716 2126 Mar.
740 2096 806 2126 94:
833 2092 949 2125 casiae
974 2104 1082 2137 seges.
1132 2093 1228 2125 Dixit
1252 2102 1333 2125 vero
1358 2092 1526 2124 cumulate
1552 2089 1634 2123 bene

289 2160 463 2196 olentibus
489 2179 532 2186 —
559 2160 745 2200 odoratae,
779 2164 919 2204 propter
946 2160 1184 2204 praestantiam
1211 2159 1270 2192 rei.
1295 2177 1342 2183 --
1390 2159 1442 2192 De
1467 2158 1636 2191 Arabia

290 2229 460 2263 odorifera
484 2227 549 2261 vid.
566 2228 672 2260 Pm.
693 2228 734 2269 V,
754 2230 810 2262 11.
838 2228 944 2261 Ovm.
966 2228 1050 2261 Met.
1074 2227 1118 2268 X,
1137 2229 1206 2259 307
1227 2237 1300 2269 sqq.
1326 2226 1406 2269 ibiq.
1423 2227 1572 2260 Gmnm.
1601 2230 1635 2259 et

289 2305 392 2338 supra
418 2293 480 2334 111,
505 2295 539 2334 2,
567 2295 624 2325 23.
675 2292 725 2325 Ad
760 2303 789 2326 v.
814 2295 870 2327 19,
894 2295 951 2326 20.
989 2292 1032 2325 cf.
1058 2303 1160 2335 supra
1184 2291 1238 2332 ΙΙ,
1261 2294 1301 2333 2,
1328 2294 1383 2325 15.
1433 2291 1633 2325 Lectionem

291 2369 490 2402 gemmas
525 2358 651 2401 optime
685 2361 802 2390 contra
834 2358 1015 2391 HEYMUM
1049 2361 1165 2390 tuetur
1198 2357 1365 2397 Vossms3
1403 2366 1513 2398 neque
1545 2356 1632 2389 enim

291 2425 401 2458 solum
428 2422 572 2456 conchas
598 2434 624 2455 s.
651 2424 851 2465 margaritas
879 2423 941 2466 (Π,
960 2426 993 2464 4,
1016 2423 1093 2466 30.)
1119 2422 1179 2456 sed
1205 2422 1306 2455 etiam
1331 2431 1484 2464 gemmas
1509 2421 1634 2454 eiicere

292 2488 415 2522 dicitur
440 2498 551 2529 mare,
581 2493 619 2520 ut
646 2488 690 2529 ll,
716 2491 750 2529 2,
778 2491 833 2522 15.
882 2488 1017 2521 Laudat
1042 2489 1190 2521 Vossms
1217 2488 1316 2521 etiam
1344 2486 1547 2520 emunim.
1574 2486 1637 2528 ΠΙ,

291 2556 381 2586 386:
401 2559 620 2597 pontumque
641 2564 702 2595 per
730 2565 859 2585 omnem
886 2552 1064 2585 Ridelmnt
1092 2552 1218 2585 virides
1241 2550 1385 2598 gemmis
1409 2549 1636 2583 nascentibus

293 2618 417 2663 algae,
453 2622 487 2651 et
516 2617 682 2660 XXXIII,
705 2620 794 2652 252:
831 2617 955 2651 stellas
983 2618 1141 2651 accendit
1174 2617 1211 2650 in
1239 2628 1347 2654 auro,
1380 2619 1485 2650 Ostro
1503 2616 1635 2662 sicndit
