1721 2953
500 158 640 197 LIBR.
673 156 702 195 Ι.
762 155 918 195 EIAEG.
950 158 1021 196 w.
1346 162 1419 197 451

83 288 100 307 a
138 276 458 310 Mirscnimmcuro
492 271 535 305 ad
569 271 689 304 Horat.
721 269 782 311 ΙΙΙ,
813 272 865 310 15,
904 271 976 311 13..
1015 270 1072 304 ubi
1104 270 1224 305 similis
1249 271 1354 304 locus.
1382 289 1425 295 -

84 345 275 378 stamina
305 345 427 375 torta
457 339 603 380 ducit,
636 339 688 371 tila
715 337 808 371 ducit
833 337 875 371 de
900 339 995 379 colo,
1029 349 1117 381 quae
1140 343 1276 384 torquet
1300 338 1427 381 digitis.

83 409 160 442 Non
186 414 239 442 est
262 408 367 450 igitur
391 406 539 440 otiosum
560 405 733 450 epitheton
761 410 870 442 torta,
896 405 955 438 sed
983 406 1093 449 placet
1120 407 1219 450 plena
1242 405 1426 450 descriptio

82 476 188 509 tristis
220 474 370 516 negotii,
407 472 692 516 quemadmodum
731 472 851 506 eadem
889 472 932 506 de
969 483 1070 506 causa
1109 483 1169 516 per
1207 477 1276 506 tres
1313 481 1429 505 versus

83 545 184 583 poeta
208 541 397 573 universam
423 540 558 573 vetulae
589 539 745 572 textricis
779 548 918 582 operam
953 538 1105 581 partibus
1136 539 1207 572 suis
1241 538 1285 572 ob
1311 539 1429 571 oculos

82 605 188 648 ponit.
238 604 341 640 Quod
366 614 448 637 vero
478 608 571 637 totus
597 604 692 636 locus
717 603 892 636 consilium
930 601 1050 645 habet,
1085 604 1174 637 idem
1211 606 1242 637 in
1275 604 1429 646 singulo—

82 681 155 704 rum
176 681 336 705 versuum
358 671 511 703 oratione
535 669 652 702 debuit
674 668 829 712 exprimi.
845 686 889 691 —-—
915 668 1065 712 inops,
1093 679 1173 713 prae
1190 669 1314 713 inopia,
1339 669 1430 712 quod

82 739 185 771 etiam
218 737 260 771 ad
286 736 463 779 sequentia
488 735 722 778 repetendum.
781 733 877 766 Talis
911 737 963 767 est
996 730 1080 777 γυνη)
1113 735 1286 778 χερνῆτις,
1322 734 1432 767 nendo

85 804 188 837 vitam
223 813 399 845 quaerens.
425 820 472 828 --
517 802 560 835 V.
586 803 643 835 79.
678 801 784 834 licia
820 803 899 832 sunt
936 799 1086 841 vincula,
1124 800 1247 842 quibus
1279 804 1432 833 textores

83 869 224 902 stamina
250 869 341 901 telae
365 870 551 900 annectunt
576 865 656 909 (der
685 864 859 908 Τνιιηιηι).
886 883 932 889 -
957 864 1110 907 firma,
1136 863 1308 908 epitheton
1334 875 1432 898 usum

84 934 237 967 liciorum
262 933 424 975 indicans,
450 931 563 974 qualia
592 931 696 973 vulgo
722 934 888 974 perpetua
912 929 1093 972 dicuntur3
1119 940 1206 963 nunc
1227 930 1307 962 ve'ro
1332 930 1432 970 inest,

82 1004 121 1032 ut
153 999 243 1041 dixi,
284 999 427 1032 acerbus
461 1007 652 1031 sarcasmus
686 996 721 1029 in
754 995 816 1029 hac
845 1000 1006 1029 accurata
1040 1006 1154 1028 rerum
1190 995 1432 1038 descriptione.

82 1067 142 1100 Sic
166 1067 267 1100 etiam
291 1065 355 1099 hoc
378 1064 553 1109 epitheton
575 1074 643 1097 non
669 1063 830 1096 otiosum.
853 1081 899 1086 —
935 1062 1163 1104 adnectit,
1189 1060 1268 1095 nihil
1293 1062 1434 1095 interest

84 1137 196 1166 utrum
220 1133 297 1166 licia
321 1132 409 1179 telis,
434 1142 475 1165 an
500 1132 591 1165 telae
617 1130 701 1164 liciis
727 1131 862 1163 annecti
885 1129 1053 1170 dicantur,
1079 1132 1219 1161 notante
1245 1128 1433 1161 WUNDER-

87 1209 210 1232 nmmo
240 1209 316 1232 cum
342 1199 492 1239 Vos5103
526 1207 614 1229 nunc
640 1195 724 1227 licia
754 1194 846 1227 telae
871 1193 1000 1226 addere
1025 1194 1144 1227 eodem
1170 1193 1272 1226 modo
1297 1204 1317 1226 a
1344 1194 1436 1227 Vm-

86 1277 186 1299 (411110
211 1267 342 1307 Georg.
366 1266 394 1306 I,
417 1267 498 1297 285.
531 1263 658 1296 dictum
684 1263 876 1296 observant.
908 1280 953 1285 —
987 1261 1251 1302 Tractaque
1287 1259 1339 1292 de
1374 1260 1435 1291 ni-

85 1343 165 1366 veo
191 1332 369 1364 vellere
394 1331 546 1371 ducta,
582 1329 613 1363 h.
643 1340 672 1362 e.
708 1333 818 1361 tracta
843 1329 959 1369 lanae,
993 1326 1182 1369 manipulos
1215 1326 1332 1366 lanae,
1375 1324 1435 1356 sed

85 1397 355 1442 amplificationis
381 1407 483 1430 causa
507 1396 820 1439 circumscriptione
845 1395 962 1427 utitur.
989 1412 1034 1417 —
1072 1396 1221 1437 putat,
1257 1392 1433 1432 carminat,

87 1469 211 1510 purgat
243 1475 263 1497 a
295 1462 470 1504 sordibus,
513 1462 604 1505 quod
640 1462 744 1495 fiebat
777 1462 879 1495 dente
914 1461 1047 1502 ferreo,
1090 1461 1240 1493 carmine
1276 1459 1437 1499 deutato;

86 1532 221 1564 Graece
255 1541 309 1563 res
341 1525 556 1574 κροκοδιίζειν
589 1527 722 1561 dicitur.
776 1527 926 1571 Exponit
959 1526 1060 1559 docte
1095 1525 1137 1558 de
1171 1524 1221 1558 his
1247 1525 1436 1558 semaam

87 1599 130 1632 ad
156 1598 188 1632 h.
216 1600 236 1632 l.
263 1616 308 1622 -
341 1598 383 1632 V.
407 1600 449 1630 81
479 1608 553 1640 sqq.
580 1585 726 1630 animo
754 1595 1007 1638 gaudente,
1033 1593 1101 1626 vid.
1127 1593 1169 1627 ad
1195 1593 1222 1635 Ι,
1247 1595 1282 1635 2,
1306 1595 1364 1625 89.
1390 1610 1435 1616 -

85 1666 388 1706 iuvenumque
422 1666 661 1697 catervae,
697 1659 841 1693 observa
876 1659 1135 1692 collocationem
1170 1657 1288 1690 horum
1316 1658 1439 1690 verbo--

88 1741 182 1772 rum,
216 1732 249 1764 in
275 1729 460 1763 secuudum
486 1728 673 1761 membrum
698 1736 787 1768 quae
812 1725 959 1765 reiecta,
984 1724 1027 1757 cf.
1053 1723 1095 1755 ad
1122 1724 1148 1764 l,
1172 1726 1205 1764 2,
1226 1724 1284 1757 42.
1334 1722 1438 1755 Cete-

87 1809 163 1831 rum
188 1797 330 1830 similem
358 1796 469 1828 locum
504 1793 694 1826 Honvrms
729 1789 831 1823 habet
855 1790 916 1831 lv,
943 1791 998 1831 13,
1022 1791 1068 1821 26
1094 1799 1168 1831 sqq.
1195 1806 1240 1810 -—-
1278 1797 1438 1828 senem,

89 1876 150 1910 per
191 1863 439 1907 appositionem
480 1871 556 1893 cum
597 1860 628 1892 ri
669 1858 854 1892 adiectum.
893 1873 940 1880 —
995 1866 1048 1889 ex
1090 1856 1185 1887 alto
1228 1853 1438 1886 sublimis

90 1931 281 1972 Olympo
316 1930 518 1970 spectat,
556 1925 675 1967 gravia
705 1924 810 1956 verba
845 1926 880 1956 et
910 1923 1009 1966 plena
1044 1920 1229 1963 dignitatis.
1290 1919 1327 1952 In
1353 1929 1439 1952 voce

89 1995 248 2030 sublimis
273 2003 436 2037 expressa
463 2002 540 2025 cum
570 1994 764 2032 contemtu,
788 1988 971 2034 superbia,
995 1987 1187 2031 despiciens
1212 1985 1286 2019 dea.
1338 1985 1438 2019 Conl'.

90 2063 204 2096 celsus
228 2062 374 2096 HoRA'r.
402 2061 473 2092 Art.
498 2059 540 2091 P.
564 2068 596 2091 v.
621 2059 723 2098 342„
752 2055 832 2087 alta
857 2055 965 2088 Ovm.
990 2053 1074 2086 Met.
1100 2053 1158 2094 vl,
1188 2054 1264 2084 169.
1285 2068 1329 2076 —-
1357 2062 1440 2084 mo—

91 2134 185 2170 net,
212 2127 274 2161 hac
301 2127 374 2169 ipsa
401 2134 512 2169 poena
537 2134 556 2156 a
582 2134 618 2156 se
642 2124 814 2164 immissa,
845 2121 946 2154 nullis
972 2119 1109 2153 fletibus
1135 2123 1169 2152 et
1196 2118 1353 2162 precibus
1378 2128 1437 2151 ce-

92 2195 204 2228 dente.
253 2194 433 2226 Postremo
467 2190 509 2223 ad
543 2194 653 2222 totum
679 2189 790 2222 locum
818 2186 1037 2227 observabis,
1077 2184 1141 2218 etsi
1167 2183 1249 2217 haec
1275 2183 1440 2217 indirecte

94 2262 328 2303 proponuntur
354 2256 494 2297 Deliae,
517 2265 617 2297 quam
644 2259 755 2288 tamen
782 2254 868 2287 dura
893 2257 929 2285 et
951 2251 1077 2285 acerba
1101 2251 1188 2292 sint,
1215 2260 1277 2283 nec
1304 2250 1441 2294 posuis—

93 2330 146 2359 set
187 2326 267 2358 talia
309 2325 341 2356 in
387 2320 667 2355 antecedentibus
713 2319 940 2360 carminibus,
987 2327 1063 2350 cum
1106 2314 1276 2359 pulchrius
1312 2319 1443 2349 amaret

94 2391 252 2435 puellam.

191 2456 232 2488 V.
252 2457 309 2487 85.
334 2456 391 2486 86.
441 2452 616 2486 Exitus.
666 2451 852 2486 Claudit
877 2450 1070 2493 elegiam
1095 2448 1299 2493 simplici
1325 2453 1441 2489 voto,

97 2526 140 2553 ut
165 2524 306 2554 ratum
332 2519 433 2561 fiat,
467 2518 585 2561 quod
611 2517 747 2561 cupit.
771 2534 818 2543 —
855 2516 1043 2556 cadant,
1081 2515 1256 2556 eveniant,
1295 2518 1332 2547 ut
1357 2513 1443 2546 infra

98 2587 141 2626 ll.
166 2588 200 2627 2,
234 2588 313 2626 17..
349 2585 407 2619 ubi
439 2585 483 2618 cs.
521 2585 712 2625 Υυῐαηωι,
744 2587 782 2615 ut
817 2581 881 2615 hoc
913 2583 990 2615 loco
1024 2582 1329 2614 Bnoucxuusmm.
1379 2579 1443 2611 Est

99 2651 273 2684 translatio
306 2661 326 2684 a
357 2651 498 2685 tesseris
534 2650 657 2690 ducta,
693 2648 735 2682 cf.
770 2649 938 2682 TERENT.
976 2647 1118 2691 Adelph.
1158 2647 1214 2688 lv,
1241 2649 1274 2688 7,
1299 2647 1341 2677 21
1369 2655 1441 2686 sqq.

1022 2720 1068 2755 10
