<?xml version="1.0" encoding="UTF-8"?>
<!DOCTYPE html PUBLIC "-//W3C//DTD XHTML 1.0 Transitional//EN"
    "http://www.w3.org/TR/xhtml1/DTD/xhtml1-transitional.dtd">
<html xmlns="http://www.w3.org/1999/xhtml" xml:lang="en" lang="en">
 <head>
  <title>
</title>
<meta http-equiv="Content-Type" content="text/html;charset=utf-8" />
  <meta name='ocr-system' content='tesseract 3.04.00' />
  <meta name='ocr-capabilities' content='ocr_page ocr_carea ocr_par ocr_line ocrx_word'/>
</head>
<body>
  <div class='ocr_page' id='page_1' title='image "./carminaexrecensi00tibuuoft_0533.png"; bbox 0 0 1721 2953; ppageno 0'>
   <div class='ocr_carea' id='block_1_1' title="bbox 0 1171 3 1687">
    <p class='ocr_par' dir='ltr' id='par_1_1' title="bbox 0 1171 3 1687">
     <span class='ocr_line' id='line_1_1' title="bbox 0 1171 3 1687; baseline 0 0"><span class='ocrx_word' id='word_1_1' title='bbox 0 1171 3 1687; x_wconf 95' lang='lat' dir='ltr'> </span> 
     </span>
    </p>
   </div>
   <div class='ocr_carea' id='block_1_2' title="bbox 334 457 1209 617">
    <p class='ocr_par' dir='ltr' id='par_1_2' title="bbox 334 457 1209 617">
     <span class='ocr_line' id='line_1_2' title="bbox 334 457 1209 511; baseline -0.008 1"><span class='ocrx_word' id='word_1_2' title='bbox 334 458 831 511; x_wconf 83' lang='lat' dir='ltr'><strong>COMMENTARIUS</strong></span> <span class='ocrx_word' id='word_1_3' title='bbox 867 457 929 506; x_wconf 87' lang='lat' dir='ltr'>IN</span> <span class='ocrx_word' id='word_1_4' title='bbox 966 459 1209 507; x_wconf 71' lang='lat' dir='ltr'><strong>TIBULLI</strong></span> 
     </span>
     <span class='ocr_line' id='line_1_3' title="bbox 469 571 1043 617; baseline -0.009 -1"><span class='ocrx_word' id='word_1_5' title='bbox 469 575 690 617; x_wconf 70' lang='lat' dir='ltr'>LIBRUM</span> <span class='ocrx_word' id='word_1_6' title='bbox 719 571 1043 615; x_wconf 79' lang='lat' dir='ltr'><strong>SECUNDUM.</strong></span> 
     </span>
    </p>
   </div>
   <div class='ocr_carea' id='block_1_3' title="bbox 436 735 1077 785">
    <p class='ocr_par' dir='ltr' id='par_1_3' title="bbox 436 735 1077 785">
     <span class='ocr_line' id='line_1_4' title="bbox 436 735 1077 785; baseline -0.008 0"><span class='ocrx_word' id='word_1_7' title='bbox 436 735 1077 785; x_wconf 70' lang='lat' dir='ltr'><strong>ELEGIAL</strong></span> 
     </span>
    </p>
   </div>
   <div class='ocr_carea' id='block_1_4' title="bbox 558 1010 968 1056">
    <p class='ocr_par' dir='ltr' id='par_1_4' title="bbox 558 1010 968 1056">
     <span class='ocr_line' id='line_1_5' title="bbox 558 1010 968 1056; baseline -0.007 -2"><span class='ocrx_word' id='word_1_8' title='bbox 558 1010 968 1056; x_wconf 85' lang='lat' dir='ltr'>INTRODUCTIO.</span> 
     </span>
    </p>
   </div>
   <div class='ocr_carea' id='block_1_5' title="bbox 82 1154 1439 2673">
    <p class='ocr_par' dir='ltr' id='par_1_5' title="bbox 82 1154 1439 2673">
     <span class='ocr_line' id='line_1_6' title="bbox 84 1154 1435 1212; baseline -0.008 -7"><span class='ocrx_word' id='word_1_9' title='bbox 84 1154 252 1212; x_wconf 76' lang='lat' dir='ltr'>Sacrum</span> <span class='ocrx_word' id='word_1_10' title='bbox 280 1169 474 1203; x_wconf 84' lang='lat' dir='ltr'>ambarvale</span> <span class='ocrx_word' id='word_1_11' title='bbox 499 1167 590 1201; x_wconf 81' lang='lat' dir='ltr'>allud</span> <span class='ocrx_word' id='word_1_12' title='bbox 620 1166 795 1211; x_wconf 89' lang='lat' dir='ltr'>publicum</span> <span class='ocrx_word' id='word_1_13' title='bbox 821 1168 916 1206; x_wconf 86' lang='lat' dir='ltr'>erat,</span> <span class='ocrx_word' id='word_1_14' title='bbox 941 1163 1005 1197; x_wconf 86' lang='lat' dir='ltr'>alia</span> <span class='ocrx_word' id='word_1_15' title='bbox 1033 1162 1174 1207; x_wconf 79' lang='lat' dir='ltr'>privata.</span> <span class='ocrx_word' id='word_1_16' title='bbox 1224 1164 1275 1195; x_wconf 81' lang='lat' dir='ltr'>Ac</span> <span class='ocrx_word' id='word_1_17' title='bbox 1300 1160 1435 1206; x_wconf 77' lang='lat' dir='ltr'>publice</span> 
     </span>
     <span class='ocr_line' id='line_1_7' title="bbox 85 1228 1437 1281; baseline -0.007 -10"><span class='ocrx_word' id='word_1_18' title='bbox 85 1237 223 1281; x_wconf 84' lang='lat' dir='ltr'>quidem</span> <span class='ocrx_word' id='word_1_19' title='bbox 249 1237 282 1270; x_wconf 89' lang='lat' dir='ltr'>d.</span> <span class='ocrx_word' id='word_1_20' title='bbox 306 1236 368 1269; x_wconf 88' lang='lat' dir='ltr'>XI.</span> <span class='ocrx_word' id='word_1_21' title='bbox 395 1235 481 1269; x_wconf 86' lang='lat' dir='ltr'>Mai.</span> <span class='ocrx_word' id='word_1_22' title='bbox 516 1234 637 1268; x_wconf 89' lang='lat' dir='ltr'>fratres</span> <span class='ocrx_word' id='word_1_23' title='bbox 667 1234 800 1267; x_wconf 74' lang='lat' dir='ltr'>arvales</span> <span class='ocrx_word' id='word_1_24' title='bbox 835 1233 945 1265; x_wconf 85' lang='lat' dir='ltr'>ornati</span> <span class='ocrx_word' id='word_1_25' title='bbox 970 1230 1077 1265; x_wconf 86' lang='lat' dir='ltr'>infula</span> <span class='ocrx_word' id='word_1_26' title='bbox 1102 1234 1138 1264; x_wconf 92' lang='lat' dir='ltr'>et</span> <span class='ocrx_word' id='word_1_27' title='bbox 1162 1240 1290 1264; x_wconf 89' lang='lat' dir='ltr'>corona</span> <span class='ocrx_word' id='word_1_28' title='bbox 1319 1228 1437 1272; x_wconf 77' lang='lat' dir='ltr'>spicea</span> 
     </span>
     <span class='ocr_line' id='line_1_8' title="bbox 83 1294 1438 1347; baseline -0.009 -9"><span class='ocrx_word' id='word_1_29' title='bbox 83 1306 172 1338; x_wconf 86' lang='lat' dir='ltr'>inter</span> <span class='ocrx_word' id='word_1_30' title='bbox 206 1304 358 1347; x_wconf 91' lang='lat' dir='ltr'>quintum</span> <span class='ocrx_word' id='word_1_31' title='bbox 393 1306 428 1335; x_wconf 87' lang='lat' dir='ltr'>et</span> <span class='ocrx_word' id='word_1_32' title='bbox 458 1305 594 1335; x_wconf 85' lang='lat' dir='ltr'>sextum</span> <span class='ocrx_word' id='word_1_33' title='bbox 627 1299 776 1343; x_wconf 82' lang='lat' dir='ltr'><strong>lapidem</strong></span> <span class='ocrx_word' id='word_1_34' title='bbox 803 1309 924 1341; x_wconf 87' lang='lat' dir='ltr'>agrum</span> <span class='ocrx_word' id='word_1_35' title='bbox 949 1298 1145 1331; x_wconf 88' lang='lat' dir='ltr'>Romanum</span> <span class='ocrx_word' id='word_1_36' title='bbox 1166 1296 1344 1338; x_wconf 81' lang='lat' dir='ltr'>antiquum</span> <span class='ocrx_word' id='word_1_37' title='bbox 1369 1294 1438 1327; x_wconf 90' lang='lat' dir='ltr'>cir-</span> 
     </span>
     <span class='ocr_line' id='line_1_9' title="bbox 84 1360 1436 1412; baseline -0.008 -9"><span class='ocrx_word' id='word_1_38' title='bbox 84 1370 268 1411; x_wconf 86' lang='lat' dir='ltr'>cumibant,</span> <span class='ocrx_word' id='word_1_39' title='bbox 293 1368 450 1412; x_wconf 87' lang='lat' dir='ltr'>privatim</span> <span class='ocrx_word' id='word_1_40' title='bbox 474 1377 556 1400; x_wconf 83' lang='lat' dir='ltr'>vero</span> <span class='ocrx_word' id='word_1_41' title='bbox 581 1366 701 1399; x_wconf 83' lang='lat' dir='ltr'><strong>rustici</strong></span> <span class='ocrx_word' id='word_1_42' title='bbox 724 1376 806 1398; x_wconf 88' lang='lat' dir='ltr'>arva</span> <span class='ocrx_word' id='word_1_43' title='bbox 829 1375 902 1406; x_wconf 87' lang='lat' dir='ltr'>sua,</span> <span class='ocrx_word' id='word_1_44' title='bbox 927 1363 1093 1406; x_wconf 86' lang='lat' dir='ltr'>oleaginis</span> <span class='ocrx_word' id='word_1_45' title='bbox 1118 1362 1254 1395; x_wconf 87' lang='lat' dir='ltr'>coronis</span> <span class='ocrx_word' id='word_1_46' title='bbox 1277 1360 1436 1401; x_wconf 79' lang='lat' dir='ltr'>redimiti,</span> 
     </span>
     <span class='ocr_line' id='line_1_10' title="bbox 86 1428 1436 1478; baseline -0.007 -8"><span class='ocrx_word' id='word_1_47' title='bbox 86 1436 159 1470; x_wconf 83' lang='lat' dir='ltr'>fere</span> <span class='ocrx_word' id='word_1_48' title='bbox 184 1436 248 1469; x_wconf 90' lang='lat' dir='ltr'>sub</span> <span class='ocrx_word' id='word_1_49' title='bbox 275 1436 375 1468; x_wconf 88' lang='lat' dir='ltr'>finem</span> <span class='ocrx_word' id='word_1_50' title='bbox 402 1436 505 1478; x_wconf 86' lang='lat' dir='ltr'>Apr.,</span> <span class='ocrx_word' id='word_1_51' title='bbox 530 1437 682 1467; x_wconf 88' lang='lat' dir='ltr'>ceterum</span> <span class='ocrx_word' id='word_1_52' title='bbox 708 1432 802 1465; x_wconf 88' lang='lat' dir='ltr'>nullo</span> <span class='ocrx_word' id='word_1_53' title='bbox 825 1434 921 1465; x_wconf 88' lang='lat' dir='ltr'>certo</span> <span class='ocrx_word' id='word_1_54' title='bbox 945 1429 1000 1463; x_wconf 89' lang='lat' dir='ltr'>die</span> <span class='ocrx_word' id='word_1_55' title='bbox 1025 1428 1253 1474; x_wconf 85' lang='lat' dir='ltr'>praescripto,</span> <span class='ocrx_word' id='word_1_56' title='bbox 1279 1432 1318 1461; x_wconf 93' lang='lat' dir='ltr'>ut</span> <span class='ocrx_word' id='word_1_57' title='bbox 1341 1428 1436 1461; x_wconf 74' lang='lat' dir='ltr'>vide-</span> 
     </span>
     <span class='ocr_line' id='line_1_11' title="bbox 85 1495 1437 1542; baseline -0.007 -6"><span class='ocrx_word' id='word_1_58' title='bbox 85 1508 152 1538; x_wconf 89' lang='lat' dir='ltr'>tur.</span> <span class='ocrx_word' id='word_1_59' title='bbox 202 1503 335 1536; x_wconf 84' lang='lat' dir='ltr'>Dicitur</span> <span class='ocrx_word' id='word_1_60' title='bbox 359 1502 557 1535; x_wconf 81' lang='lat' dir='ltr'>solemnitas</span> <span class='ocrx_word' id='word_1_61' title='bbox 582 1500 758 1542; x_wconf 83' lang='lat' dir='ltr'>lustratio,</span> <span class='ocrx_word' id='word_1_62' title='bbox 796 1509 872 1533; x_wconf 91' lang='lat' dir='ltr'>cum</span> <span class='ocrx_word' id='word_1_63' title='bbox 907 1497 1016 1531; x_wconf 87' lang='lat' dir='ltr'>hostia</span> <span class='ocrx_word' id='word_1_64' title='bbox 1052 1495 1217 1529; x_wconf 89' lang='lat' dir='ltr'>lustrandi</span> <span class='ocrx_word' id='word_1_65' title='bbox 1250 1505 1353 1528; x_wconf 86' lang='lat' dir='ltr'>causa</span> <span class='ocrx_word' id='word_1_66' title='bbox 1384 1497 1437 1527; x_wconf 88' lang='lat' dir='ltr'>ter</span> 
     </span>
     <span class='ocr_line' id='line_1_12' title="bbox 84 1565 1436 1613; baseline -0.008 -9"><span class='ocrx_word' id='word_1_67' title='bbox 84 1580 205 1613; x_wconf 80' lang='lat' dir='ltr'>agrum</span> <span class='ocrx_word' id='word_1_68' title='bbox 231 1569 541 1611; x_wconf 83' lang='lat' dir='ltr'>circumageretur,</span> <span class='ocrx_word' id='word_1_69' title='bbox 577 1567 715 1611; x_wconf 86' lang='lat' dir='ltr'>publice</span> <span class='ocrx_word' id='word_1_70' title='bbox 740 1570 879 1606; x_wconf 66' lang='lat' dir='ltr'>taurus,</span> <span class='ocrx_word' id='word_1_71' title='bbox 905 1565 1012 1605; x_wconf 87' lang='lat' dir='ltr'>aries,</span> <span class='ocrx_word' id='word_1_72' title='bbox 1038 1573 1174 1604; x_wconf 81' lang='lat' dir='ltr'>verres,</span> <span class='ocrx_word' id='word_1_73' title='bbox 1199 1572 1287 1604; x_wconf 87' lang='lat' dir='ltr'>quae</span> <span class='ocrx_word' id='word_1_74' title='bbox 1312 1571 1436 1594; x_wconf 69' lang='lat' dir='ltr'>suove-</span> 
     </span>
     <span class='ocr_line' id='line_1_13' title="bbox 83 1626 1435 1678; baseline -0.009 -8"><span class='ocrx_word' id='word_1_75' title='bbox 83 1636 218 1670; x_wconf 83' lang='lat' dir='ltr'>taurilia</span> <span class='ocrx_word' id='word_1_76' title='bbox 236 1636 375 1676; x_wconf 88' lang='lat' dir='ltr'>maiora,</span> <span class='ocrx_word' id='word_1_77' title='bbox 400 1633 558 1678; x_wconf 84' lang='lat' dir='ltr'>privatim</span> <span class='ocrx_word' id='word_1_78' title='bbox 582 1631 827 1665; x_wconf 87' lang='lat' dir='ltr'>suovetaurilia</span> <span class='ocrx_word' id='word_1_79' title='bbox 850 1629 1010 1662; x_wconf 80' lang='lat' dir='ltr'>lactentia</span> <span class='ocrx_word' id='word_1_80' title='bbox 1037 1627 1158 1670; x_wconf 73' lang='lat' dir='ltr'>(CA&#39;ro</span> <span class='ocrx_word' id='word_1_81' title='bbox 1183 1626 1226 1660; x_wconf 87' lang='lat' dir='ltr'>de</span> <span class='ocrx_word' id='word_1_82' title='bbox 1250 1626 1306 1660; x_wconf 82' lang='lat' dir='ltr'>Re</span> <span class='ocrx_word' id='word_1_83' title='bbox 1332 1626 1435 1659; x_wconf 89' lang='lat' dir='ltr'>Rust.</span> 
     </span>
     <span class='ocr_line' id='line_1_14' title="bbox 84 1691 1434 1744; baseline -0.009 -9"><span class='ocrx_word' id='word_1_84' title='bbox 84 1713 115 1736; x_wconf 80' lang='lat' dir='ltr'>c..</span> <span class='ocrx_word' id='word_1_85' title='bbox 139 1702 260 1744; x_wconf 73' lang='lat' dir='ltr'>HL),</span> <span class='ocrx_word' id='word_1_86' title='bbox 291 1709 436 1744; x_wconf 88' lang='lat' dir='ltr'>porcus,</span> <span class='ocrx_word' id='word_1_87' title='bbox 465 1707 593 1740; x_wconf 84' lang='lat' dir='ltr'>agnus,</span> <span class='ocrx_word' id='word_1_88' title='bbox 627 1695 773 1736; x_wconf 84' lang='lat' dir='ltr'>vitulus,</span> <span class='ocrx_word' id='word_1_89' title='bbox 806 1698 866 1726; x_wconf 87' lang='lat' dir='ltr'>aut</span> <span class='ocrx_word' id='word_1_90' title='bbox 891 1703 977 1727; x_wconf 91' lang='lat' dir='ltr'>unus</span> <span class='ocrx_word' id='word_1_91' title='bbox 1002 1702 1045 1725; x_wconf 84' lang='lat' dir='ltr'>ex</span> <span class='ocrx_word' id='word_1_92' title='bbox 1070 1692 1197 1725; x_wconf 86' lang='lat' dir='ltr'>tribus:</span> <span class='ocrx_word' id='word_1_93' title='bbox 1230 1701 1356 1734; x_wconf 85' lang='lat' dir='ltr'>porcus</span> <span class='ocrx_word' id='word_1_94' title='bbox 1380 1691 1434 1724; x_wconf 85' lang='lat' dir='ltr'>vel</span> 
     </span>
     <span class='ocr_line' id='line_1_15' title="bbox 82 1755 1433 1810; baseline -0.01 -9"><span class='ocrx_word' id='word_1_95' title='bbox 82 1777 194 1810; x_wconf 84' lang='lat' dir='ltr'>agnus</span> <span class='ocrx_word' id='word_1_96' title='bbox 219 1767 273 1800; x_wconf 79' lang='lat' dir='ltr'>vel</span> <span class='ocrx_word' id='word_1_97' title='bbox 298 1765 444 1804; x_wconf 81' lang='lat' dir='ltr'>vitulus3</span> <span class='ocrx_word' id='word_1_98' title='bbox 478 1761 636 1795; x_wconf 84' lang='lat' dir='ltr'>Tibullus</span> <span class='ocrx_word' id='word_1_99' title='bbox 661 1770 750 1794; x_wconf 85' lang='lat' dir='ltr'>nunc</span> <span class='ocrx_word' id='word_1_100' title='bbox 776 1769 866 1802; x_wconf 86' lang='lat' dir='ltr'>agno</span> <span class='ocrx_word' id='word_1_101' title='bbox 894 1759 1016 1791; x_wconf 85' lang='lat' dir='ltr'>lustrat</span> <span class='ocrx_word' id='word_1_102' title='bbox 1041 1756 1085 1790; x_wconf 89' lang='lat' dir='ltr'>cf.</span> <span class='ocrx_word' id='word_1_103' title='bbox 1109 1767 1141 1790; x_wconf 80' lang='lat' dir='ltr'>v.</span> <span class='ocrx_word' id='word_1_104' title='bbox 1168 1759 1223 1790; x_wconf 86' lang='lat'>15.</span> <span class='ocrx_word' id='word_1_105' title='bbox 1271 1755 1433 1790; x_wconf 85' lang='lat' dir='ltr'>Pertine-</span> 
     </span>
     <span class='ocr_line' id='line_1_16' title="bbox 84 1825 1436 1872; baseline -0.009 -4"><span class='ocrx_word' id='word_1_106' title='bbox 84 1836 142 1868; x_wconf 83' lang='lat' dir='ltr'>bat</span> <span class='ocrx_word' id='word_1_107' title='bbox 166 1838 280 1867; x_wconf 83' lang='lat' dir='ltr'>autem</span> <span class='ocrx_word' id='word_1_108' title='bbox 304 1831 460 1865; x_wconf 90' lang='lat' dir='ltr'>lustratio</span> <span class='ocrx_word' id='word_1_109' title='bbox 485 1829 528 1863; x_wconf 89' lang='lat' dir='ltr'>ad</span> <span class='ocrx_word' id='word_1_110' title='bbox 551 1839 674 1872; x_wconf 80' lang='lat' dir='ltr'>agros,</span> <span class='ocrx_word' id='word_1_111' title='bbox 699 1839 844 1871; x_wconf 81' lang='lat' dir='ltr'>greges,</span> <span class='ocrx_word' id='word_1_112' title='bbox 869 1825 1041 1868; x_wconf 84' lang='lat' dir='ltr'>homines,</span> <span class='ocrx_word' id='word_1_113' title='bbox 1064 1825 1108 1860; x_wconf 88' lang='lat' dir='ltr'>cs.</span> <span class='ocrx_word' id='word_1_114' title='bbox 1134 1836 1164 1859; x_wconf 77' lang='lat' dir='ltr'>v,</span> <span class='ocrx_word' id='word_1_115' title='bbox 1189 1827 1246 1860; x_wconf 77' lang='lat'>17.</span> <span class='ocrx_word' id='word_1_116' title='bbox 1273 1828 1308 1858; x_wconf 83' lang='lat' dir='ltr'>et</span> <span class='ocrx_word' id='word_1_117' title='bbox 1332 1834 1436 1868; x_wconf 77' lang='lat' dir='ltr'>supra</span> 
     </span>
     <span class='ocr_line' id='line_1_17' title="bbox 83 1890 1436 1943; baseline -0.01 -9"><span class='ocrx_word' id='word_1_118' title='bbox 83 1901 111 1943; x_wconf 83' lang='grc' dir='ltr'>Ι,</span> <span class='ocrx_word' id='word_1_119' title='bbox 141 1902 172 1942; x_wconf 86' lang='lat'>1,</span> <span class='ocrx_word' id='word_1_120' title='bbox 195 1902 255 1932; x_wconf 84' lang='lat'>21.</span> <span class='ocrx_word' id='word_1_121' title='bbox 306 1899 365 1931; x_wconf 89' lang='lat' dir='ltr'>Sic</span> <span class='ocrx_word' id='word_1_122' title='bbox 399 1897 499 1930; x_wconf 71' lang='lat' dir='ltr'>CATO</span> <span class='ocrx_word' id='word_1_123' title='bbox 535 1895 579 1928; x_wconf 91' lang='lat' dir='ltr'>de</span> <span class='ocrx_word' id='word_1_124' title='bbox 609 1895 665 1929; x_wconf 84' lang='lat' dir='ltr'>Re</span> <span class='ocrx_word' id='word_1_125' title='bbox 689 1894 792 1927; x_wconf 83' lang='lat' dir='ltr'>Rust.</span> <span class='ocrx_word' id='word_1_126' title='bbox 826 1893 850 1927; x_wconf 91' lang='lat' dir='ltr'>l.</span> <span class='ocrx_word' id='word_1_127' title='bbox 884 1903 915 1927; x_wconf 83' lang='lat' dir='ltr'>e.</span> <span class='ocrx_word' id='word_1_128' title='bbox 953 1901 1016 1936; x_wconf 88' lang='lat' dir='ltr'>pro</span> <span class='ocrx_word' id='word_1_129' title='bbox 1049 1890 1205 1924; x_wconf 82' lang='lat' dir='ltr'>universa</span> <span class='ocrx_word' id='word_1_130' title='bbox 1237 1900 1276 1923; x_wconf 89' lang='lat' dir='ltr'>re</span> <span class='ocrx_word' id='word_1_131' title='bbox 1309 1890 1436 1922; x_wconf 75' lang='lat' dir='ltr'>rustica</span> 
     </span>
     <span class='ocr_line' id='line_1_18' title="bbox 87 1959 1431 2012; baseline -0.01 -11"><span class='ocrx_word' id='word_1_132' title='bbox 87 1978 207 2012; x_wconf 89' lang='lat' dir='ltr'>preces</span> <span class='ocrx_word' id='word_1_133' title='bbox 230 1966 305 2000; x_wconf 88' lang='lat' dir='ltr'>fieri</span> <span class='ocrx_word' id='word_1_134' title='bbox 329 1965 424 1998; x_wconf 89' lang='lat' dir='ltr'>iubet</span> <span class='ocrx_word' id='word_1_135' title='bbox 449 1964 482 1997; x_wconf 90' lang='lat' dir='ltr'>in</span> <span class='ocrx_word' id='word_1_136' title='bbox 503 1962 592 1996; x_wconf 87' lang='lat' dir='ltr'>hunc</span> <span class='ocrx_word' id='word_1_137' title='bbox 617 1961 773 1996; x_wconf 83' lang='lat' dir='ltr'>modum:</span> <span class='ocrx_word' id='word_1_138' title='bbox 797 1959 920 2002; x_wconf 86' lang='lat' dir='ltr'>„Mars</span> <span class='ocrx_word' id='word_1_139' title='bbox 944 1962 1054 2003; x_wconf 85' lang='lat' dir='ltr'>pater,</span> <span class='ocrx_word' id='word_1_140' title='bbox 1078 1961 1113 1990; x_wconf 89' lang='lat' dir='ltr'>te</span> <span class='ocrx_word' id='word_1_141' title='bbox 1138 1966 1261 2001; x_wconf 90' lang='lat' dir='ltr'>precor</span> <span class='ocrx_word' id='word_1_142' title='bbox 1284 1967 1431 2000; x_wconf 83' lang='lat' dir='ltr'>quaeso-—</span> 
     </span>
     <span class='ocr_line' id='line_1_19' title="bbox 86 2022 1436 2077; baseline -0.011 -9"><span class='ocrx_word' id='word_1_143' title='bbox 86 2044 152 2077; x_wconf 83' lang='lat' dir='ltr'>que</span> <span class='ocrx_word' id='word_1_144' title='bbox 187 2033 235 2066; x_wconf 87' lang='lat' dir='ltr'>uti</span> <span class='ocrx_word' id='word_1_145' title='bbox 270 2033 338 2066; x_wconf 78' lang='lat' dir='ltr'>sies</span> <span class='ocrx_word' id='word_1_146' title='bbox 379 2031 495 2064; x_wconf 86' lang='lat' dir='ltr'>volens</span> <span class='ocrx_word' id='word_1_147' title='bbox 537 2027 704 2072; x_wconf 87' lang='lat' dir='ltr'>propitius</span> <span class='ocrx_word' id='word_1_148' title='bbox 736 2024 841 2067; x_wconf 84' lang='lat' dir='ltr'>mihi,</span> <span class='ocrx_word' id='word_1_149' title='bbox 878 2023 999 2066; x_wconf 85' lang='lat' dir='ltr'>domo,</span> <span class='ocrx_word' id='word_1_150' title='bbox 1036 2022 1251 2065; x_wconf 83' lang='lat' dir='ltr'>familiaeque</span> <span class='ocrx_word' id='word_1_151' title='bbox 1286 2026 1436 2062; x_wconf 85' lang='lat' dir='ltr'>nostrae,</span> 
     </span>
     <span class='ocr_line' id='line_1_20' title="bbox 85 2088 1437 2142; baseline -0.01 -9"><span class='ocrx_word' id='word_1_152' title='bbox 85 2099 206 2142; x_wconf 87' lang='lat' dir='ltr'>quoius</span> <span class='ocrx_word' id='word_1_153' title='bbox 230 2099 281 2132; x_wconf 89' lang='lat' dir='ltr'>rei</span> <span class='ocrx_word' id='word_1_154' title='bbox 306 2108 389 2141; x_wconf 82' lang='lat' dir='ltr'>ergo</span> <span class='ocrx_word' id='word_1_155' title='bbox 419 2106 551 2139; x_wconf 87' lang='lat' dir='ltr'>agrum,</span> <span class='ocrx_word' id='word_1_156' title='bbox 577 2098 702 2127; x_wconf 88' lang='lat' dir='ltr'>terram</span> <span class='ocrx_word' id='word_1_157' title='bbox 727 2092 935 2135; x_wconf 89' lang='lat' dir='ltr'>fundumque</span> <span class='ocrx_word' id='word_1_158' title='bbox 961 2100 1074 2124; x_wconf 87' lang='lat' dir='ltr'>meum</span> <span class='ocrx_word' id='word_1_159' title='bbox 1099 2089 1342 2124; x_wconf 85' lang='lat' dir='ltr'>suovetaurilia</span> <span class='ocrx_word' id='word_1_160' title='bbox 1367 2088 1437 2121; x_wconf 86' lang='lat' dir='ltr'>cir-</span> 
     </span>
     <span class='ocr_line' id='line_1_21' title="bbox 86 2154 1435 2209; baseline -0.01 -9"><span class='ocrx_word' id='word_1_161' title='bbox 86 2166 221 2209; x_wconf 84' lang='lat' dir='ltr'>cumagi</span> <span class='ocrx_word' id='word_1_162' title='bbox 245 2165 338 2198; x_wconf 87' lang='lat' dir='ltr'>iussi.</span> <span class='ocrx_word' id='word_1_163' title='bbox 388 2164 436 2196; x_wconf 87' lang='lat' dir='ltr'>Ut</span> <span class='ocrx_word' id='word_1_164' title='bbox 461 2167 498 2196; x_wconf 90' lang='lat' dir='ltr'>tu</span> <span class='ocrx_word' id='word_1_165' title='bbox 523 2160 660 2195; x_wconf 84' lang='lat' dir='ltr'>morbos</span> <span class='ocrx_word' id='word_1_166' title='bbox 689 2159 780 2193; x_wconf 89' lang='lat' dir='ltr'>visos</span> <span class='ocrx_word' id='word_1_167' title='bbox 805 2158 1019 2201; x_wconf 80' lang='lat' dir='ltr'>invisosque,</span> <span class='ocrx_word' id='word_1_168' title='bbox 1052 2155 1298 2197; x_wconf 79' lang='lat' dir='ltr'>viduertatem,</span> <span class='ocrx_word' id='word_1_169' title='bbox 1330 2154 1435 2188; x_wconf 73' lang='lat' dir='ltr'>vasti-</span> 
     </span>
     <span class='ocr_line' id='line_1_22' title="bbox 85 2222 1435 2274; baseline -0.008 -9"><span class='ocrx_word' id='word_1_170' title='bbox 85 2226 325 2274; x_wconf 81' lang='lat' dir='ltr'>tudinemque,</span> <span class='ocrx_word' id='word_1_171' title='bbox 349 2229 561 2263; x_wconf 83' lang='lat' dir='ltr'>calamitates</span> <span class='ocrx_word' id='word_1_172' title='bbox 585 2227 870 2271; x_wconf 88' lang='lat' dir='ltr'>intemperiasque</span> <span class='ocrx_word' id='word_1_173' title='bbox 895 2223 1122 2270; x_wconf 87' lang='lat' dir='ltr'>prohibessis,</span> <span class='ocrx_word' id='word_1_174' title='bbox 1147 2222 1309 2257; x_wconf 81' lang='lat' dir='ltr'>defendas</span> <span class='ocrx_word' id='word_1_175' title='bbox 1336 2232 1435 2255; x_wconf 80' lang='lat' dir='ltr'>aver-</span> 
     </span>
     <span class='ocr_line' id='line_1_23' title="bbox 87 2287 1436 2341; baseline -0.009 -9"><span class='ocrx_word' id='word_1_176' title='bbox 87 2308 289 2341; x_wconf 87' lang='lat' dir='ltr'>runcesque,</span> <span class='ocrx_word' id='word_1_177' title='bbox 316 2296 435 2339; x_wconf 86' lang='lat' dir='ltr'>utique</span> <span class='ocrx_word' id='word_1_178' title='bbox 467 2299 504 2328; x_wconf 89' lang='lat' dir='ltr'>tu</span> <span class='ocrx_word' id='word_1_179' title='bbox 529 2294 657 2337; x_wconf 82' lang='lat' dir='ltr'>fruges,</span> <span class='ocrx_word' id='word_1_180' title='bbox 683 2293 866 2334; x_wconf 88' lang='lat' dir='ltr'>frumenta,</span> <span class='ocrx_word' id='word_1_181' title='bbox 891 2291 1004 2324; x_wconf 82' lang='lat' dir='ltr'>vineta</span> <span class='ocrx_word' id='word_1_182' title='bbox 1032 2289 1248 2332; x_wconf 85' lang='lat' dir='ltr'>virgultaque</span> <span class='ocrx_word' id='word_1_183' title='bbox 1272 2287 1436 2332; x_wconf 82' lang='lat' dir='ltr'>grandire</span> 
     </span>
     <span class='ocr_line' id='line_1_24' title="bbox 86 2355 1437 2408; baseline -0.007 -10"><span class='ocrx_word' id='word_1_184' title='bbox 86 2365 243 2408; x_wconf 86' lang='lat' dir='ltr'>beneque</span> <span class='ocrx_word' id='word_1_185' title='bbox 267 2363 404 2397; x_wconf 84' lang='lat' dir='ltr'>evenire</span> <span class='ocrx_word' id='word_1_186' title='bbox 429 2362 541 2403; x_wconf 81' lang='lat' dir='ltr'>sinas3</span> <span class='ocrx_word' id='word_1_187' title='bbox 578 2365 734 2405; x_wconf 87' lang='lat' dir='ltr'>pastores</span> <span class='ocrx_word' id='word_1_188' title='bbox 757 2369 935 2404; x_wconf 88' lang='lat' dir='ltr'>pecuaque</span> <span class='ocrx_word' id='word_1_189' title='bbox 960 2357 1053 2391; x_wconf 83' lang='lat' dir='ltr'>salva</span> <span class='ocrx_word' id='word_1_190' title='bbox 1076 2356 1259 2398; x_wconf 83' lang='lat' dir='ltr'>servassis,</span> <span class='ocrx_word' id='word_1_191' title='bbox 1293 2355 1437 2398; x_wconf 89' lang='lat' dir='ltr'>duisque</span> 
     </span>
     <span class='ocr_line' id='line_1_25' title="bbox 88 2424 1439 2470; baseline -0.006 -6"><span class='ocrx_word' id='word_1_192' title='bbox 88 2430 208 2464; x_wconf 89' lang='lat' dir='ltr'>bonam</span> <span class='ocrx_word' id='word_1_193' title='bbox 241 2430 385 2464; x_wconf 89' lang='lat' dir='ltr'>salutem</span> <span class='ocrx_word' id='word_1_194' title='bbox 416 2427 713 2470; x_wconf 87' lang='lat' dir='ltr'>valetudinemque</span> <span class='ocrx_word' id='word_1_195' title='bbox 745 2425 848 2468; x_wconf 85' lang='lat' dir='ltr'>mihi,</span> <span class='ocrx_word' id='word_1_196' title='bbox 883 2425 984 2460; x_wconf 90' lang='lat' dir='ltr'>domo</span> <span class='ocrx_word' id='word_1_197' title='bbox 1017 2424 1233 2468; x_wconf 79' lang='lat' dir='ltr'>familiaeque</span> <span class='ocrx_word' id='word_1_198' title='bbox 1265 2424 1439 2458; x_wconf 84' lang='lat' dir='ltr'>nostrae.“</span> 
     </span>
     <span class='ocr_line' id='line_1_26' title="bbox 89 2491 1436 2540; baseline -0.007 -9"><span class='ocrx_word' id='word_1_199' title='bbox 89 2497 219 2530; x_wconf 85' lang='lat' dir='ltr'>Harum</span> <span class='ocrx_word' id='word_1_200' title='bbox 251 2498 355 2540; x_wconf 86' lang='lat' dir='ltr'>igitur</span> <span class='ocrx_word' id='word_1_201' title='bbox 390 2506 502 2530; x_wconf 88' lang='lat' dir='ltr'>rerum</span> <span class='ocrx_word' id='word_1_202' title='bbox 539 2505 642 2529; x_wconf 86' lang='lat' dir='ltr'>causa</span> <span class='ocrx_word' id='word_1_203' title='bbox 677 2494 921 2536; x_wconf 82' lang='lat' dir='ltr'>circumagitur</span> <span class='ocrx_word' id='word_1_204' title='bbox 956 2491 1085 2534; x_wconf 84' lang='lat' dir='ltr'>hostia,</span> <span class='ocrx_word' id='word_1_205' title='bbox 1122 2496 1195 2525; x_wconf 90' lang='lat' dir='ltr'>tum</span> <span class='ocrx_word' id='word_1_206' title='bbox 1232 2491 1436 2524; x_wconf 84' lang='lat' dir='ltr'>immolatur.</span> 
     </span>
     <span class='ocr_line' id='line_1_27' title="bbox 89 2556 1435 2601; baseline -0.006 -5"><span class='ocrx_word' id='word_1_207' title='bbox 89 2563 162 2596; x_wconf 91' lang='lat' dir='ltr'>Diis</span> <span class='ocrx_word' id='word_1_208' title='bbox 195 2567 307 2596; x_wconf 86' lang='lat' dir='ltr'>autern</span> <span class='ocrx_word' id='word_1_209' title='bbox 341 2563 454 2596; x_wconf 82' lang='lat' dir='ltr'>rurale</span> <span class='ocrx_word' id='word_1_210' title='bbox 487 2560 549 2595; x_wconf 76' lang='lat' dir='ltr'>lioc</span> <span class='ocrx_word' id='word_1_211' title='bbox 584 2560 707 2594; x_wconf 85' lang='lat' dir='ltr'>festum</span> <span class='ocrx_word' id='word_1_212' title='bbox 742 2563 976 2594; x_wconf 86' lang='lat' dir='ltr'>consecratum</span> <span class='ocrx_word' id='word_1_213' title='bbox 1011 2562 1084 2591; x_wconf 86' lang='lat' dir='ltr'>erat</span> <span class='ocrx_word' id='word_1_214' title='bbox 1117 2556 1282 2601; x_wconf 77' lang='lat' dir='ltr'>pluribus.</span> <span class='ocrx_word' id='word_1_215' title='bbox 1333 2556 1435 2590; x_wconf 82' lang='lat' dir='ltr'>Quod</span> 
     </span>
     <span class='ocr_line' id='line_1_28' title="bbox 89 2623 1438 2673; baseline -0.008 -10"><span class='ocrx_word' id='word_1_216' title='bbox 89 2631 177 2664; x_wconf 81' lang='lat' dir='ltr'>enim</span> <span class='ocrx_word' id='word_1_217' title='bbox 214 2630 408 2663; x_wconf 70' lang='lat' dir='ltr'>vincimus</span> <span class='ocrx_word' id='word_1_218' title='bbox 441 2630 572 2673; x_wconf 81' lang='lat' dir='ltr'>Georg.</span> <span class='ocrx_word' id='word_1_219' title='bbox 607 2627 634 2669; x_wconf 93' lang='lat' dir='ltr'>I,</span> <span class='ocrx_word' id='word_1_220' title='bbox 671 2630 754 2662; x_wconf 85' lang='lat'><strong>339.</strong></span> <span class='ocrx_word' id='word_1_221' title='bbox 787 2626 948 2660; x_wconf 89' lang='lat' dir='ltr'>Cererem</span> <span class='ocrx_word' id='word_1_222' title='bbox 984 2625 1090 2659; x_wconf 79' lang='lat' dir='ltr'>solam</span> <span class='ocrx_word' id='word_1_223' title='bbox 1125 2623 1292 2664; x_wconf 83' lang='lat' dir='ltr'>nominat,</span> <span class='ocrx_word' id='word_1_224' title='bbox 1337 2632 1438 2656; x_wconf 69' lang='lat' dir='ltr'>causa</span> 
     </span>
    </p>
   </div>
  </div>
 </body>
</html>
