1721 2953
634 85 876 127 TIBULLI.
1310 96 1328 118 c
1337 95 1446 120 xxxv

105 211 145 241 et
174 203 341 255 pinguia
370 208 511 249 musta,
542 198 614 252 qui
641 201 797 252 sttpitem
818 203 1042 238 veneratur
1064 196 1247 234 desertum
1277 192 1320 231 in
1348 192 1452 242 agris

107 286 146 317 et
186 279 345 331 lapidem
382 288 542 315 sacrum
581 277 617 313 in
657 277 779 323 triuio,
825 280 863 312 et
904 273 1081 311 arborum
1121 269 1279 308 fructus
1308 267 1454 305 Siluano

106 353 300 404 apponit,
359 350 487 388 Cereri
528 362 628 388 vero
675 362 871 388 coronam
914 350 1077 400 spiceam
1125 342 1352 396 promittit,
1416 348 1454 378 et

101 429 258 478 pomos-is
283 425 327 462 in
353 424 484 462 hortis
507 425 651 476 Priapo
681 424 843 474 signum
872 430 1036 461 statuet.
1091 420 1250 459 Ferunt
1275 415 1453 468 denique

107 501 224 539 etiam
258 500 378 537 Lares
416 513 591 538 munera
630 513 726 548 sua,
773 497 901 537 felicis
943 498 1062 545 olim,
1115 507 1223 533 nunc
1262 490 1456 544 pauperis

106 575 189 624 agri
228 573 438 624 custodes,
491 582 530 613 et
571 587 664 613 cuni
708 581 794 612 ante
832 575 943 612 vitula
982 574 1175 610 lustraret
1214 569 1456 606 innumeros

102 650 318 699 iuvencos,
347 664 442 687 nunc
472 664 576 699 agna
606 651 682 689 erit
706 650 843 700 exigui
873 648 950 687 soli
979 648 1125 687 hostia.
1181 642 1309 682 Vides
1333 654 1455 694 quam

103 724 254 762 multae
287 723 530 772 divisiones,
561 733 663 777 quot
694 724 974 776 oppositiones
1007 734 1147 760 rerum
1171 726 1209 757 et
1234 718 1457 757 verborum

102 799 145 836 in
185 799 324 850 paucis
367 798 562 839 distichis.
631 799 782 838 Similis
821 807 880 838 est
919 798 1052 837 oratio
1092 796 1136 833 in
1175 792 1459 846 sequentibus.

102 872 209 911 Nam
238 883 458 927 postquam
490 875 620 913 otium
658 876 702 914 in
731 872 902 926 praedio
938 870 1174 924 oppositum
1205 869 1279 908 viis
1309 867 1457 905 milita-

102 948 238 996 ribus,
279 948 546 1000 progreditur
576 947 627 987 ad
666 950 787 988 aliam
827 956 987 1001 partem
1026 945 1273 984 rusticarum
1302 954 1457 989 reruni,

106 1030 146 1059 et
172 1022 354 1073 primum
385 1023 434 1062 de
472 1027 560 1073 agri
588 1023 726 1063 dicens
758 1025 941 1071 cultura,
982 1021 1112 1061 diviso
1146 1018 1280 1058 statim
1307 1016 1457 1055 iteriun

104 1096 182 1135 hoc
212 1098 375 1147 negotio
406 1098 451 1135 in
481 1106 617 1149 partes
647 1113 763 1147 suas,
795 1096 1006 1136 interdum
1030 1097 1171 1134 bidente
1192 1102 1351 1134 vertere
1373 1099 1456 1130 ter-

106 1185 194 1210 ram
225 1181 293 1211 aut
322 1174 466 1211 stimulo
495 1174 623 1212 boves
657 1182 839 1212 aratores
874 1173 1084 1224 impellere
1116 1171 1214 1210 vult.
1282 1169 1369 1206 Iam
1407 1169 1457 1206 ab

107 1249 291 1286 aratione
333 1247 382 1287 ad
418 1252 640 1301 pecuariam
684 1248 843 1287 transit.
929 1248 988 1286 Ac
1028 1258 1104 1285 suo
1146 1243 1289 1296 pecori
1327 1246 1459 1292 em‘guo

105 1322 281 1360 aliorum
319 1336 496 1371 magnum
527 1336 691 1373 gregem
722 1320 918 1374 opponit,
960 1320 1047 1373 ipse
1085 1327 1276 1373 pastorem
1314 1318 1459 1356 lustrat

103 1397 326 1451 quotannis
358 1406 397 1436 et
424 1399 559 1438 Palem
597 1400 730 1450 placat
763 1399 886 1447 lacte,
926 1396 970 1435 iu
1001 1409 1084 1450 quo
1115 1409 1225 1436 nova
1257 1392 1458 1434 divisione

103 1473 339 1526 pastoritiae
369 1473 578 1524 religionis
605 1473 709 1513 duos
734 1473 837 1512 ritus
863 1472 1047 1524 potiores
1075 1470 1207 1524 pouit.
1262 1469 1458 1522 Denique

104 1549 283 1588 tractatis
318 1548 486 1599 singulis
524 1548 749 1599 generatim
784 1548 950 1588 invocat
983 1546 1082 1586 deos
1112 1554 1159 1585 ut
1191 1543 1344 1594 adsint,
1384 1558 1458 1583 nec

104 1640 125 1665 e
164 1638 291 1663 mensa
330 1638 514 1676 paupere
555 1631 752 1676 spernant
794 1623 904 1662 dona
943 1637 1019 1662 nec
1062 1636 1083 1660 e
1110 1621 1292 1674 fictilibus
1331 1620 1460 1671 puris.

103 1698 205 1738 Inde
248 1698 410 1739 divitias
451 1707 616 1750 patrum
657 1700 875 1751 largosque
915 1696 1070 1736 reditus
1113 1710 1306 1747 agrorum
1348 1705 1460 1747 post-

104 1775 224 1827 ponit
251 1775 360 1813 vitae
399 1773 542 1825 paucis
573 1781 811 1823 contentae,
853 1780 892 1811 et
928 1773 1060 1810 lectum
1089 1768 1318 1809 iucundum
1351 1769 1463 1809 domi

105 1848 313 1901 praedicat
343 1857 382 1887 et
417 1863 585 1887 somnum
622 1861 813 1887 securum
852 1861 951 1899 prae
981 1845 1125 1885 militia
1144 1846 1317 1897 furorem
1348 1850 1461 1885 maris

106 1933 145 1963 et
185 1925 317 1963 tristes
353 1924 496 1976 pluvias
534 1924 714 1973 serente,
759 1931 798 1962 et
834 1935 981 1961 aurum
1016 1920 1333 1973 smaragdosque
1365 1934 1462 1961 con-

104 1999 250 2037 temnit
278 1997 350 2037 ubi
376 1997 472 2037 fleat
502 1997 725 2037 discessum
757 2011 850 2038 cara
877 1998 1037 2050 puella,
1069 2005 1109 2035 et
1138 1996 1236 2036 (lum
1261 1996 1461 2035 Messalae

102 2076 262 2124 gloriam
301 2075 495 2113 militarem
528 2072 690 2124 laudat,
731 2073 818 2125 ipse
853 2072 931 2112 sibi
968 2086 1134 2111 amorem
1165 2072 1310 2111 Deliae
1343 2086 1463 2124 prae-

104 2150 207 2188 fert:
238 2150 345 2189 hanc
373 2157 541 2202 spectare
572 2148 684 2201 cupit
711 2162 903 2200 suprema
925 2148 1050 2197 hora,
1079 2148 1187 2186 hanc
1215 2155 1335 2186 tenere
1365 2146 1463 2185 defi-

107 2225 238 2264 ciente
268 2238 409 2263 manu.
475 2224 636 2263 Rursus
671 2223 793 2262 etiam
822 2223 944 2261 Delia
974 2221 1130 2273 lugebit
1159 2222 1316 2260 Tibulli
1351 2235 1463 2260 mor-

106 2309 188 2340 tem
199 2330 210 2350 ,
247 2314 323 2339 nec
355 2299 507 2353 poterit
534 2298 583 2337 de
614 2299 760 2338 sunere
791 2301 924 2337 inoem's
948 2312 1022 2337 nec
1053 2300 1152 2346 virgo
1184 2295 1320 2336 redire
1352 2296 1464 2336 siccis

108 2376 264 2425 oculis,
303 2376 346 2414 in
389 2388 473 2428 quo
515 2388 623 2414 nova
659 2373 919 2426 oppositione
963 2371 1121 2423 egregia
1163 2372 1235 2411 has
1277 2372 1464 2411 lacrimas

107 2451 336 2501 lugentium
364 2451 534 2490 bellicae
566 2450 718 2500 gloriae
749 2449 943 2501 praefert.
1008 2445 1106 2487 Inde
1143 2462 1164 2486 a
1194 2450 1326 2487 luctus
1357 2449 1464 2499 cogi-

110 2526 262 2564 tatione
295 2525 344 2565 ad
375 2523 522 2576 gaudia
554 2526 705 2564 amoris
736 2524 859 2568 redit,
904 2524 1175 2575 hortaturque
1211 2526 1388 2574 puellam
1420 2534 1462 2563 ut
