1721 2953
490 115 732 162 TIBULLI
779 115 890 162 ΠΒ.
917 115 988 162 lv.
1016 126 1048 162 1.
1376 118 1440 163 77

172 240 456 304 Erigoneque
486 240 731 305 Canisque,
774 250 905 302 neget
940 257 995 286 ne
1030 238 1210 302 longior
1240 248 1370 284 aetas.

172 326 297 388 Quin
333 325 464 372 etiam
499 325 681 372 Alcides
720 324 829 371 deus
867 343 1133 372 ascensurus
1163 322 1411 391 Olympum

158 412 294 457 Laeta
325 410 598 458 Molorcheis
634 411 785 476 posuit
821 411 1004 473 vestigia
1041 410 1192 471 tectis,

171 496 402 560 Parvaque
439 495 637 543 caelestis
675 495 864 561 placavit
900 496 1037 553 mica,
1085 514 1166 542 1166
1199 493 1286 540 illis

119 581 363 645 15Semper
394 582 600 629 inaurato
634 594 788 629 taurus
825 582 943 629 cadit
980 582 1124 628 hostia
1162 598 1314 627 cornu.

170 667 253 714 Hic
278 687 457 733 quoque
482 668 538 715 sit
564 680 716 732 gratus
738 687 903 732 parvus
926 667 1067 724 labor,
1097 678 1146 712 ut
1166 666 1244 712 tibi
1268 663 1437 729 possim

168 752 280 798 Inde
317 752 426 800 alios
464 752 663 818 aliosque
699 772 871 800 memor
907 770 1176 817 componere
1212 768 1378 797 versus.

233 837 361 885 Alter
395 838 514 886 dicat
550 858 663 904 opus
698 839 852 902 magni
887 837 1091 885 mirabile
1127 834 1312 891 mundi,

166 922 325 984 Qualis
361 923 408 970 in
444 924 649 971 inmenso
686 924 908 971 desederit
944 942 1043 971 aere
1078 921 1232 978 tellus,

115 1008 333 1070 20Qualis
369 1021 410 1056 et
444 1010 491 1056 in
523 1030 707 1058 curvum
739 1023 905 1076 pontus
943 1008 1207 1057 confluxerit
1242 1006 1421 1064 orbem,

165 1094 220 1140 Et
255 1113 416 1157 vagus,
460 1115 481 1142 e
521 1096 650 1142 terris
687 1116 775 1162 qua
810 1114 993 1159 surgere
1029 1095 1210 1151 nititur,
1258 1080 1356 1149 aer,

166 1180 282 1226 Huic
319 1193 360 1227 et
395 1193 624 1228 contextus
658 1182 826 1246 passim
861 1180 971 1227 fluat
999 1181 1158 1243 igneus
1193 1177 1368 1234 aether,

165 1265 476 1332 pendentique
512 1285 649 1331 super
684 1266 953 1313 claudantur
988 1278 1036 1312 ut
1072 1264 1223 1311 omnia
1256 1262 1403 1310 caelo:

168 1350 251 1408 Α1,
287 1352 589 1416 quodcunque
624 1369 748 1398 meae
780 1362 990 1416 poterunt
1013 1349 1177 1396 audere
1202 1349 1437 1405 Camenae,

112 1436 262 1483 258611
281 1437 360 1483 tibi
381 1456 465 1502 par
483 1448 694 1502 poterunt
715 1455 807 1494 seu,
838 1436 962 1501 quod
987 1454 1088 1500 spes
1116 1435 1286 1492 abnuit,
1321 1434 1439 1481 ultra

166 1522 266 1568 Sive
283 1522 431 1569 minus
449 1520 672 1588 (certeque
689 1534 850 1570 canent
862 1522 1046 1585 minus),
1075 1539 1205 1567 omne
1226 1538 1434 1566 vovemus

161 1608 259 1654 Hoc
296 1608 398 1665 tibi,
444 1627 526 1655 1166
555 1620 678 1655 tanto
714 1619 861 1655 careat
896 1607 1006 1653 mihi
1031 1605 1227 1653 carmine
1264 1604 1430 1651 charta.

160 1695 288 1751 Nam,
304 1714 559 1759 quanquam
574 1695 782 1758 antiquae
796 1694 938 1756 gentis
950 1704 1165 1757 superant
1177 1691 1256 1737 tibi
1268 1691 1437 1747 laudes,

165 1780 268 1825 Non
304 1791 377 1826 tua
412 1780 632 1826 maiorum
671 1790 878 1826 contenta
913 1790 977 1824 est
1013 1777 1154 1841 gloria
1191 1777 1335 1833 sama,

111 1865 260 1911 aoNec
293 1865 470 1929 quaeris
491 1865 602 1930 quid
630 1883 806 1929 quaque
831 1864 964 1910 index
983 1863 1068 1910 sub
1088 1863 1284 1925 imagine
1306 1862 1437 1918 dicat,

167 1950 257 1996 Sed
295 1951 472 2013 generis
503 1951 676 2015 priscos
709 1949 943 1997 contendis
975 1949 1150 1995 vincere
1186 1948 1406 2004 honores,

164 2035 315 2097 Quam
348 2036 429 2083 tibi
465 2036 658 2084 maiores
694 2036 839 2083 maius
875 2035 1012 2082 decus
1049 2034 1145 2099 ipse
1181 2034 1368 2080 suturis:

179 2182 290 2215 V.14.
326 2183 528 2225 placavit
561 2184 685 2226 Imm,
731 2184 822 2227 quod
856 2183 1006 2217 restituit
1037 2183 1317 2223 BRomfflthms,
1361 2179 1437 2212 libri

86 2247 240 2290 plerique
265 2247 423 2291 pacavit.

178 2313 294 2347 5221.
321 2313 394 2346 libri
422 2323 451 2346 e.
501 2313 617 2354 Vulgo
643 2324 666 2344 a
691 2313 733 2346 de
759 2314 953 2347 coniectura
974 2314 1156 2355 Bnrrmr,
1187 2312 1278 2355 quod
1305 2316 1340 2345 et
1364 2313 1436 2355 ipse

85 2378 203 2421 probo.
230 2397 275 2403 -
334 2379 373 2412 V.
389 2381 445 2412 22.
480 2383 523 2411 et
553 2379 641 2412 libri.
689 2379 846 2412 Puccms
881 2380 968 2413 bene
1003 2386 1059 2415 ut,
1081 2399 1129 2403 —
1185 2380 1226 2413 V.
1243 2382 1300 2413 25.
1328 2378 1437 2419 ultro,

84 2444 188 2485 vulgo
214 2444 303 2486 quod
338 2444 522 2487 probatur,
553 2454 618 2476 non
645 2448 697 2476 est
723 2445 755 2476 in
787 2445 901 2486 libris,
936 2449 971 2478 et
994 2444 1057 2477 sed
1080 2456 1131 2488 pr.
1157 2457 1216 2477 sen
1244 2446 1276 2478 in
1309 2445 1436 2488 paucis.

85 2507 215 2541 Tamen
240 2519 358 2541 sensus
383 2509 512 2541 melior.
558 2509 767 2552 Propagavit
789 2509 958 2543 vomas.
979 2528 1024 2533 -—
1073 2510 1114 2543 V.
1129 2512 1186 2545 26.
1215 2520 1437 2545 vovemus.

86 2573 151 2606 Alii
180 2573 257 2606 boni
283 2585 478 2615 movemus,
513 2575 599 2608 male
624 2574 714 2617 quod
745 2575 870 2619 placuit
896 2574 1109 2618 quibusdam.
