1721 2953
313 206 428 230 mxiv
839 187 915 226 DE
948 186 1104 230 POESI

311 300 382 354 qui
417 302 530 340 locus
567 299 758 340 notabilis
793 307 965 352 propter
999 298 1315 340 concinnitatem
1349 311 1458 336 nunc
1487 294 1653 350 quidem

312 378 446 416 minus
478 390 601 430 quam
639 376 743 415 solet
777 376 1035 416 observatam
1070 391 1094 415 a
1126 384 1271 428 poeta3
1314 389 1410 414 nam
1448 372 1575 413 doceo
1610 374 1654 412 iu

311 451 618 492 Commentario
656 450 712 491 sic
743 449 954 503 iungenda
991 450 1174 502 singula:
1214 464 1300 491 non
1334 450 1437 490 acies
1473 462 1559 488 non
1594 449 1656 487 ira

310 528 405 577 suit,
437 540 523 567 non
548 526 657 565 bella
686 540 761 566 nec
792 526 913 566 ensis.
968 526 1080 565 Haec
1109 526 1320 566 hactenus.
1378 523 1506 564 Vides
1530 536 1654 576 quam

309 603 484 655 simplex
526 601 578 641 sit
619 601 811 642 Tibullus
853 601 897 640 in
939 601 1168 641 variatione
1209 609 1249 641 et
1291 614 1373 654 quo
1413 599 1566 640 iudicio
1608 612 1656 638 ea

310 687 463 718 utatur.
529 678 667 717 Placet
695 691 796 717 vero
829 676 1026 726 variatio,
1067 684 1112 716 ut
1141 675 1249 726 dixi,
1291 677 1389 730 quia
1418 676 1534 728 vigor
1563 689 1655 715 ora-

308 753 433 792 tionis
469 754 510 792 in
548 766 769 805 progressu
812 752 933 790 etiam
971 751 1027 790 sic
1064 751 1188 791 alitur
1230 751 1412 803 egregie,
1452 750 1656 804 siquidem

311 843 420 869 nunc
444 828 523 868 hoc
548 842 658 867 nunc
683 828 754 867 illo
776 825 910 867 modo‘
927 834 1042 867 curat
1069 827 1192 866 scitus
1215 835 1358 880 poeta,
1388 835 1435 867 ut
1461 825 1657 880 quodque

310 905 543 944 membrum
587 903 670 942 vim
714 901 906 942 idoneam
943 903 1094 942 habeat
1140 916 1215 941 nec
1253 903 1444 954 langueat
1483 916 1658 955 usquam

311 978 547 1018 continuata
573 978 719 1017 oratio.
774 977 821 1016 In
847 991 970 1030 quam
994 991 1082 1016 rem
1107 990 1216 1016 nunc
1240 978 1361 1016 etiam
1387 976 1466 1016 alia
1489 977 1658 1025 notabo,

311 1054 461 1106 quibus
493 1061 666 1092 utuntur
699 1050 749 1091 ad
779 1050 1005 1103 augendam
1036 1051 1120 1092 vim
1154 1051 1415 1104 pentametri.
1471 1051 1657 1090 Primum

311 1128 384 1167 ubi
411 1125 619 1180 praecedit
646 1128 689 1165 in
719 1128 960 1166 hexametro
991 1127 1182 1175 causalis,
1214 1125 1520 1176 conditionalis,
1551 1127 1659 1166 rela-

309 1202 393 1244 tiva
434 1202 657 1251 sententia,
712 1201 870 1240 illatum
910 1201 955 1240 in
995 1200 1199 1253 apodosin
1236 1215 1468 1253 pronomen
1507 1206 1560 1250 1¹⁵,
1604 1204 1661 1241 ille

310 1279 510 1330 egregiam
540 1278 621 1316 vim
651 1278 794 1324 habet,
823 1276 951 1316 veluti
978 1276 1020 1315 in
1050 1277 1164 1329 gravi
1193 1276 1487 1328 affirmatione,
1517 1277 1658 1317 horta-

309 1356 443 1404 tione,
484 1352 674 1405 querela,
715 1351 1018 1400 exsecratione,
1059 1360 1104 1390 ut
1134 1352 1175 1400 I,
1205 1355 1244 1401 2,
1277 1355 1355 1391 39:

424 1438 560 1492 Siquis
593 1446 630 1477 et
658 1436 898 1490 imprudens
929 1435 1186 1489 adspexerit,
1222 1437 1378 1478 occulat
1407 1436 1475 1475 ille

477 1515 639 1566 Perque
670 1511 767 1552 deos
800 1526 941 1552 omnes
971 1525 1014 1550 se
1043 1512 1276 1552 meminisse
1309 1520 1440 1562 neget.

308 1602 349 1651 Ι,
381 1602 429 1647 4,
458 1604 535 1641 68:

424 1677 477 1716 At
508 1675 580 1729 qui
609 1688 693 1714 non
724 1672 839 1713 audit
866 1672 1028 1722 Musas,
1069 1673 1142 1726 qui
1170 1670 1314 1712 vendit
1343 1685 1543 1723 amorem,

480 1749 624 1789 Idaeae
656 1763 799 1788 currus
829 1747 897 1788 ille
932 1755 1128 1800 sequatur
1157 1744 1282 1799 Opis,

310 1836 384 1876 ubi
424 1836 533 1876 conf,
570 1835 770 1887 Explicat.
808 1843 846 1873 et
885 1833 990 1873 dicta
1032 1832 1083 1871 ad
1122 1832 1181 1881 II,
1222 1837 1269 1883 3,
1305 1836 1375 1873 26.
1436 1834 1571 1886 Atque
1612 1834 1656 1873 in

310 1912 425 1951 finali
463 1910 684 1957 sententia,
734 1909 806 1947 ubi
846 1909 1075 1947 subiectum
1111 1909 1329 1961 utriusque
1361 1922 1506 1949 versus
1537 1907 1659 1957 idem,

310 1986 461 2040 passim
499 1986 541 2024 in
582 1991 838 2037 pentametro
880 1982 1044 2022 demum
1086 1982 1256 2036 ponitur
1293 1996 1446 2022 nomen
1480 1998 1571 2024 cum
1603 1985 1659 2025 vi.

310 2065 353 2112 I,
386 2066 428 2109 1,
461 2064 537 2099 17:

426 2133 695 2186 Pomosisque
725 2133 853 2171 ruber
883 2139 1017 2170 custos
1048 2139 1229 2184 ponatur
1256 2133 1301 2171 in
1329 2132 1480 2183 hortis,

480 2210 650 2248 Terreat
683 2215 727 2247 ut
760 2220 880 2247 saeva
915 2207 1017 2246 falce
1045 2209 1210 2261 Priapus
1239 2222 1355 2258 aves,

312 2304 383 2338 aut
419 2309 494 2349 pro
533 2308 581 2335 eo
618 2294 793 2334 insertur
829 2306 1084 2345 pronomen,
1126 2294 1253 2336 veluti
1284 2293 1524 2348 Propertius
1562 2294 1657 2334 facit

310 2374 353 2422 I,
385 2375 433 2421 9,
461 2371 540 2410 24:

421 2456 571 2496 Nullus
600 2455 729 2494 Amor
761 2452 951 2507 cuiquam
983 2453 1120 2492 faciles
1150 2453 1206 2492 ita
1235 2454 1428 2505 praebuit
1458 2455 1560 2504 alas,

477 2529 533 2570 Ut
565 2544 647 2569 nou
681 2529 837 2568 alterna
866 2527 1061 2581 presserit
1088 2528 1144 2566 ille
1172 2541 1310 2567 manu.

311 2621 394 2660 Aut
424 2617 667 2659 adiectivum
697 2615 882 2667 additur,
920 2624 965 2656 ut
994 2616 1087 2657 Tib.
1116 2617 1176 2664 ΙΙ,
1211 2619 1254 2665 1,
1287 2619 1367 2655 50:
