1721 2953
309 146 390 183 416
615 137 985 181 COMMENTAR.
1017 141 1075 181 IN
1107 141 1336 182 TIBULLI

313 260 368 288 tur
390 254 433 288 de
458 255 522 287 isto
548 253 651 294 bello,
677 256 788 286 totum
813 252 907 287 illum
931 257 1097 288 terrarum
1127 257 1273 288 tractum
1297 260 1486 298 auguratur
1511 267 1530 288 a
1556 256 1652 289 Mes-

310 323 382 354 sala
406 321 596 354 subiectum
626 319 688 360 iri,
723 323 759 352 et
783 323 969 354 extremam
1001 321 1130 353 Indiam
1165 331 1206 354 ac
1233 321 1375 354 Tanaim
1401 323 1652 365 septentriona-

310 389 376 421 lem
411 396 473 429 pro
506 386 628 418 tinibus
662 390 847 428 memorat,
884 397 969 430 quos
1005 388 1158 421 aditurus
1193 388 1238 420 sit
1272 388 1432 422 Messala.
1490 388 1652 421 Ceterum

310 453 519 485 constructio
545 452 725 486 verborum
761 452 814 486 hic
845 458 880 487 et
910 455 943 487 in
970 455 1191 497 sequentibus
1225 458 1296 488 est:
1338 465 1399 487 nec
1427 454 1650 487 remorabitur

310 521 343 550 te
368 517 480 559 tellus,
505 527 571 559 qua
593 517 691 550 Nilus
716 518 769 550 vel
794 517 968 563 Choaspes
993 520 1142 562 profluit,
1167 518 1300 553 etc.'—
1322 521 1447 562 regia
1473 519 1649 564 lympha

309 581 561 625 Choaspes,
599 582 688 626 apud
712 581 877 626 Parthos,
916 584 960 618 cf.
984 584 1094 617 Pam.
1119 584 1181 626 Ill,
1207 587 1272 618 31:
1313 585 1532 617 Parthorum
1556 597 1653 630 reges

309 659 352 680 ex
379 648 534 692 Choaspe
560 653 704 680 tantum
730 647 871 685 bibant,
905 656 940 681 et
965 661 1027 681 eae
1060 661 1177 695 aquae
1202 650 1364 695 quamvis
1395 649 1433 682 in
1459 649 1654 695 longinqua

311 714 527 747 comitantur
560 713 660 750 illos,
699 718 735 747 ut
766 719 866 748 antea
894 714 984 758 apud
1018 716 1162 757 Persas,
1201 716 1245 750 cf.
1273 715 1417 749 HssRon.
1444 715 1472 757 I,
1499 719 1577 749 188.
1607 733 1652 740 —-

309 779 519 815 Profluit
556 779 587 813 h.
615 790 646 813 e·
681 790 718 813 se
753 780 916 821 effundit,
957 782 1092 825 προρέει
1125 781 1258 814 Oans.
1284 781 1326 823 V,
1352 783 1434 815 444.
1457 799 1505 806 -—
1545 781 1652 823 Cyri

309 846 537 880 dementia
563 846 766 889 Gyndes,
801 847 921 880 fluvius
946 847 1178 889 Babyloniae,
1212 849 1268 891 qui
1293 858 1391 890 cum,
1416 848 1508 891 Cyro
1533 848 1652 891 Baby-

309 913 422 946 lonem
447 916 708 956 oppugnatum,
734 923 837 946 unum
864 924 907 947 ex
933 915 1029 957 equis
1056 915 1160 957 regiis
1191 915 1396 959 abripuisset
1421 915 1451 948 vi
1478 926 1559 956 sua,
1583 916 1651 947 ira-

308 982 364 1011 tus
392 989 454 1011 rex
479 979 620 1021 iuravit,
655 990 697 1013 eo
723 990 760 1013 se
785 980 1002 1014 redacturum
1028 980 1088 1015 has
1118 981 1244 1023 undas,
1279 985 1318 1014 ut
1349 982 1450 1015 etiam
1475 992 1494 1014 a
1520 982 1653 1014 feminis

311 1045 447 1078 transiri
480 1049 630 1089 possent.
679 1046 849 1089 Dispersit
881 1045 986 1088 igitur
1009 1047 1142 1079 alveum
1175 1047 1209 1079 in
1240 1049 1310 1079 360
1342 1046 1452 1087 rivos3
1488 1046 1548 1079 sed
1575 1056 1650 1079 cum

312 1116 417 1144 totam
443 1115 608 1145 aestatem
635 1112 669 1144 in
695 1111 756 1144 hac
782 1121 819 1144 re
845 1115 1082 1152 consumeret,
1122 1110 1250 1144 fractus
1286 1116 1337 1143 est
1375 1112 1514 1144 militum
1552 1110 1653 1143 ardor

310 1180 345 1209 et
370 1176 551 1218 Babylonii
580 1177 714 1209 interim
741 1180 875 1219 tempus
908 1177 998 1209 nacti
1032 1180 1110 1209 sunt
1139 1175 1182 1208 ad
1213 1176 1301 1209 vires
1325 1186 1405 1209 suas
1431 1176 1652 1231 coliigendas.

309 1241 388 1275 Vid.
416 1242 562 1276 HssRoD.
588 1242 616 1283 I,
644 1244 722 1274 189.
748 1244 831 1274 202.
868 1241 912 1283 V,
936 1244 994 1275 52.
1040 1242 1176 1275 Smne.
1203 1242 1245 1275 de
1269 1242 1324 1275 lta
1350 1241 1410 1284 ΙΙΙ,
1431 1244 1490 1275 21.
1539 1243 1654 1275 Pius..

311 1309 421 1342 Onos.
447 1309 538 1342 Hist.
563 1309 606 1351 11,
633 1312 687 1350 6.,
725 1318 812 1351 quae
836 1308 904 1341 iam
935 1308 1141 1352 interpretes
1167 1308 1356 1342 laudarunt.
1381 1326 1427 1332 —
1466 1308 1551 1341 Mox
1576 1308 1652 1341 cod.

312 1374 558 1407 Cuucmmss:
594 1373 714 1407 Ardet
739 1374 921 1409 Arateis,
948 1374 1038 1407 unde
1064 1375 1318 1408 LAcffluANNus
1342 1375 1432 1407 felici
1460 1376 1655 1407 coniectura

312 1442 421 1474 Aret
454 1440 667 1481 emendavit3
704 1441 930 1473 comminutus
957 1441 1044 1474 enim
1079 1441 1112 1473 in
1147 1445 1199 1474 tot
1233 1442 1348 1474 alveos
1373 1441 1494 1474 fluvius
1527 1450 1656 1484 prope-

313 1506 450 1539 modum
475 1507 666 1539 exsiccatus
692 1512 775 1539 erat.
825 1507 1048 1540 Arecteos
1085 1518 1244 1551 campos,
1277 1518 1421 1550 quorum
1456 1518 1577 1540 nomen
1613 1507 1655 1539 ab

313 1573 408 1606 Areo
435 1574 467 1606 in
493 1575 631 1607 GENES.
659 1584 689 1606 c.
713 1573 758 1606 X.
786 1573 978 1615 deducunt,
1003 1575 1121 1607 volunt
1150 1575 1358 1616 Babylonios
1386 1586 1480 1616 esse,
1515 1576 1657 1608 Vossius

314 1640 503 1671 Darnaeos
537 1638 703 1679 coniecit,
741 1647 816 1670 cum
854 1638 1061 1672 Hunonowo
1096 1642 1184 1671 teste
1217 1639 1243 1680 I,
1282 1642 1359 1688 189..
1393 1650 1454 1683 per
1488 1639 1549 1673 hos
1575 1641 1659 1674 fluat

313 1703 476 1745 Gyndes,
511 1703 570 1735 ubi
596 1706 707 1735 tamen
733 1703 836 1736 lectio
860 1703 1002 1737 incerta.
1052 1703 1131 1747 Ipse
1157 1704 1190 1737 in
1225 1708 1294 1738 tam
1329 1705 1472 1738 obscura
1506 1716 1543 1739 re
1578 1706 1656 1739 nihil

314 1769 414 1802 addo.
443 1788 487 1794 —
528 1770 572 1803 V.
600 1771 666 1802 143
692 1780 766 1812 sqq.
816 1769 908 1803 Nec
943 1780 1025 1813 qua
1059 1782 1198 1814 regna
1232 1781 1344 1814 vago
1379 1775 1443 1805 etc.
1471 1770 1501 1805 h.
1529 1782 1558 1805 e·
1594 1783 1658 1805 nec

313 1846 382 1878 qua
406 1835 567 1877 Tomyris
601 1835 698 1877 regni
732 1835 832 1868 finem
858 1834 940 1867 fecit
965 1836 1113 1869 Araxen.
1162 1836 1243 1869 Fuit
1274 1835 1358 1869 haec
1384 1837 1657 1879 Massagetarum

313 1903 452 1945 regina,
483 1913 570 1945 quae
596 1902 723 1944 Cyrum
750 1906 878 1935 temere
905 1903 992 1935 ultra
1018 1904 1155 1936 Araxen
1182 1914 1398 1947 progressum
1424 1905 1505 1937 vicit
1533 1908 1567 1936 et
1593 1914 1654 1936 oc-

313 1970 407 2012 cidit,
436 1970 653 2011 restituitque
678 1970 762 2001 fines
787 1970 883 2011 regni
907 1971 969 2004 sui.
1021 1971 1073 2004 Cf.
1098 1971 1242 2004 Hauon.
1268 1971 1295 2012 I,
1318 1974 1388 2004 ‘205
1407 1982 1481 2014 sqq.
1519 1971 1658 2003 Ius'rrN.

315 2037 343 2078 I,
370 2040 404 2071 8.
453 2037 491 2070 In
518 2037 652 2069 nomine
678 2035 823 2069 feminae
849 2038 977 2070 variant
1003 2038 1098 2079 libri;
1142 2039 1238 2082 Tomj
1252 2037 1300 2069 ris
1325 2039 1428 2071 etiam
1455 2037 1659 2070 Hanonorro

314 2102 439 2134 dicitur
478 2106 513 2135 et
549 2102 661 2134 Pmr..
698 2102 833 2134 Onosm
868 2102 894 2143 Ι,
931 2106 964 2134 7.
994 2119 1036 2126 —-
1086 2113 1197 2143 vago
1240 2104 1405 2143 Araxe,
1451 2102 1595 2135 Hons'r.
1632 2102 1658 2143 I,

314 2169 372 2208 34,
399 2169 440 2200 9:
479 2177 576 2210 vaga
601 2165 769 2209 flamina.
817 2166 882 2199 Est
914 2166 1018 2208 igitur
1050 2171 1252 2210 perpetuum
1287 2165 1460 2210 epitheton
1486 2167 1659 2200 fluminum

315 2236 422 2268 multa
454 2235 529 2268 loca
565 2235 771 2268 adeuntium.
798 2253 842 2258 —-
883 2234 1097 2267 Padaeus.
1146 2235 1258 2268 Recte
1295 2234 1361 2266 dici
1396 2238 1548 2276 poterat:
1586 2233 1660 2266 Nec

316 2310 382 2342 qua
408 2318 454 2323 —
478 2299 604 2340 finivit,
641 2300 742 2342 impia
768 2300 820 2331 vel
846 2318 890 2323 —
917 2302 1029 2340 tenet,
1061 2303 1138 2331 aut:
1177 2300 1348 2342 impiaque
1374 2301 1407 2332 in
1434 2300 1545 2332 saevis
1572 2303 1658 2339 ete.;

315 2375 403 2399 nunc
429 2369 541 2398 autem
568 2365 705 2408 impia
737 2375 816 2397 nec
842 2365 988 2406 legitur,
1021 2364 1080 2396 ubi
1107 2375 1178 2408 qua
1210 2365 1321 2397 omitti
1347 2364 1403 2397 vix
1428 2364 1539 2407 potuit
1565 2368 1659 2395 recte

316 2441 378 2474 per
402 2431 676 2473 grammaticam,
714 2430 944 2464 cf.Vosslun1
981 2430 1023 2463 ad
1059 2430 1090 2463 h.
1119 2431 1140 2464 1.
1190 2431 1305 2466 Quare
1339 2431 1591 2463 LAchANNUs
1627 2440 1658 2463 ν.

316 2496 473 2529 ultima
496 2515 543 2521 —
565 2507 666 2529 arva
701 2496 893 2540 parenthesi
927 2498 1081 2539 inclusit,
1116 2501 1154 2530 ut
1179 2497 1228 2529 =ad
1261 2495 1429 2528 Padaeus
1462 2497 1660 2538 suppleatur

317 2561 561 2596 remorabitur.
612 2564 826 2606 Quamquam
859 2564 994 2598 dubites
1028 2563 1090 2597 hoc
1122 2564 1268 2597 voluisse
1292 2565 1447 2605 poetam,
1482 2562 1509 2593 si
1535 2561 1576 2593 ad
1603 2571 1658 2593 se—

318 2630 455 2671 quentia
492 2627 656 2665 attendas]
721 2630 884 2666 Ceterum
926 2631 967 2665 de
1007 2633 1135 2676 populo
1174 2634 1314 2665 annotat
1356 2629 1657 2662 Baoucxnusms:
