1721 2953
293 160 460 186 (mxxxii
834 149 910 190 DE
944 147 1103 194 POESl

291 261 445 313 logicae
476 260 714 315 hypothesis
741 261 1049 306 similitudinem
1080 267 1264 307 haberet.
1323 264 1447 315 Quod
1477 280 1559 308 non
1592 267 1648 306 ita

293 336 516 388 intelliges,
563 337 681 390 quasi
718 351 802 377 non
842 337 922 380 dici
962 342 1134 382 omnino
1172 342 1229 382 sic
1267 343 1399 395 possit
1437 342 1480 381 in
1517 342 1647 394 poesi,

293 413 364 454 sed
398 415 571 453 alterum
596 414 810 466 pulchrius
836 415 1014 458 videtur.
1071 417 1153 459 Sed
1181 421 1356 461 observa
1385 433 1497 458 nunc
1526 419 1649 458 etiam

291 490 335 528 in
366 488 512 528 ceteris
539 490 749 530 sententiis
779 500 926 544 poetae
954 507 1128 534 morem.
1185 494 1321 534 Dicit:
1351 502 1483 534 cantus
1501 494 1649 534 Lunam

292 581 311 605 e
337 579 450 604 curru
470 565 654 605 deducere
677 574 793 607 tentat
815 569 864 608 Et
881 566 1053 621 faceret,
1082 573 1116 608 si
1135 584 1205 609 non
1227 585 1322 610 aera
1344 572 1494 624 repulsa
1514 576 1650 618 sonent,

292 638 410 681 dicit:
445 643 617 680 carmina
644 644 684 681 m'
705 644 796 692 sint,
825 644 886 683 Ex
904 645 1055 684 humero
1077 646 1224 698 Pelopis
1251 660 1322 685 non
1349 648 1509 685 nituisset
1537 645 1650 694 οὔπη

292 729 388 755 nam
419 715 540 757 etiam
568 731 679 757 nunc
707 718 765 758 ita
793 719 894 758 haec
926 718 1113 759 intuetur
1141 726 1301 770 mente,
1341 728 1387 758 ut
1418 733 1523 772 quae
1554 725 1649 757 ante

293 791 435 831 oculos
466 799 591 843 stent,
623 793 741 847 quasi
769 794 814 833 in
839 792 995 835 medias
1020 808 1085 835 res
1110 802 1346 848 praesentes
1368 807 1445 833 nos
1470 793 1649 842 ducens;

291 866 335 904 in
372 866 562 907 secundis
604 877 741 909 autem
781 870 977 910 membriS
1011 869 1064 909 ad
1099 871 1275 911 formam
1315 868 1479 909 dicendi
1513 870 1649 923 hypo-

292 942 485 982 theticam
523 942 648 994 redit,
693 958 828 985 meras
871 946 1158 986 conclusiones
1199 960 1241 986 se
1281 946 1433 986 ducere
1469 954 1508 985 et
1542 958 1648 999 quae

294 1017 396 1056 nihil
427 1017 510 1058 sint
550 1018 685 1070 aliud,
728 1020 986 1061 recordatus.
1057 1022 1225 1062 Poterat
1257 1021 1308 1062 ad
1344 1020 1516 1062 eandem
1550 1035 1650 1062 nor-

292 1106 401 1132 mam
428 1093 473 1132 in
501 1093 592 1133 his:
636 1095 809 1149 Quisquis
839 1099 1120 1150 inornatumque
1150 1105 1264 1151 caput
1298 1101 1486 1152 crinesque
1515 1098 1650 1136 solutos

293 1168 531 1221 Adspiceret,
559 1170 701 1209 Phoebi
728 1180 923 1224 quaereret
949 1173 1007 1211 ille
1036 1186 1204 1222 comam,
1242 1172 1315 1211 ubi
1346 1171 1396 1212 de
1428 1173 1651 1226 praeterita

292 1258 337 1283 ro
366 1258 524 1294 sermo,
555 1245 600 1284 in
625 1246 757 1287 altero
785 1248 972 1287 membro
1001 1251 1232 1301 quaesivisset
1261 1246 1415 1299 dicere,
1449 1247 1522 1289 sed
1551 1262 1649 1288 con-

294 1319 471 1361 tinuavit
512 1320 696 1372 priorem
740 1320 944 1372 cogitandi
989 1323 1193 1362 rationem
1241 1336 1418 1364 nervose
1464 1337 1528 1375 pr.
1567 1332 1650 1363 erat

293 1395 395 1448 quod
432 1402 638 1449 quaereret.
703 1395 762 1434 Ac
796 1395 958 1447 saepius
991 1404 1031 1435 et
1062 1397 1168 1435 hanc
1202 1397 1380 1436 formam
1412 1397 1649 1439 invenimus

295 1469 368 1509 ubi
407 1477 468 1509 est
507 1467 662 1522 duplex
701 1469 1010 1522 imperfectum,
1057 1469 1408 1525 quemadmodum
1446 1472 1490 1511 in
1526 1471 1650 1511 Com-

294 1546 495 1585 mentario
527 1543 577 1584 ad
610 1544 726 1584 illum
758 1546 895 1586 locum
926 1546 1089 1597 notavi,
1133 1554 1172 1586 et
1205 1545 1318 1586 illam
1348 1545 1423 1586 ubi
1454 1545 1499 1585 in
1527 1561 1650 1599 prae-

294 1623 411 1662 terita
440 1635 484 1662 re
515 1621 587 1661 tali
614 1630 710 1674 post
736 1622 1190 1676 plusquamperfectum
1220 1621 1264 1660 in
1293 1621 1451 1673 protasi
1478 1622 1650 1674 ponitur

296 1697 581 1749 imperfectum
622 1710 797 1738 nervose
836 1698 881 1737 in
921 1696 1115 1750 apodosi,
1161 1695 1292 1738 veluti
1328 1697 1475 1737 Horat.
1507 1696 1590 1736 Sat.
1617 1698 1648 1747 Ι,

298 1777 340 1822 6,
375 1777 398 1813 7
406 1775 454 1813 9:
493 1773 636 1813 Vestem
665 1787 857 1828 servosque
888 1776 1068 1828 sequentis
1118 1774 1163 1812 In
1198 1787 1333 1823 magno
1367 1780 1407 1812 ut
1435 1774 1571 1827 populo
1619 1776 1653 1811 si

297 1851 377 1901 quis
400 1849 561 1898 vidisset,
593 1852 694 1888 avita
715 1850 776 1889 Ex
796 1863 836 1889 re
853 1849 1030 1903 praeberi
1054 1856 1219 1902 sumptus
1238 1850 1328 1888 mihi
1350 1849 1527 1898 crederet,
1555 1848 1597 1887 11.
1614 1862 1649 1887 e.

297 1931 383 1962 erat
415 1922 527 1976 quod
560 1922 756 1963 crederet.
815 1922 924 1962 Vide
957 1924 1035 1962 alia
1065 1937 1129 1974 ap.
1155 1924 1291 1962 Bentl.
1319 1921 1370 1962 ad
1395 1923 1541 1962 Horat.
1565 1921 1650 1961 Sat.

297 1998 353 2046 ΙΙ,
381 2002 426 2046 3,
454 2001 520 2037 93.
551 2005 589 2036 et
622 1997 806 2039 Gronov.
837 1996 889 2037 ad
923 1997 1014 2038 Liv.
1039 1998 1242 2047 XXXIV,
1267 2001 1333 2038 12.
1365 2005 1406 2037 et
1439 1998 1511 2051 qui
1541 1999 1648 2037 bene

296 2072 346 2110 de
378 2073 456 2112 1100
488 2072 732 2125 imperfecto
761 2072 805 2111 in
836 2071 1011 2125 apodosi
1043 2072 1245 2125 disputat,
1288 2071 1382 2112 Car.
1409 2071 1522 2113 Frid.
1552 2073 1650 2111 Etz-

294 2149 426 2187 lerum
451 2147 491 2186 in
518 2148 649 2197 libro,
676 2147 749 2201 qui
778 2147 1040 2188 inscribitur:
1070 2149 1501 2202 Spracherc'irterungen‚
1531 2148 1650 2187 Bresl.

299 2225 427 2272 1826,
457 2236 548 2274 pag.
568 2225 643 2261 121
669 2236 760 2276 sqq.
820 2223 956 2277 Atque
982 2223 1082 2263 haec
1107 2222 1156 2263 de
1181 2223 1258 2262 his.
1316 2221 1441 2271 Quod
1467 2222 1648 2275 denique

293 2299 429 2337 locum
459 2297 616 2336 Tibulli
646 2297 697 2347 ΙΙ,
722 2301 760 2348 3,
792 2304 828 2337 7.
863 2299 1024 2348 attinet,
1055 2300 1127 2338 ubi
1158 2306 1241 2338 est:
1271 2306 1436 2337 sectarer
1462 2305 1650 2350 aratrum,

294 2374 385 2411 dum
412 2373 611 2422 subigunt·
627 2374 752 2422 booes,
783 2372 870 2412 dixi
894 2371 944 2412 de
967 2387 1016 2413 eo
1041 2374 1240 2426 explicate
1265 2373 1308 2412 in
1327 2372 1648 2412 Commentario.

296 2448 370 2488 His
404 2446 606 2499 expeditis
640 2456 765 2487 restat
800 2456 841 2487 ut
875 2448 977 2489 alios
1014 2449 1240 2488 nonnullos
1269 2449 1381 2487 locos
1411 2446 1651 2486 considere-

299 2540 388 2565 mus
419 2523 603 2564 nondum
636 2534 896 2565 memoratos.
964 2527 1076 2565 Talis
1103 2525 1283 2578 primum
1315 2533 1373 2563 est
1405 2525 1476 2573 IV,
1507 2529 1569 2574 13,
1599 2528 1647 2563 5:

298 2604 418 2654 otique
451 2605 588 2641 utinam
625 2615 746 2652 posses
777 2604 840 2640 nni
871 2603 960 2640 mihi
996 2602 1088 2640 bella
1124 2601 1260 2640 wideri:
1304 2601 1508 2652 Displiceas
1546 2602 1646 2640 aliis:
