1721 2953
234 118 284 152 ὃὸ
543 108 913 152 COMMENTAR.
941 111 1000 153 IN
1031 111 1258 153 TlBULLI

236 245 273 267 se
307 235 429 267 amoris
458 231 630 275 professus
662 234 716 265 est
749 232 1015 276 gloriabundus,
1049 237 1191 279 repente
1220 244 1297 268 cum
1332 235 1432 278 gravi
1465 234 1582 267 dolore

237 298 405 331 theoriam
440 306 482 329 ne
507 296 571 329 sibi
596 295 662 340 ipsi
686 296 822 339 quidem
860 298 1023 342 prodesse
1057 300 1200 342 sentiat,
1236 310 1402 334 summam
1426 300 1582 333 carminis

237 364 280 396 ad
306 360 481 408 querelam
516 362 703 404 elegiacam
730 362 842 396 redire
866 363 981 406 vides,
1019 364 1154 398 fastidio
1180 364 1328 398 Marathi
1351 374 1468 398 omnes
1492 368 1584 398 artes

239 429 406 462 eludente.
458 427 561 464 Quod
582 428 727 472 denique
749 429 781 462 in
804 430 870 463 fine
890 441 1009 474 preces
1033 433 1267 473 subiiciuntur,
1291 442 1458 474 agnosces
1481 431 1584 465 etiam

238 495 270 526 in
296 493 357 526 hoc
383 493 572 536 legitimum
598 494 726 527 exitum
753 494 904 537 elegiae,
930 496 1098 538 siquidem
1123 498 1224 530 etiam
1250 497 1334 530 alias
1360 507 1438 541 spes
1463 496 1583 530 melio-

238 560 283 594 ris
310 561 464 595 fortunae
490 561 649 596 claudere
673 559 757 596 hacc
782 562 929 596 carmIna
953 564 1054 598 solet.
1096 574 1098 577 ·

761 707 1052 716 ψ-..-

736 851 1090 895 EXPLICATIO.

339 1020 381 1053 V.
408 1023 483 1054 1-8.
530 1021 770 1058 Introitus.
817 1024 964 1059 Poeta
997 1024 1209 1068 Priapum
1242 1024 1462 1066 consulit,
1499 1024 1590 1067 qui-

246 1083 326 1118 bus
357 1087 533 1122 artibus
567 1100 808 1133 puerorum
834 1091 1012 1135 ‚animus
1044 1091 1095 1125 ad
1130 1091 1405 1134 obsequium
1429 1092 1592 1136 pellici
1626 1135 1631 1141 .

246 1161 266 1192 p
280 1160 300 1183 o
310 1161 325 1183 s
335 1151 371 1184 si
382 1155 408 1186 t.

339 1217 383 1250 V.
410 1219 429 1250 1
454 1229 505 1261 sq.
553 1220 733 1265 Priape.
789 1218 1037 1267 Παιδεραστήν
1062 1232 1139 1256 eum
1161 1221 1300 1256 exhibet
1324 1223 1477 1257 Lucrm.
1503 1223 1591 1257 Dial.

245 1281 350 1316 Deor.
376 1283 508 1319 XXIII.
556 1287 644 1320 Vide
679 1288 781 1321 etiam
805 1289 838 1322 in
866 1291 1083 1323 ANTHOLOG.
1109 1289 1202 1325 LAT.
1227 1289 1269 1323 T.
1295 1289 1339 1323 ΙΙ.
1364 1290 1454 1323 inter
1477 1289 1593 1333 Priap.

250 1348 358 1390 epigr.
380 1350 424 1384 V.
451 1356 484 1384 et
509 1352 706 1387 LXXXIII.
727 1374 772 1389 -,-
796 1356 881 1389 Sic.
931 1356 1024 1389 Nota
1049 1367 1117 1389 vox
1142 1357 1175 1389 in
1200 1357 1358 1400 precibus
1383 1361 1417 1388 et
1442 1356 1595 1388 obtesta-

251 1415 420 1457 tionibus,
453 1417 510 1449 ubi
537 1419 635 1451 alteri
657 1430 725 1461 quo
750 1420 920 1453 lubentius
945 1425 1096 1464 praestet
1120 1421 1166 1462 id,
1193 1420 1284 1463 quod
1309 1421 1474 1464 petimus,
1508 1430 1595 1462 quae

249 1479 315 1522 ipsi
340 1485 437 1522 grata
462 1487 496 1515 et
521 1488 662 1527 accepta
686 1489 775 1527 sunt,
799 1486 945 1519 vicissim
972 1487 1183 1529 exoptamus,
1207 1486 1251 1519 cf.
1275 1486 1361 1519 infra
1384 1486 1428 1527 ll,
1454 1489 1487 1527 5,
1513 1488 1593 1518 121.

251 1547 284 1586 6,
309 1549 366 1578 30.
418 1547 505 1580 vide
530 1548 690 1583 Limam.
717 1550 759 1583 ad
786 1550 906 1584 Horat.
932 1551 960 1593 Ι,
985 1555 1018 1593 3,
1040 1552 1111 1584 init.
1148 1551 1360 1584 HssanonF.
1387 1551 1429 1584 ad
1455 1553 1527 1584 Sat.
1549 1551 1594 1593 II,

251 1613 285 1652 3,
310 1623 342 1654 p.
369 1614 450 1646 331.
500 1614 628 1646 Sensus
655 1614 819 1648 formulae
843 1616 967 1657 ubique
993 1614 1047 1649 hic
1074 1620 1143 1649 est:
1186 1616 1267 1658 Sic,
1306 1615 1367 1650 hac
1401 1616 1598 1649 conditione

251 1681 333 1720 opto
359 1678 418 1710 tibi
444 1677 507 1711 hoc
530 1679 667 1721 illudve,
692 1683 730 1712 ut
754 1680 858 1721 dicas,
885 1680 1010 1722 facias;
1047 1681 1301 1714 constructione
1325 1691 1407 1714 vero
1432 1682 1598 1715 omittitur

252 1744 419 1787 particula
444 1751 486 1776 ut
510 1750 544 1778 et
569 1745 747 1778 subiicitur
772 1745 862 1787 quod
890 1746 1082 1789 expetitur,
1120 1747 1276 1779 absolute
1311 1750 1346 1779 et
1370 1747 1442 1779 sine
1468 1757 1509 1780 ea
1535 1746 1598 1781 hoc

253 1810 376 1843 modo:
403 1811 462 1844 Sic
489 1815 570 1854 opto
597 1812 658 1844 tibi
684 1811 787 1845 illud:
814 1812 879 1853 dic,
904 1812 970 1845 fac.
1019 1812 1071 1845 Ad
1097 1823 1197 1855 quarn
1218 1823 1368 1846 normam
1390 1823 1506 1846 omnes
1532 1814 1599 1847 loci

254 1877 456 1920 explicandi.
483 1896 528 1901 —
574 1878 783 1910 umbrosa
818 1881 952 1912 tecta.
1002 1878 1124 1911 Stabat
1148 1878 1263 1921 Priapi
1296 1878 1429 1920 signum
1453 1884 1511 1912 aut
1535 1880 1598 1912 sub

254 1941 311 1974 dio
337 1943 528 1985 expositum
552 1943 695 1976 iniuriae
727 1943 835 1984 aeris,
875 1943 917 1976 cf.
942 1943 1057 1986 Priap.
1084 1945 1192 1986 epigr.
1217 1945 1275 1976 64.
1315 1945 1480 1977 Aiwrnon.
1506 1945 1596 1978 Lu.

255 2008 299 2041 T.
316 2009 373 2050 11„
397 2015 455 2041 aut
479 2010 541 2041 sub
567 2009 724 2043 arborum
750 2021 846 2043 coma
872 2011 1041 2054 ramisque
1063 2011 1198 2054 patulis,
1222 2010 1289 2044 vid.
1313 2010 1392 2043 ibid.
1416 2011 1523 2054 epigr.
1540 2013 1598 2044 83.

256 2074 370 2115 Atque
393 2075 472 2106 talia
497 2075 693 2108 umbracula
717 2075 875 2108 arborum
903 2086 992 2109 nunc
1017 2080 1114 2120 optat
1139 2076 1219 2112 deo.
1242 2095 1288 2100 —
1327 2077 1488 2120 capiti,
1525 2076 1597 2110 tibi.

253 2140 408 2174 Partium
443 2142 595 2185 corporis
624 2142 779 2175 omnium
813 2142 995 2175 maximam
1032 2146 1134 2185 caput
1169 2142 1370 2184 dignitatem
1403 2141 1514 2175 habet.
1551 2158 1598 2167 —

254 2211 558 2249 noceantque,
584 2208 626 2241 de
651 2208 876 2242 collocatione
901 2208 996 2240 verbi
1022 2207 1065 2241 cf.
1091 2207 1134 2240 ad
1161 2208 1188 2249 Ι,
1216 2210 1247 2249 1,
1272 2210 1329 2241 51.
1355 2226 1401 2233 ·-
1434 2208 1477 2241 V.
1502 2209 1524 2239 3
1546 2218 1595 2250 sq.

255 2272 501 2314 formosos,
527 2275 661 2306 Graece
687 2270 768 2309 τοιῗς
787 2269 924 2309 καλούς.
974 2273 1049 2306 Hos
1074 2274 1180 2315 igitur
1204 2283 1270 2316 qua
1294 2277 1367 2306 arte
1391 2274 1494 2316 capis,
1520 2282 1596 2305 cnm

256 2338 350 2370 cultu
375 2339 526 2381 corporis
552 2339 685 2381 placere
711 2349 777 2372 non
802 2338 940 2382 possis?
956 2357 1001 2363 —
1027 2349 1148 2372 coma
1174 2343 1252 2372 est.
1291 2339 1376 2372 Cum
1401 2348 1595 2382 praecesse-

255 2404 299 2437 rit
325 2404 482 2446 barba,
516 2406 637 2448 copula
662 2409 740 2449 post
765 2417 862 2438 coma
885 2406 928 2439 ad
953 2406 1019 2439 vim
1045 2405 1268 2449 oppositionis
1291 2402 1511 2437 adiuvandam
1535 2402 1596 2435 ad-

254 2470 345 2503 iecta
371 2473 440 2510 est,
463 2480 524 2502 nec
550 2470 669 2503 abesse
694 2471 806 2505 debet.
856 2471 945 2505 Vide
969 2471 1012 2504 ad
1038 2471 1065 2511 l,
1093 2474 1124 2512 1,
1147 2472 1204 2503 34.
1230 2487 1275 2494 --
1310 2468 1352 2502 V.
1378 2471 1399 2500 5
1426 2479 1474 2510 sq.
1500 2479 1595 2511 pro-

255 2533 401 2575 ducis,
427 2538 465 2566 ut
489 2535 675 2568 Pnovmvr.
700 2536 727 2576 1,
753 2539 785 2576 3,
811 2538 876 2568 39:
913 2539 941 2567 0
968 2535 1104 2567 utinam
1130 2534 1222 2566 tales
1241 2532 1420 2577 producas
1445 2532 1594 2576 improbe

255 2605 384 2633 noctes.
435 2600 586 2641 Dicitur,
621 2606 658 2633 ut
684 2607 840 2645 constat,
866 2602 1005 2636 verbum
1031 2603 1073 2635 de
1098 2599 1278 2634 iniucundo
1304 2603 1478 2643 tempore,
1504 2597 1593 2641 quod
