1721 2953
494 115 734 163 TIBULLI
782 115 890 161 LIB.
922 117 952 161 Ι.
980 127 1010 160 2.
1399 122 1426 163 5

146 246 273 291 Ferte
309 255 348 289 et
384 260 513 307 opes:
565 259 647 304 ego
685 240 931 305 composito
968 258 1150 287 securus
1187 258 1341 286 acervo

213 327 466 392 Despiciam
495 326 607 374 dites
641 325 972 392 despiciamque
1003 324 1175 374 samem.

529 566 869 606 ELEGIA
934 567 986 606 ΙΙ.

132 669 306 753 Adde
340 722 511 751 merum
545 705 737 769 vinoque
769 722 908 750 novos
941 719 1172 767 compesce
1204 700 1404 755 dolores,

203 791 407 856 Occupet
439 802 488 837 ut
521 790 628 837 fessi
663 788 832 836 lumina
867 788 980 835 victa
1016 804 1174 852 sopor:

137 879 234 924 Neu
269 877 506 943 quisquam
541 875 681 923 multo
718 874 949 940 perfusum
987 885 1188 938 tempora
1223 872 1403 920 Baccho

198 963 392 1020 Excitet,
432 962 586 1009 infelix
622 961 729 1008 dum
767 959 1005 1026 requiescit
1039 978 1176 1006 amor.

104 1051 252 1097 5Nam
286 1049 431 1114 posita
462 1060 527 1096 est
560 1059 738 1095 nostrae
771 1046 974 1094 custodia
1009 1064 1139 1092 saeva
1175 1044 1360 1110 puellae,

204 1135 438 1181 Clauditur
474 1146 514 1180 et
551 1134 664 1180 dura
698 1133 834 1179 ianua
866 1130 995 1177 firma
1030 1148 1141 1176 sera.

134 1223 271 1268 Ianua
308 1219 503 1267 difficilis
538 1218 769 1275 dominae,
812 1229 853 1263 te
881 1216 1082 1263 verberet
1113 1215 1279 1270 imber,

195 1309 233 1353 T
237 1326 258 1353 e
294 1306 410 1352 Iovis
443 1305 631 1370 imperio
664 1303 853 1350 fulmina
884 1302 1020 1349 missa
1056 1312 1219 1365 petant.

131 1395 295 1448 Ianua,
341 1391 430 1437 iam
467 1401 619 1454 pateas
656 1389 735 1434 uni
770 1386 904 1444 mihi,
949 1386 1061 1433 victa
1093 1383 1310 1450 querelis,

80 1489 123 1524 10
199 1478 298 1525 Neu
334 1476 488 1522 furtim
524 1494 650 1532 verso
689 1472 872 1521 cardine
909 1483 1062 1536 aperta
1100 1488 1243 1517 sones.

131 1564 187 1610 Et
221 1562 339 1610 mala
374 1562 503 1628 siqua
538 1561 619 1608 libi
657 1560 768 1606 dixit
803 1557 1026 1605 dementia
1055 1567 1231 1612 nostra,

195 1651 432 1712 Ignoscas:
481 1647 614 1712 capili
651 1646 740 1693 sint
773 1663 935 1709 precor
968 1642 1044 1690 illa
1078 1661 1177 1689 meo

128 1737 191 1781 Te
227 1734 481 1780 meminisse
518 1732 667 1788 decet,
711 1749 823 1795 quae
861 1729 1055 1793 plurima
1085 1746 1190 1774 voce
1229 1726 1376 1791 peregi

193 1818 430 1884 Supplice,
476 1836 577 1865 cum
614 1816 732 1882 posti
769 1814 930 1861 florida
966 1825 1081 1860 serta
1120 1813 1285 1859 darem.

77 1919 120 1953 15
135 1908 205 1953 Tu
243 1923 421 1970 quoque
457 1922 512 1949 ne
548 1902 702 1949 timide
733 1901 965 1956 custodes,
1013 1898 1163 1955 Delia,
1212 1897 1324 1944 falle.

192 1990 468 2038 Audendum
505 2000 592 2035 est:
640 1988 777 2034 fortes
814 1985 995 2032 adiuvat
1027 1985 1127 2050 ipsa
1158 1987 1321 2032 Venus.

126 2079 206 2125 Illa
242 2078 379 2133 favet,
423 2094 501 2123 seu
538 2075 637 2140 quis
674 2073 845 2120 iuvenis
883 2091 997 2119 nova
1033 2071 1187 2118 limina
1224 2081 1383 2126 lentat,

192 2164 280 2210 Seu
317 2173 482 2209 reserat
515 2160 603 2208 fixo
641 2160 771 2208 dente
804 2158 953 2225 puella
984 2158 1130 2206 fores:

167 2325 208 2358 V.
224 2326 257 2357 6.
290 2323 438 2365 firma,
473 2322 575 2356 lectio
598 2323 781 2363 librorum,
814 2322 887 2355 iure
912 2322 1039 2354 moveri
1068 2321 1144 2353 loco
1170 2320 1304 2361 nequit,
1338 2320 1416 2350 licet

73 2390 175 2432 vulgo
208 2390 316 2432 magis
345 2389 510 2433 placuerit
538 2387 646 2433 fulta
672 2389 820 2428 Puccn,
856 2387 952 2419 cuius
985 2387 1320 2428 interpretamentum
1342 2383 1414 2426 fir*

72 2466 147 2486 mus
172 2465 246 2487 esse
266 2455 354 2487 solet
375 2455 409 2486 in
432 2454 545 2494 libris,
570 2453 612 2485 cf.
630 2453 822 2485 Observatt.
845 2452 995 2483 ΗΕΥΝΗ.
1015 2468 1058 2474 —-
1108 2450 1147 2482 V.
1166 2452 1218 2482 14.
1245 2447 1415 2481 florida

73 2518 167 2558 libri,
193 2519 283 2560 quod
308 2523 420 2551 tamen
443 2519 498 2551 vix
523 2517 658 2560 scripsit
678 2518 846 2549 Tibullus.
898 2516 962 2548 Hic
988 2518 1147 2558 posuerat
1165 2514 1300 2557 florea,
1325 2512 1414 2554 quod

73 2584 175 2624 uilgo
203 2588 373 2626 receptum
401 2584 442 2616 ‹le
468 2583 662 2616 coniectura
691 2583 933 2615 Bizot‘knusn.
986 2581 1130 2613 Mutatio
1157 2580 1325 2622 frequens.
