1721 2953
666 106 702 145 T
705 102 913 146 IBULLI.
1356 119 1453 145 cxxi

108 221 233 261 Plura
263 220 450 273 exempla
476 219 543 260 hic
568 232 655 259 non
686 221 837 271 affero3
868 218 979 259 infra
1007 219 1117 260 enim
1146 220 1268 260 etiam
1295 218 1345 259 de
1374 221 1453 260 hoc

108 312 256 349 genere
291 299 440 337 iterum
470 296 642 336 (licetur.
706 298 895 350 Apparet
925 311 1025 337 vero
1062 311 1139 350 per
1171 311 1214 336 se
1246 310 1371 350 quam
1405 295 1456 335 sit

108 375 208 414 haec
248 386 414 427 quoque
455 387 522 412 res
560 381 655 425 apta
685 371 889 423 distichis,
932 386 1024 411 cum
1058 381 1098 412 et
1128 373 1249 412 metri
1279 370 1454 411 ambitus

109 451 323 502 expleatur
360 447 573 489 commode
614 456 652 487 et
691 448 915 488 sententiae
952 447 1141 487 disertius
1177 453 1455 499 exponantur.

105 526 316 564 Postremo
348 527 503 565 clarum
533 524 743 578 quomodo
774 540 822 564 ea
851 524 1014 565 differat
1044 540 1066 564 a
1096 523 1318 574 divisione3
1358 536 1452 562 nam

107 600 216 639 aliud
243 611 302 641 est
328 600 560 641 discernere
591 608 750 653 partes,
780 601 988 649 notiones,
1021 609 1061 640 et
1088 614 1244 652 ponere
1277 598 1452 646 diversa,

105 676 215 716 aliud
250 677 359 717 idem
393 677 528 717 dicere
568 680 683 718 vario
720 677 843 718 modo
878 687 918 718 et
949 677 1158 717 cumulare
1188 675 1338 715 similes
1368 674 1454 713 for-

105 766 192 790 mas
223 752 405 792 eiusdem
439 756 677 794 sententiae.
741 755 804 793 Ita
834 753 879 793 fit
908 762 954 793 ut
991 755 1118 794 altera
1148 753 1253 791 ratio
1288 751 1455 803 opposi-

104 827 305 877 tionibus,
338 829 466 867 altera
495 828 830 869 similitudinibus
859 829 1053 880 gaudeat,
1093 827 1207 883 quod
1237 827 1452 869 discrimen

105 916 226 955 quam
257 903 344 943 vim
372 904 545 955 habeat,
588 905 697 944 infra
727 904 876 944 clarius
906 903 1050 944 disces.

755 1037 805 1076 A.

187 1129 413 1171 Videamus
451 1145 565 1170 nunc
596 1132 835 1181 Tibullum,
877 1129 993 1169 cuius
1036 1142 1157 1168 causa
1195 1129 1295 1167 haec
1331 1141 1454 1180 prae-

101 1207 225 1247 missa
264 1216 380 1258 suut;
427 1221 524 1246 nam
559 1205 603 1246 id
642 1206 796 1257 agimus
835 1214 881 1245 ut
915 1206 1173 1246 Tibullianae
1213 1202 1454 1244 elocutionis

102 1283 284 1326 indolem
322 1281 542 1336 (Kunststd)
574 1285 842 1323 illustremus.
907 1281 980 1320 Est
1013 1289 1150 1321 autem
1184 1278 1296 1318 aliud.
1330 1292 1455 1330 gene-

100 1362 223 1399 ratim
260 1360 439 1400 scribere
481 1359 531 1400 de
572 1360 829 1409 elocutione,
874 1357 986 1397 aliud
1027 1355 1077 1396 de
1119 1364 1228 1397 certo
1271 1353 1453 1408 quodam

100 1438 298 1488 scriptore
329 1434 479 1476 dicere.
549 1435 653 1493 Cum
685 1435 794 1475 enim
830 1435 965 1476 varias
1000 1442 1138 1486 partes
1179 1434 1329 1472 habeat
1368 1432 1454 1471 elo-

100 1513 233 1563 cutio,
277 1514 350 1566 qui
385 1513 629 1566 scriptorem
667 1511 876 1566 quendam
912 1512 1112 1571 explicat,
1153 1512 1204 1549 ab
1242 1525 1290 1550 eo
1325 1508 1454 1549 ordiri

100 1587 220 1629 debet
258 1597 381 1643 atque
416 1589 459 1629 id
495 1591 630 1642 primo
660 1591 753 1631 loco
785 1604 965 1644 ponere,
1009 1586 1122 1642 quod
1151 1587 1379 1626 maximum
1409 1587 1450 1625 in

98 1664 222 1703 huius
249 1666 480 1705 elocutione
505 1666 631 1705 habet
660 1674 934 1715 momentum,
966 1673 1053 1704 tum
1078 1662 1291 1704 commode
1315 1662 1453 1714 dispo-

99 1754 198 1779 nere
239 1749 384 1781 cetera.
454 1741 591 1792 Atque
630 1742 686 1779 ita
727 1740 937 1780 faciemus.
964 1762 1022 1770 —
1088 1739 1218 1789 Igitur
1258 1745 1329 1776 aut
1370 1750 1452 1774 una

99 1815 295 1855 continua
323 1814 496 1867 periodo
526 1816 724 1867 impletur
751 1814 974 1864 distichon,
1014 1822 1086 1854 aut
1115 1814 1300 1852 membra
1328 1812 1452 1850 habet

97 1893 299 1931 sententia
329 1890 514 1931 discreta.
573 1893 633 1931 Ac
663 1892 782 1931 nobis
807 1893 985 1931 maxime
1013 1890 1062 1930 de
1091 1893 1218 1930 altero
1250 1888 1451 1941 agendum

98 1967 190 2016 erit,
221 1969 520 2020 praemittimus
540 1977 677 2008 tamen
703 1970 906 2009 nonnulla
931 1968 980 2008 de
1000 1968 1144 2021 priori.
1199 1966 1257 2007 Ut
1279 1967 1449 2006 omnino

97 2041 260 2094 pondus
282 2044 438 2082 habent
460 2043 699 2095 grandiores
723 2044 1055 2096 compositiones,
1085 2046 1139 2084 sic
1165 2043 1286 2083 etiam
1310 2042 1449 2094 perio-

98 2118 174 2158 dus
213 2133 296 2158 una
335 2120 530 2159 continua
567 2133 643 2171 per
682 2127 811 2158 totum
851 2118 1055 2160 distichon
1095 2133 1181 2158 11011
1215 2118 1448 2168 interrupto

97 2209 220 2233 cursu
261 2194 482 2234 decurrens
520 2198 652 2248 placet
688 2210 866 2237 nervoso
906 2197 1076 2236 ambitu.
1148 2195 1448 2246 Distinguimus

96 2284 196 2309 vero
238 2271 303 2310 hic
345 2270 445 2309 duas
486 2271 652 2311 formas.
718 2272 949 2313 Nervosior
980 2281 1019 2311 et
1052 2271 1209 2311 firmior
1243 2271 1343 2310 haec
1378 2279 1448 2318 est,

96 2348 167 2386 ubi
207 2360 291 2386 nou
333 2348 574 2387 hexametro
615 2349 844 2389 absolvitur
883 2350 1131 2390 constructio
1172 2347 1446 2399 grammatica,

97 2422 164 2461 sed
207 2422 381 2463 duarum
425 2424 658 2477 principum
700 2426 877 2478 partium
919 2426 1210 2465 enuntiationis
1250 2424 1444 2462 alterutra

96 2497 137 2534 in
170 2508 424 2549 pentametro
464 2503 632 2553 ponitur
663 2512 732 2542 aut
766 2503 886 2542 etiam
918 2501 1149 2556 praedicata
1180 2510 1217 2542 et
1249 2501 1443 2542 attributa

96 2576 180 2614 sola
213 2576 495 2618 hexametrum
525 2579 709 2631 implent.
768 2580 967 2634 Exempla
1003 2594 1193 2634 appono:
