1721 2953
480 139 625 181 LlBR.
651 138 683 178 Ι.
740 135 900 176 ELEG.
927 137 1000 176 VI.
1336 136 1414 173 143

72 271 224 307 quarum
249 270 310 292 nec
337 257 433 290 vitta
452 255 602 300 pudicos
631 252 806 298 contingit
833 252 943 284 crines
967 263 1028 283 nec
1052 250 1145 283 stola
1171 249 1277 294 longa
1296 247 1414 292 pedes.

71 329 156 361 Post
180 326 264 359 haec
287 324 428 358 verbum
465 319 656 354 addendum
681 322 733 351 est
757 318 799 350 de
826 319 979 350 Svouuu
1007 316 1190 358 sententia,
1223 316 1258 348 in
1281 314 1417 347 Disser-

73 393 203 426 tatione
227 391 282 422 De
307 387 384 421 vita
409 392 443 418 et
470 383 682 418 carminibus
706 382 847 420 Tibulli,
872 385 927 425 qui
954 384 1066 417 multis
1086 383 1128 416 de
1153 382 1217 415 hoc
1240 382 1316 414 loco
1335 379 1418 421 egit.

74 460 213 501 Negans
248 457 378 489 Deliam
412 453 599 486 libertinam
635 451 739 484 fuisse
773 451 942 493 explicat:
978 450 1032 483 fac
1068 454 1107 482 ut
1140 449 1229 490 filia,
1268 445 1418 490 quamvis

74 523 220 557 Vestalis
245 531 311 553 nou
335 520 399 561 sit,
432 523 546 552 tamen
579 521 673 551 casta
699 517 949 560 quodammodo
975 517 1036 557 sit,
1074 520 1108 549 et
1131 515 1262 549 etiamsi
1285 517 1417 557 peccet,

74 590 183 623 minus
218 593 329 621 tamen
364 587 400 620 id
432 586 532 619 faciat
568 596 668 628 quam
702 584 767 618 hoc
802 588 966 628 tempore.
1015 584 1085 617 Sed
1117 583 1203 616 falsa
1241 586 1293 615 est
1331 580 1419 614 haud

75 656 177 689 dubie
210 655 292 688 haec
323 653 518 697 explicatio.
568 652 725 686 Tibullus
755 651 904 694 postulat
938 654 975 682 ut
1007 660 1043 682 se
1072 651 1149 682 solo
1184 651 1342 681 contenta
1377 646 1421 679 sit

76 723 188 766 puella
214 732 277 754 nec
301 721 386 753 alios
410 720 498 752 ullos
523 718 690 751 admittat.
741 716 820 749 Hoc
847 720 898 749 est
925 719 1052 749 castam
1078 726 1170 756 esse,
1208 713 1272 747 hoc
1297 713 1422 745 docent

77 787 270 830 sequentia:
311 787 360 817 Et
392 783 479 816 milii
506 782 578 815 sint
605 781 715 813 durae
741 779 856 826 leges,
892 780 1041 812 laudare
1073 791 1134 811 nec
1159 778 1270 811 ullam
1291 776 1421 821 possim

77 864 154 897 ego.
202 850 353 884 Easdem
378 850 494 891 leges,
519 857 603 890 quas
629 847 765 890 puellae
789 846 952 890 imponit,
986 846 1087 878 etiam
1113 845 1175 878 sibi
1201 843 1423 887 praescribit3

77 918 155 950 illae
184 926 266 949 vero
292 925 359 947 non
394 918 471 947 sunt
497 913 602 945 durae
628 913 746 954 leges,
784 913 812 944 si
846 921 989 954 peccare
1026 915 1137 944 tamen
1172 911 1251 943 licet
1287 909 1422 952 passim.

79 981 209 1015 Deinde
234 981 336 1014 etiam
360 980 490 1021 reliqua
517 978 684 1010 sententia
710 977 813 1018 friget
838 977 1086 1019 maximopere:
1116 975 1278 1010 Quamvis
1299 974 1423 1007 Vesta-

80 1050 120 1082 lis
146 1059 212 1081 non
238 1048 294 1088 sis,
329 1046 433 1079 debes
459 1050 584 1086 tamen,
611 1055 677 1077 nou
704 1043 781 1076 dico
808 1044 906 1086 plane
931 1043 1054 1075 imitari
1079 1041 1196 1074 harum
1221 1041 1425 1080 castitatem,

80 1121 116 1150 at
140 1117 258 1149 saltem
285 1125 350 1147 non
375 1114 472 1146 nimis
498 1113 599 1154 longe
626 1111 704 1144 inde
730 1111 891 1144 recedere
919 1109 1104 1155 (Ohgleiclz
1131 1109 1226 1142 keine
1253 1107 1427 1145 l'estalin,

81 1181 195 1225 masat
222 1181 267 1213 [Iu
294 1179 501 1225 wenigstens
527 1190 608 1210 zum
637 1178 738 1210 leeil
760 1177 886 1210 keu-solt
911 1177 1014 1220 sein).
1066 1178 1164 1212 Quae
1190 1177 1285 1210 vides
1310 1175 1428 1218 inepta

83 1260 168 1284 esse.
219 1248 321 1284 Quod
355 1247 500 1288 denique
535 1245 650 1277 durius
682 1244 764 1277 dicit
798 1245 981 1277 SPOHMUS
1007 1254 1083 1277 cum
1109 1244 1260 1276 BAunno
1286 1242 1428 1275 inhone-

82 1315 196 1348 stioris
222 1312 425 1346 conditionis
451 1310 624 1343 admoneri
653 1310 796 1342 amicam
824 1309 994 1351 dilectam,
1020 1314 1098 1342 sunt
1122 1309 1205 1342 haec
1230 1311 1338 1342 multo
1365 1310 1429 1342 mi-

82 1392 144 1414 nus
170 1381 273 1420 dura,
309 1388 407 1420 quam
433 1386 520 1418 quae
547 1375 633 1408 infra
659 1374 702 1407 de
728 1379 883 1417 egestate
909 1379 944 1408 et
977 1386 1082 1419 opera
1113 1374 1228 1407 humili
1255 1376 1429 1408 libertina-

82 1457 156 1480 rum
193 1445 382 1479 vetularum
422 1443 527 1485 leges.
586 1441 755 1474 Nimirum
793 1451 860 1473 non
898 1441 1118 1474 attenderunt
1153 1442 1215 1474 viri
1257 1440 1350 1474 docti
1386 1441 1429 1473 ad

82 1512 291 1546 acerbiorem
316 1509 419 1542 totius
444 1508 516 1542 fere
541 1507 673 1549 elegiae
699 1507 900 1547 orationem,
926 1506 984 1539 ubi
1010 1507 1093 1539 levis
1120 1510 1154 1539 et
1179 1506 1302 1539 infidae
1331 1507 1428 1548 cogi-

83 1579 168 1611 tatio
200 1577 401 1610 obversatur
433 1577 555 1617 poetae
590 1572 721 1613 animo,
758 1582 826 1604 non
852 1571 992 1604 carioris
1017 1572 1106 1604 illius
1132 1576 1209 1604 ante
1235 1572 1303 1605 alio
1328 1583 1430 1605 sensu

84 1649 218 1678 amatae
237 1642 438 1686 puellae.—-
464 1640 506 1673 V.
524 1642 567 1671 69
582 1650 655 1681 sqq.
682 1639 752 1671 Pro
780 1638 951 1681 postulata
977 1649 997 1670 a
1021 1638 1119 1671 Delia
1144 1640 1301 1672 castitate
1327 1640 1430 1672 etiam

84 1710 148 1742 sibi
173 1718 308 1741 severas
334 1707 429 1747 leges
454 1705 638 1745 castitatis,
675 1705 776 1737 immo
813 1705 1003 1736 severiores
1037 1704 1179 1747 imponit
1208 1712 1241 1737 et
1265 1706 1431 1739 maximas

87 1784 215 1818 poenas
249 1771 419 1811 deceruit,
453 1770 487 1801 in
523 1769 669 1812 puellam
702 1778 783 1801 vero
817 1769 985 1811 promittit
1019 1769 1133 1802 mitem
1159 1780 1196 1803 se
1221 1770 1369 1803 futurum
1396 1775 1432 1804 et

87 1843 159 1875 irae
184 1839 424 1879 manibusque,
461 1836 489 1868 si
515 1846 581 1877 qua
610 1835 759 1878 suspicio
795 1834 941 1876 incidat,
978 1839 1243 1878 temperaturum
1269 1840 1432 1879 quantum

87 1907 206 1952 possit.
257 1905 389 1940 Quibus
415 1902 569 1935 omnibus
597 1902 734 1934 efficere
760 1901 876 1934 studet
902 1905 938 1933 ut
965 1911 1007 1933 ex
1034 1902 1146 1934 animo
1173 1906 1265 1934 casta
1292 1903 1337 1935 sit
1361 1903 1433 1936 De-

87 1975 152 2014 lia,
187 1971 306 2005 videns
333 1970 433 2003 etiam
458 1970 645 2000 amatorem
671 1966 841 1998 abstinere
865 1967 953 1999 velle
979 1967 1155 2009 omnibus,
1194 1978 1281 2009 quae
1307 1968 1337 2000 ei
1363 1968 1435 2001 dis-

89 2041 217 2085 plicere
241 2041 301 2071 aut
327 2037 470 2070 molesta
496 2044 570 2067 esse
597 2033 736 2077 possint.
787 2032 972 2066 Videamus
998 2033 1142 2075 singula.
1168 2052 1214 2058 —
1254 2034 1294 2067 V.
1321 2036 1365 2066 69
1382 2044 1432 2075 sq.

88 2106 282 2140 laudare
314 2114 394 2142 nec
428 2102 564 2134 ullam
597 2101 765 2144 possim
799 2110 899 2142 ego,
936 2100 1096 2142 generale
1132 2099 1259 2133 dictum
1294 2103 1435 2131 autece-

93 2172 177 2206 dens
202 2181 278 2205 cum
313 2156 374 2213 per
399 2171 513 2212 partes
539 2168 772 2210 explicaturus
798 2168 863 2209 sit,
897 2167 1040 2200 observa
1064 2170 1178 2200 tamen
1204 2167 1346 2210 positam
1375 2177 1435 2199 co-

91 2240 204 2284 pulam
238 2249 318 2273 nec,
356 2237 399 2270 de
428 2246 495 2278 quo
530 2246 592 2268 usu
626 2236 789 2267 monitum
825 2235 866 2267 ad
900 2235 928 2276 1,
958 2239 992 2277 5,
1026 2238 1080 2268 11.
1131 2236 1303 2276 Alteram,
1336 2244 1435 2277 quam

92 2306 411 2338 me‘nssnmcnms
435 2302 593 2346 proponit
616 2302 791 2342 rationem,
816 2306 854 2334 ut
879 2313 940 2333 nec
962 2312 1010 2345 pr.
1035 2301 1215 2346 nequidem
1238 2302 1435 2345 accipiatur,

94 2370 237 2403 alienam
264 2369 363 2401 duco,
390 2386 436 2393 --
472 2369 685 2410 appetat,
721 2364 752 2398 h.
784 2377 813 2398 e.
849 2366 984 2399 invadat
1010 2368 1127 2400 oculos
1152 2378 1246 2400 meos
1273 2368 1437 2400 manibus.

93 2434 239 2475 Licebit,
272 2433 331 2474 ait,
358 2432 486 2470 Deliae,
518 2431 545 2463 si
572 2430 672 2464 modo
698 2430 879 2464 laudavero
907 2432 1018 2473 aliam,
1044 2433 1162 2465 oculos
1187 2443 1281 2466 meos
1307 2433 1436 2476 punire.

95 2500 149 2534 Ad
173 2510 244 2533 rem
268 2498 587 2533 construamur.
622 2496 776 2530 Eunuch.
803 2497 862 2538 IV,
887 2499 920 2536 3,
948 2500 981 2531 6.
1016 2498 1074 2530 ubi
1108 2502 1160 2530 est
1193 2496 1371 2542 unguibus
1400 2497 1438 2529 in

96 2564 214 2598 oculos
238 2563 404 2601 involare,
430 2566 466 2596 et
491 2563 598 2596 Ovm.
625 2563 758 2596 Amorr.
782 2562 809 2603 I,
834 2566 868 2603 7,
894 2563 958 2595 64:
991 2562 1045 2595 At
1071 2568 1110 2594 Iu
1137 2574 1178 2595 ne
1206 2561 1330 2594 dubita
1352 2574 1437 2606 pro—

96 2632 194 2665 tinus
218 2631 255 2665 in
279 2631 402 2665 vultus
428 2628 607 2676 unguibus
631 2629 682 2663 ire
707 2641 806 2667 meos,
834 2634 869 2663 et
894 2630 1081 2665 Pnorun'r.
1107 2631 1166 2672 lv,
1185 2634 1218 2672 8,
1241 2633 1307 2664 66:
1329 2641 1438 2673 prae-
