1721 2953
266 158 385 183 cmm
809 139 884 180 DE
915 137 1073 180 POESI

264 253 493 295 tinuatione
533 251 758 293 sententiae
793 264 871 304 pro
909 252 1081 293 relativo
1126 251 1305 291 suaviter
1346 265 1369 288 a
1408 250 1616 290 veteribus

264 331 551 384 repetitionem
583 328 761 366 nominis
790 327 834 366 in
865 325 1035 367 secundi
1062 340 1206 367 versus
1237 326 1375 375 initio,
1419 327 1494 365 ubi
1533 324 1616 364 iam

266 404 492 444 accuratius
536 401 771 453 designatur
810 415 876 441 res
912 400 1111 450 iudicata,
1151 415 1247 441 raro
1279 400 1488 449 adhibuit,
1530 414 1615 439 non

268 478 389 518 credo
421 491 513 517 casu
546 478 711 516 factum.
769 477 881 517 Dicit
913 478 963 526 ΙΙ,
993 483 1032 527 2,
1066 479 1132 516 18,
1165 479 1245 515 19;

431 553 641 606 Flavaque
673 552 862 604 coniugio
893 553 1059 593 vincula
1086 558 1226 603 portet
1247 550 1396 597 Amor,

376 629 573 678 Vincula,
615 642 719 681 quae
750 636 942 667 maneant
972 641 1135 680 semper
1171 633 1246 667 cet.

267 710 306 742 et
339 703 399 753 II,
428 706 474 754 5,
507 707 574 743 30.
596 707 683 753 7313

440 778 616 817 Garrula
647 777 824 817 silvestri
851 777 987 817 fistula
1016 791 1129 816 sacra
1158 776 1257 824 deo,

379 852 560 903 Fistula,
594 854 660 892 cui
690 867 850 906 semper
880 853 1076 892 decrescit
1105 848 1318 891 arundinis
1346 845 1469 896 ordo,

266 928 485 968 nervosius
526 937 571 967 ut
599 929 649 967 sit
682 928 846 967 initIum
877 928 1107 968 hexametri
1140 941 1173 966 s.
1202 925 1367 964 distichi
1406 919 1614 975 sequentis

268 1004 429 1057 (similis
454 1004 657 1058 Lygdami
682 1020 801 1056 usus,
832 1006 902 1055 ΙΙΙ,
923 1009 960 1056 5,
981 1005 1050 1058 2);
1081 1004 1153 1044 sed
1182 1005 1262 1043 hoc
1289 1015 1354 1041 res
1385 1001 1475 1052 ipsa
1498 998 1619 1038 docet

267 1094 351 1120 non
382 1093 501 1132 posse
535 1094 655 1132 saepe
686 1081 840 1120 iterari.
908 1079 1088 1121 Omnino
1127 1080 1207 1118 hoc
1242 1078 1406 1117 schema
1434 1076 1619 1126 plerum-

267 1169 349 1208 que
377 1155 620 1207 exquisitius
655 1164 713 1194 est
744 1164 782 1194 et
810 1170 889 1208 pro
917 1157 1077 1195 ratione
1105 1155 1296 1194 locorum
1325 1165 1434 1190 nunc
1464 1148 1619 1199 magni-

266 1229 470 1269 ficentiam
501 1228 708 1282 quandam
746 1231 869 1270 habet
908 1239 954 1271 ut
992 1231 1037 1270 in
1072 1230 1187 1282 epica
1214 1227 1332 1281 poesi
1366 1240 1405 1267 v.
1437 1239 1469 1265 e.
1499 1225 1618 1274 Virg.

267 1306 370 1345 Aen.
396 1304 450 1354 X,
484 1308 586 1344 180:

379 1399 777 1409 —————
807 1378 1006 1432 Sequitur
1041 1376 1344 1430 pulcherrimus
1375 1377 1518 1423 Astur,

437 1453 564 1491 Astur
594 1467 700 1506 equo
734 1453 888 1503 fidens,

269 1543 321 1568 ne
353 1527 402 1567 de
432 1528 615 1568 Homero
647 1528 800 1578 dicam,
836 1543 946 1568 nunc
975 1527 1264 1568 mollissimum
1295 1533 1353 1565 est
1384 1532 1424 1564 et
1456 1522 1619 1562 affectui

268 1604 450 1643 molliori
490 1604 660 1644 inservit
691 1613 761 1643 aut
795 1603 1022 1654 venustati,
1067 1612 1114 1642 ut
1150 1603 1196 1641 in
1236 1599 1363 1651 elegia
1395 1597 1618 1652 Propertii,

269 1693 309 1719 v.
329 1693 363 1718 c.
391 1679 433 1728 I,
467 1682 514 1727 3,
545 1682 625 1717 25:

381 1750 612 1805 Omniaque
641 1753 800 1804 ingrato
833 1751 1013 1803 largibar
1042 1765 1216 1790 munera
1249 1763 1419 1799 somno,

438 1828 618 1868 Munera
648 1826 698 1867 de
727 1841 864 1880 prono
897 1841 1018 1879 saepe
1046 1827 1189 1868 voluta
1219 1826 1326 1866 sinu.

269 1911 308 1942 et
336 1902 436 1942 ibid.
464 1906 541 1941 31:

382 1978 527 2016 Donec
558 1975 738 2015 diversas
772 1986 1019 2026 percurrens
1050 1974 1150 2011 luna
1180 1972 1404 2021 fenestras,

434 2052 556 2091 Luna
586 2052 807 2091 moraturis
839 2048 982 2090 sedula
1014 2049 1241 2088 luminibus
1274 2056 1349 2087 cet.

271 2136 310 2167 et
339 2128 382 2175 I,
417 2132 490 2177 11,
521 2131 618 2166 29:.

384 2202 450 2240 Tu
485 2200 610 2241 modo
642 2213 764 2253 quam
793 2199 974 2250 primum
1007 2204 1218 2248 corruptas
1248 2195 1388 2235 desere
1418 2194 1552 2233 Baias.

439 2276 581 2315 Multis
612 2276 688 2314 ista
719 2274 872 2313 dabant
900 2274 1040 2312 littora
1071 2270 1306 2320 dissidium,

384 2352 563 2400 Littera,
603 2365 707 2404 quae
738 2351 902 2388 fuerant
937 2350 1054 2388 castis
1087 2346 1252 2386 inimica
1285 2345 1446 2397 puellis.

269 2426 386 2467 Adde
427 2428 487 2475 Il,
528 2430 569 2475 1,
607 2430 674 2465 52.
716 2426 775 2475 ΙΙ,
814 2430 860 2475 7,
902 2427 964 2464 18.
1037 2422 1118 2462 Sed
1156 2421 1222 2461 hic
1262 2434 1358 2459 usus
1394 2419 1552 2457 alienus
1594 2432 1618 2455 a

269 2501 428 2542 Tibulli
465 2501 595 2553 poesi.
660 2500 804 2539 Aliena
844 2499 966 2538 etiam
1002 2497 1272 2550 epanadiplosis
1305 2501 1383 2543 cst,
1423 2507 1463 2531 v.
1486 2506 1518 2530 c.
1553 2491 1618 2529 Ah

271 2575 492 2630 Corydon,
537 2573 758 2628 Corydon!
806 2583 876 2614 aut
905 2572 1015 2626 apud
1045 2572 1189 2611 Horat.
1253 2566 1432 2616 Occidit,
1473 2565 1618 2607 occidit
