1721 2953
253 173 351 199 wa
784 157 860 197 DE
895 158 1049 202 POESl

260 279 426 327 habent,
456 283 501 316 ut
531 274 695 315 themati
725 287 885 314 summo
919 273 1192 328 exprimendo
1223 277 1450 318 inserviant
1480 285 1518 316 et
1549 278 1599 318 ad

255 347 343 394 hoc'
375 350 662 393 illustrandum
703 352 962 405 conspirent,
1003 366 1077 392 nec
1117 361 1249 405 potest
1290 353 1362 393 ubi
1401 367 1500 394 vera
1535 367 1600 392 ars

253 438 419 482 regnat,
459 427 598 467 adesse
628 425 670 464 in
702 426 1021 479 compositione,
1060 427 1173 480 quod
1203 429 1364 468 aberret
1396 437 1546 467 temere
1578 442 1600 466 a

253 514 353 545 toto.
412 501 546 551 Quam
574 504 705 552 legem
736 516 828 541 cum
859 502 980 541 etiam
1002 502 1192 542 Tibullus
1214 513 1410 556 sequatur
1430 504 1600 557 ubique,

254 578 370 620 valde
411 579 649 630 imperfecta
689 587 749 617 est·
788 578 832 617 in
861 581 1012 619 talibus
1044 578 1297 632 explicandis
1329 581 1506 631 vulgaris
1536 581 1599 619 in-

254 655 504 707 terpretatio.
561 653 627 693 Sic
656 667 694 694 v.
725 667 759 692 c.
796 655 841 692 in
880 655 1013 706 prima
1047 655 1175 706 elegia
1203 656 1299 695 libri
1328 653 1482 709 primi,
1527 656 1599 694 ubi

251 733 441 772 Tibullus
471 730 520 770 de
552 745 689 770 amore
721 744 796 770 suo
826 729 963 770 dicens
995 730 1046 770 ad
1080 732 1237 772 luctum
1270 733 1314 771 in
1344 733 1598 772 sunere‘suo
1651 740 1654 741 ’

253 809 439 848 futurum
478 807 648 856 transit,
688 821 771 848 non
810 806 1004 848 viderunt
1033 808 1279 861 interpretes
1309 808 1477 848 militari
1513 810 1599 860 glo-

251 884 336 923 riae
366 885 466 923 haec
504 884 674 935 opponi.
733 881 836 931 Quis
875 882 1096 924 declaravit
1126 886 1170 923 in
1201 893 1316 924 sexta
1347 883 1449 938 quid
1479 884 1599 924 terri-

251 961 353 1000 biles
382 961 486 999 ritus
523 960 720 999 Bellonae
761 959 982 999 sacerdotis
1014 959 1208 1012 descripti
1248 961 1325 1000 sibi
1362 960 1491 1000 velint
1529 968 1599 998 aut

252 1036 426 1079 Osiridis
454 1036 595 1076 laudes
625 1037 669 1076 in
698 1035 900 1090 septima?
958 1036 1069 1077 Nolo
1097 1038 1219 1090 plura
1257 1035 1429 1087 addere3
1469 1037 1600 1087 expli-

252 1115 317 1154 cui
345 1115 389 1153 in
420 1112 727 1152 Commentario
756 1113 912 1165 ubique
953 1112 1074 1151 etiam
1116 1111 1166 1151 de
1206 1112 1372 1150 talibus.
1436 1111 1514 1149 Hic
1554 1118 1600 1149 ut

250 1189 460 1229 absolvam
489 1201 595 1241 quae
625 1186 811 1240 disputo,
841 1202 934 1227 eum
963 1187 1217 1238 singularum
1245 1200 1386 1226 rerum
1414 1187 1600 1226 omnium

251 1265 466 1304 consilium
493 1263 676 1316 positum
708 1263 760 1302 sit
797 1263 843 1302 in
881 1264 972 1315 ipso
1010 1263 1213 1313 themate,
1256 1261 1372 1302 vides
1400 1275 1478 1314 pro
1508 1262 1598 1300 the-

250 1348 356 1380 mate
386 1346 495 1378 recte
529 1338 651 1377 etiam
680 1336 760 1377 dici
791 1338 1008 1377 consilium
1037 1345 1109 1377 aut
1144 1351 1349 1376 summum
1380 1339 1596 1378 consilium

249 1413 458 1464 carminis,
498 1421 544 1452 ut
582 1413 648 1452 hic
689 1421 728 1452 et
767 1413 812 1451 in
849 1412 1020 1452 Pindari
1061 1412 1241 1452 editione
1281 1413 1432 1466 passim
1460 1414 1596 1453 facere

249 1492 375 1530 soleo.
445 1488 528 1528 Sed
557 1489 608 1528 ab
640 1489 719 1528 hoc
749 1487 955 1539 distinguo
987 1488 1237 1528 obiectivum
1273 1488 1509 1539 consilium,
1551 1495 1597 1526 ut

247 1568 518 1617 Welckerus‚
563 1566 690 1607 veluti
719 1565 923 1605 Pindarus
961 1565 1157 1618 epinicios
1190 1567 1366 1619 hymnos
1403 1579 1500 1605 suos
1532 1580 1596 1606 ce-

249 1643 368 1692 cinit,
402 1650 445 1681 ut
474 1642 700 1683 victoribus
729 1641 924 1682 ludorum
954 1643 1089 1681 honos
1119 1651 1223 1682 esset
1253 1650 1291 1681 et
1323 1642 1496 1694 epinicia
1527 1656 1595 1682 or-

246 1729 446 1759 narentur
476 1728 597 1760 cantu
627 1721 765 1769 chori,
809 1728 879 1758 aut
909 1718 1093 1759 dramata
1124 1719 1283 1759 Graeca
1319 1719 1470 1771 scripta
1500 1728 1597 1759 sunt

247 1795 297 1834 ad
327 1796 531 1848 Dionysia
562 1793 828 1844 celebranda,
870 1802 940 1833 aut
969 1796 1173 1847 Tyrtaeus
1209 1795 1356 1846 elegias
1392 1795 1510 1844 fecit,
1552 1803 1597 1834 ut

247 1872 469 1924 Spartanos
502 1870 553 1910 ad
581 1872 737 1910 bellum
769 1873 976 1911 excitaret.
1046 1872 1237 1911 Tibullus
1268 1881 1427 1922 autem,
1467 1880 1515 1911 ut
1543 1872 1595 1912 ad

245 1947 356 1985 hune
386 1944 572 1993 redeam,
604 1959 767 1984 carmen
798 1946 980 1997 primum
1009 1945 1106 1984 libri
1135 1947 1258 1998 primi
1288 1947 1449 1999 scripsit
1476 1956 1524 1987 ut·
1551 1962 1594 1988 se

245 2022 446 2061 Messalae
477 2028 700 2069 excusaret,
734 2035 897 2060 carmen
927 2022 1146 2073 septimum
1169 2031 1208 2062 et
1229 2024 1403 2063 alterum
1425 2023 1618 2066 secundi.

245 2096 342 2136 libri
372 2095 423 2134 ad
452 2086 636 2135 natalitia
664 2096 864 2135 Messalae
896 2104 936 2135 et
965 2095 1154 2136 Cerinthi
1184 2096 1382 2148 ornanda,
1411 2098 1456 2137 in
1483 2114 1592 2138 ama-

245 2174 361 2214 toriis
391 2182 526 2212 autem
557 2173 692 2224 elegiis
722 2173 762 2213 id
803 2173 902 2224 agit,
948 2181 994 2212 ut
1023 2175 1180 2226 puellas
1211 2189 1303 2214 suas
1339 2185 1594 2217 commoveat

246 2257 284 2288 et
324 2250 404 2288 huc
444 2262 607 2288 omnem
649 2248 732 2289 vim
775 2250 998 2289 verborum
1041 2248 1191 2300 dirigit.
1269 2249 1465 2303 Denique
1505 2252 1594 2292 fieri

245 2333 401 2378 potest,
430 2333 475 2364 ut
503 2326 617 2365 locus
648 2327 794 2379 aliquis
826 2325 979 2378 duplex
1010 2328 1227 2366 consilium
1256 2329 1427 2377 habeat,
1464 2330 1592 2369 veluti

247 2400 356 2452 apud
387 2401 598 2440 Tibullum
635 2403 678 2440 in
717 2401 861 2454 quinta
902 2402 1028 2452 elegia
1066 2403 1162 2442 libri
1200 2401 1324 2454 primi
1363 2404 1588 2443 exsecratio

246 2479 361 2516 lenae
404 2484 443 2515 et
482 2484 654 2527 propter
698 2480 802 2517 hanc
851 2478 982 2529 posita
1028 2485 1086 2515 est
1127 2485 1166 2515 et
1204 2485 1375 2529 propter
1412 2477 1587 2519 Deliam.

262 2554 354 2593 'tara
383 2561 520 2592 tamen
551 2553 615 2592 hic
644 2566 732 2602 res,
776 2552 884 2592 unde
916 2566 1024 2592 nunc
1055 2553 1182 2593 verbo
1212 2550 1411 2590 indicasse
1441 2553 1589 2592 sufficit

246 2629 359 2682 quod
389 2628 714 2670 Commentarius
755 2630 826 2668 ubi
864 2643 966 2681 opus
998 2630 1185 2681 pluribus
1217 2630 1421 2681 explanat.
1491 2632 1587 2670 Post

1673 2634 1689 2759 3

1673 2757 1685 2779 t:
