1721 2953
0 910 2 943 !

513 135 657 176 LIBR.
686 135 757 174 ΙΙΙ.
815 132 972 176 ELEG.
1004 136 1054 175 II.
1363 138 1442 173 325

102 255 208 288 rieudi
233 254 411 288 eonsilium
437 251 594 286 excusari
621 252 768 294 poterat.
818 247 893 281 Nec
920 247 1053 282 Neaera
1081 247 1144 281 hoe
1170 248 1318 282 carmine
1344 257 1438 280 cour—

101 326 193 356 mota
219 326 291 364 est,
320 331 419 365 quam
447 328 664 354 commovere
690 316 842 360 graviter
867 326 954 350 novo
981 320 1174 350 connnento
1203 316 1367 349 voluerat.

587 676 942 720 EXPLICATIO.

184 856 224 888 V.
256 857 343 887 1-8.
400 852 652 887 Exordium.
710 854 888 887 Neaera
922 854 1012 886 sibi
1049 865 1067 885 a
1103 856 1237 887 rivali
1273 859 1430 898 erepta

91 926 243 965 poeta,
279 931 371 955 cum
405 924 576 954 tantum
602 921 803 954 dolorem
830 921 954 954 ferre
990 931 1073 953 non
1107 923 1271 963 possit,
1309 922 1430 954 vitae

87 990 180 1022 leto
214 987 450 1021 finiundae
484 989 729 1021 consilium
763 999 808 1021 se
842 987 1029 1031 cepisse
1063 987 1254 1020 fatetur.

180 1055 223 1088 V.
248 1057 264 1087 1
293 1065 366 1097 sqq.
414 1065 649 1097 carumque
684 1059 776 1088 tene.
826 1054 865 1087 Si
899 1064 1064 1086 carumve
1098 1053 1226 1085 scribas
1252 1062 1329 1084 cum
1354 1050 1429 1084 aliis

86 1124 121 1154 et
146 1119 272 1163 duplex
299 1120 475 1153 discidium
500 1124 640 1161 statuas,
666 1120 798 1153 iuvenis
823 1119 888 1152 fuit
912 1119 970 1161 qui
996 1128 1108 1152 caram
1134 1118 1245 1150 iuveni
1269 1117 1429 1159 eriperet,

86 1185 198 1228 puella
231 1194 318 1226 quae
347 1185 503 1217 iuvenem
536 1185 692 1228 puellae3
725 1184 785 1217 sed
811 1194 878 1217 non
904 1187 956 1216 est
982 1183 1157 1226 probabile
1185 1182 1246 1215 hoc
1280 1182 1427 1214 voluisse

85 1254 240 1293 poetam,
279 1260 355 1283 cum
380 1249 490 1283 dicat:
525 1248 587 1294 qui
612 1267 655 1273 —
682 1247 823 1290 ferreus
843 1247 939 1293 suit.
988 1247 1095 1281 Immo
1125 1248 1166 1280 de
1192 1258 1258 1280 uno
1284 1246 1426 1279 discidio

83 1317 252 1358 loquitur3
277 1317 333 1358 qui
359 1317 503 1359 primus,
529 1316 596 1356 ait,
623 1315 802 1348 discidium
829 1314 946 1348 effecit
970 1315 1059 1347 inter
1085 1314 1170 1346 duos
1196 1316 1357 1345 amantes.
1381 1329 1424 1335 —

83 1380 261 1413 ferreus
287 1380 367 1412 ille
393 1379 492 1412 fuit.
542 1380 671 1412 Verum
698 1380 783 1420 hoe,
809 1379 838 1411 si
863 1381 1002 1411 omnino
1028 1379 1187 1410 distraxit
1212 1381 1365 1410 amantes
1391 1380 1425 1409 et

79 1444 242 1478 ambobus
266 1444 416 1477 dolorem
441 1444 575 1485 attulit3
614 1444 665 1476 sin
689 1443 803 1476 rivalis
831 1446 905 1476 erat
930 1443 1063 1483 iuveni,
1097 1441 1173 1474 huic
1199 1441 1334 1483 quidem
1362 1452 1423 1473 no-

79 1512 168 1553 cuit,
201 1511 263 1545 sed
290 1522 357 1544 non
390 1512 535 1555 puellae.
586 1512 703 1547 Quare
740 1511 842 1544 etiam
878 1510 928 1543 sic
962 1520 1028 1542 non
1064 1509 1151 1542 bene
1188 1512 1290 1552 poeta
1326 1507 1421 1540 dixit.

78 1576 304 1610 Nihilominus
329 1576 416 1610 hunc
440 1587 554 1610 casum
580 1586 721 1608 necesse
747 1579 800 1608 est
828 1575 862 1608 iu
890 1575 1001 1607 animo
1026 1573 1204 1613 habuerit,
1239 1573 1317 1615 quia
1344 1583 1421 1605 euni

78 1645 262 1687 experitur.
320 1644 425 1677 vides
458 1643 571 1675 statim
607 1643 749 1685 primam
785 1641 989 1674 sententiam
1025 1640 1107 1671 vitio
1144 1639 1322 1679 laborare3
1360 1638 1421 1669 sed

77 1709 185 1741 forma
219 1709 373 1752 speciosa
399 1707 481 1740 facit
506 1711 543 1739 ut
569 1708 678 1739 minus
705 1705 1004 1739 animadvertatur.
1030 1724 1075 1729 -
1114 1704 1319 1747 Eripuit,
1354 1714 1420 1736 vox

75 1775 198 1807 usitata
231 1773 274 1806 de
307 1773 478 1805 rivalibus.
528 1773 765 1805 PROPERTHJS
801 1770 958 1803 laudatus
991 1770 1034 1802 ab
1064 1769 1215 1802 Hunno
1242 1768 1285 1809 ll,
1317 1771 1350 1809 8,
1378 1770 1418 1800 l:

76 1839 240 1884 Eripitur
270 1838 368 1871 nobis
398 1839 469 1870 iam
499 1837 634 1882 pridem
668 1848 756 1868 cara
785 1836 922 1880 puella.
948 1854 994 1859 —
1030 1836 1210 1867 Postremo
1235 1834 1276 1865 ad
1310 1837 1418 1866 totum

79 1909 190 1941 iocum
216 1906 333 1940 confer
358 1907 483 1939 Tibull.
510 1905 537 1947 Ι,
560 1908 615 1946 10,
639 1907 673 1939 2.
699 1907 733 1945 2,
760 1907 815 1936 67.
842 1904 887 1943 Il,
910 1906 944 1944 3,
970 1906 1004 1936 2.
1031 1903 1088 1934 ubi
1112 1902 1273 1933 maiorem
1295 1900 1418 1933 Tibul-

76 1976 186 2008 tianae
216 1974 374 2007 dictionis
407 1974 475 2007 vim
511 1973 633 2023 disces.
693 1971 783 2005 Albii
811 1971 957 2003 affectus
983 1969 1160 2012 praeponit
1189 1968 1306 2000 colon:
1335 1966 1417 2011 sur—

73 2054 153 2074 reus
186 2048 257 2078 est,
297 2041 400 2086 fuit,
439 2041 529 2084 quod
567 2039 620 2073 hic
656 2039 844 2083 postponit.
879 2056 925 2061 -—-
971 2037 1014 2070 V.
1039 2037 1060 2068 4
1096 2046 1172 2078 sqq.
1223 2036 1417 2068 coniunx

74 2111 229 2150 erepta
255 2111 308 2140 est
335 2106 483 2140 nondum
506 2105 643 2148 quidem
666 2104 699 2136 in
725 2103 977 2136 matrimonium
1004 2101 1116 2143 ducta,
1143 2105 1178 2134 at
1203 2111 1327 2144 sponsa
1353 2101 1416 2133 sibi

73 2178 107 2206 et
143 2177 289 2216 sperata.
348 2173 490 2206 Confert
529 2172 851 2205 Wmnmmcums
888 2170 987 2212 Virg.
1027 2170 1109 2201 Aen.
1140 2167 1202 2209 Ill,
1238 2168 1321 2199 330.
1359 2167 1415 2197 ubi

71 2243 189 2282 erepta
210 2239 356 2272 coniunx
378 2239 564 2272 Hermione
585 2244 636 2270 est
657 2238 771 2271 Oresti
792 2236 968 2280 promissa.
1016 2233 1104 2267 Vide
1124 2234 1225 2266 etiam
1245 2234 1416 2265 Bnoucx-

70 2315 229 2345 nusum,
265 2305 322 2346 qui
358 2304 472 2336 iaudat
505 2305 671 2336 Sssnvmiu
705 2303 749 2335 ad
782 2302 878 2344 Virg·
908 2301 1030 2342 Eclog.
1057 2300 1150 2340 VIII,
1181 2303 1232 2331 18.
1270 2303 1304 2331 et
1338 2300 1413 2331 alia.

69 2372 212 2405 Constat
243 2382 361 2404 vocem
388 2371 488 2404 etiam
514 2372 547 2404 in
574 2371 682 2403 minus
711 2369 852 2403 honesta
879 2379 914 2401 re
940 2368 1031 2411 poni.
1060 2385 1102 2390 ——
1144 2373 1187 2399 et
1211 2368 1305 2409 qui,
1337 2378 1411 2399 curn

70 2437 101 2468 vi
137 2437 283 2480 repetito
318 2437 540 2479 pronomine,
577 2435 636 2468 sed
675 2435 718 2467 de
754 2434 871 2467 eadem
912 2444 1079 2476 persona,
1120 2433 1163 2465 cs.
1197 2443 1284 2474 qnae
1320 2437 1413 2464 notat

71 2503 410 2545 WUNDERLchlUS‚
446 2503 546 2535 ovid.
574 2502 659 2534 Met.
689 2501 752 2542 XI,
777 2504 856 2532 729.
886 2504 965 2532 730.
1007 2498 1145 2532 How-vr.
1174 2499 1284 2542 Epist.
1311 2499 1355 2539 11,
1380 2501 1413 2538 3,

69 2571 137 2601 180
179 2569 350 2603 iuvatur..
373 2569 450 2610 vll,
472 2572 529 2601 54.
558 2567 718 2600 CArum..
740 2565 866 2605 LXIV,
893 2568 951 2597 96.
1001 2559 1086 2598 x'i’de
1114 2566 1214 2597 etiam
1242 2565 1323 2597 int'ra
1355 2565 1411 2602 112,

69 2638 103 2676 3,
129 2638 186 2668 36.
238 2636 371 2668 I'onunt
397 2636 561 2680 imprimis
592 2635 692 2667 etiam
722 2634 776 2666 nbi
803 2632 943 2673 fortius,
978 2631 1137 2673 granius,
1170 2630 1413 2673 significantius
