1721 2953
603 189 846 231 TIBULLI.
1261 210 1278 232 c
1286 210 1331 233 Lx
1342 211 1381 233 m

155 308 254 358 Hic,
294 306 390 361 qnia
418 306 536 346 fortis
570 305 682 346 adest
715 304 907 357 audacia,
951 308 1078 360 cepit:
1119 314 1160 347 at
1193 308 1251 348 illi

206 382 427 433 Virgineus
457 390 617 421 teneras
651 389 729 421 stat
757 381 896 434 pudor
924 391 1017 423 ante
1051 397 1186 435 genas.

253 453 346 512 (ubi
375 458 496 511 quod,
532 461 622 511 quia
650 458 694 497 in
722 459 850 497 altero
881 460 1068 498 membro
1099 458 1328 515 omissum.)

39 533 142 573 Aliis
168 532 211 571 in
235 532 335 572 locis
359 533 541 573 suaviter
565 546 721 574 novum
751 533 979 573 subiectum
1007 534 1187 575 insertur
1214 535 1255 575 in
1282 549 1384 589 pen-

40 616 258 649 tametrum
288 621 381 647 cum
410 607 466 650 vi.

40 684 80 735 Ι,
108 687 157 733 2,
188 687 268 722 82:

153 758 267 799 Num
293 758 471 798 Veneris
500 772 670 811 magnae
700 759 853 800 violavi
883 761 1054 800 numina
1086 762 1235 810 verbo,

210 836 262 875 Et
289 850 379 875 mea
411 850 522 876 nunc
550 848 705 888 poenas
736 835 863 888 impia
890 836 1030 889 lingua
1061 836 1170 877 luit?

603 910 692 964 (pr.
720 907 824 966 luo.)

41 986 81 1034 Ι,
112 989 161 1036 3,
189 989 268 1025 63:

152 1062 205 1101 At
234 1062 432 1102 iuvenum
461 1061 586 1101 series
615 1060 766 1101 teneris
795 1061 982 1100 immixta
1010 1063 1159 1114 puellis

208 1134 355 1187 Ludit,
394 1144 433 1175 et
463 1134 625 1175 assidue
655 1136 813 1187 proelia
842 1135 983 1175 miscet
1012 1137 1152 1177 Amor.

461 1206 551 1265 (pr.
578 1210 738 1263 proelia
766 1207 969 1265 miscent.)

44 1284 86 1334 Ι,
118 1285 164 1333 4,
196 1286 248 1323 47
266 1298 276 1323 2

156 1358 244 1398 Nec
277 1367 315 1398 te
344 1359 551 1410 paeniteat
582 1357 708 1397 duros
739 1359 912 1398 subiisse
942 1359 1105 1399 labores

208 1435 292 1474 Aut
321 1448 449 1487 opera
477 1435 657 1474 insuetas
688 1435 902 1475 atteruisse
932 1449 1091 1475 manus.

362 1508 502 1563 (Certe
532 1511 588 1550 sic
614 1510 809 1550 meliores
839 1525 903 1562 pr.
928 1508 1066 1566 opere.)

156 1583 265 1634 Nec,
307 1585 406 1625 velit
434 1585 593 1625 insidiis
621 1586 722 1625 altas
753 1586 786 1625 si
816 1585 1005 1626 claudere
1037 1587 1183 1636 valles,

211 1660 323 1699 Dum
355 1662 535 1713 placeaS,
574 1661 739 1700 humeri
767 1661 870 1700 retia
902 1663 1010 1702 ferre
1041 1671 1201 1714 negent.

431 1736 522 1787 (pr.
551 1736 735 1774 humeris
763 1760 820 1766 —
849 1738 1006 1787 neges.)

46 1809 86 1858 Ι,
117 1814 163 1858 8,
194 1812 272 1848 53:

159 1885 248 1923 Vae
277 1883 402 1923 miser
431 1884 592 1923 absenti
619 1894 794 1926 maestas
824 1901 947 1940 quam
976 1901 1096 1940 saepe
1127 1891 1315 1942 querelas

219 1959 396 2000 Coniicit
423 1968 463 2000 et
492 1961 671 2001 lacrimis
702 1962 842 2002 onmia
875 1965 999 2016 plena
1032 1963 1220 2006 madent!

386 2037 475 2088 (pr.
500 2037 678 2077 lacrimis
711 2039 849 2078 onmia
880 2040 1053 2092 opplet.)

46 2111 277 2166 Aliquoties
302 2119 397 2164 post
418 2114 591 2153 verbum
614 2113 916 2154 substantivum
939 2130 1015 2155 esse
1043 2117 1221 2169 amplior
1243 2117 1396 2158 locutio

46 2189 160 2227 illata
191 2188 233 2226 in
264 2188 571 2228 continuatione
601 2190 849 2239 sententiae,
889 2198 934 2230 ut

47 2265 106 2315 ΙΙ,
141 2267 158 2302 1
177 2294 186 2312 ,
219 2267 295 2302 63:

159 2339 267 2378 Hinc
298 2345 338 2377 et
366 2338 566 2379 femineus
598 2341 719 2380 labor
748 2350 830 2391 est,
864 2342 960 2381 hinc
990 2356 1115 2394 pensa
1145 2345 1364 2400 colusque,

218 2413 354 2453 Fusus
385 2421 425 2452 et
459 2415 646 2466 apposito
680 2416 827 2467 pollice
861 2426 996 2459 versat
1029 2431 1147 2470 opus.

49 2489 91 2538 Ι,
121 2492 168 2538 3,
198 2489 276 2527 47:

161 2562 257 2602 Non
289 2562 415 2610 acies,
454 2576 541 2601 non
569 2562 631 2602 ira
660 2564 758 2615 fuit,
800 2579 882 2605 uon
914 2567 1043 2617 bella,
1087 2582 1161 2607 nec
1197 2582 1334 2608 ensem

219 2637 369 2677 Immiti
398 2651 543 2679 saevus
573 2637 749 2679 duxerat
780 2650 864 2680 arte
895 2642 1033 2691 faber,
