1721 2953
490 139 628 179 LIDR.
663 139 691 177 L
751 138 907 179 ELEG.
944 141 1034 179 VH,
1362 145 1433 181 157

94 259 170 299 quia
197 256 359 291 mirabilis
385 255 508 289 fluvius
542 254 587 287 sit
623 258 657 288 et
686 253 813 287 laudari
842 254 1020 297 Aegyptus
1045 255 1155 297 aliqua
1181 264 1223 288 ex
1250 258 1347 298 parte
1371 254 1433 287 de-=

91 323 202 356 buerit
236 327 274 356 ut
306 321 543 355 antecedentia
575 321 661 356 loca.
720 320 810 354 Nam
845 321 902 353 illa
937 322 1011 354 loca
1045 321 1193 355 breviter
1227 321 1362 364 attigit,
1400 323 1432 354 in

91 388 240 432 Aegypti
263 387 364 421 laude
388 387 466 420 data
493 396 597 430 opera
621 389 789 419 ⁴versatur
813 396 875 429 per
900 386 1079 420 maximam
1106 390 1236 430 partem
1261 386 1432 426 carminis,

87 455 182 495 quasi
215 453 317 486 etiam
353 452 525 485 Messalae
557 452 630 484 laus
666 450 815 483 maxima
847 449 900 483 hic
934 456 1067 493 agatur.
1115 452 1162 486 Et
1197 452 1350 496 profecto
1383 452 1430 486 ita

86 523 147 553 est.
208 520 387 562 Aegyptus
421 523 493 551 erat
525 518 646 551 summi
682 517 784 562 pretii
820 518 1016 561 provincia,
1053 529 1153 561 quam
1187 518 1362 553 ordinasse
1395 522 1431 552 et

85 585 316 628 composuisse
340 594 462 626 magna
488 585 573 617 lauS.
621 582 660 615 In
685 592 833 625 quonam
864 593 946 617 vero
983 584 1194 627 potissimum
1220 586 1331 628 posita
1356 588 1430 617 erat

82 651 289 694 praestantia
312 651 399 684 illa?
448 651 487 684 In
512 661 668 684 annonae
687 650 908 691 fecunditate,
934 655 1075 694 propter
1099 661 1200 693 quam
1226 650 1316 684 omni
1341 654 1429 684 tem-

84 728 167 762 pore
203 719 340 752 maximi
378 718 467 751 sacta
504 722 555 751 est
592 719 769 752 Romanis.
833 717 956 750 Nonne
998 718 1102 759 igitur
1140 718 1206 750 iam
1249 717 1428 761 perspicua

82 784 239 817 tractatio
263 787 396 828 poetae,
421 784 478 825 qui
503 783 591 816 idem
611 787 848 826 argumentum
874 782 1055 816 manifesto
1079 784 1180 816 etiam
1206 783 1239 816 in
1265 782 1422 825 sequenti

83 850 125 884 de
154 851 291 883 Osiride
325 852 401 884 loco
436 851 640 884 continuat?
690 850 777 883 Nam
812 854 851 883 ut
878 849 957 883 Nilo
992 849 1149 883 fertilitas
1180 859 1339 891 agrorum
1365 848 1426 881 de-

81 915 202 957 betae,
235 917 285 949 sic
318 915 464 949 Osiridis
498 917 682 949 inventioni
718 916 828 949 aratio
865 920 899 948 et
924 916 1042 949 vitium
1067 916 1294 958 arborumque
1326 915 1425 947 satio.

80 981 146 1013 Est
182 980 296 1026 igitur
330 982 517 1026 praeclaro
549 982 680 1016 iudicio
718 983 907 1016 coniuncta
944 982 1068 1016 horum
1105 982 1253 1015 duorum
1285 981 1426 1013 deorum

80 1045 160 1079 laus
190 1058 268 1079 eam
292 1046 333 1080 oh
362 1059 526 1084 causam,
560 1054 602 1080 ut
621 1047 853 1092 praestantia
871 1047 1123 1093 fertilissimae
1142 1045 1366 1091 provinciae,
1402 1055 1426 1076 a

80 1111 240 1143 Messala
263 1111 460 1149 ordinatae,
483 1125 590 1158 quam
617 1112 893 1145 luculentissime
916 1112 1133 1146 illustretur.
1182 1112 1296 1155 Vulgo
1323 1110 1426 1144 credo

80 1187 142 1220 pro
168 1176 362 1220 phantasiae
395 1179 471 1211 lusu
505 1182 540 1212 et
564 1178 776 1221 digressione
802 1179 963 1212 liberiore
989 1178 1180 1211 habuerunt
1212 1177 1309 1219 (vide
1335 1188 1365 1209 v.
1392 1187 1424 1210 c.

81 1244 292 1288 Bscnnnu),
328 1256 416 1288 qnae
442 1257 531 1280 nunc
557 1250 651 1290 patet
680 1257 757 1280 cum
783 1257 916 1280 summo
946 1247 1087 1280 consilio
1112 1245 1269 1279 carminis
1299 1254 1427 1277 conve-

78 1313 151 1345 nire
176 1313 316 1355 optime,
341 1317 379 1345 ut
404 1323 465 1356 par
487 1318 571 1347 erat.
622 1315 733 1346 Simul
759 1314 903 1361 vidimus
928 1324 1031 1357 supra
1056 1322 1156 1355 quam
1180 1315 1297 1355 aptum
1321 1310 1424 1343 etiam

77 1378 204 1421 ingenii
239 1362 365 1411 viribus
403 1379 547 1421 elegerit
583 1379 700 1412 Albius
733 1381 983 1421 argumentum.
1041 1379 1154 1420 Atque
1189 1375 1271 1409 haec
1306 1375 1423 1408 hacte-

77 1453 149 1477 nus.
176 1463 219 1468 —
255 1445 297 1476 V.
322 1446 367 1478 27
393 1454 443 1486 sq.
492 1444 544 1477 Ad
571 1444 798 1478 Osiridem
823 1445 951 1478 transit.
972 1462 1016 1468 —
1052 1443 1196 1487 pubes
1231 1442 1422 1475 barbara

77 1509 107 1542 h.
143 1520 172 1543 e.
209 1509 362 1550 barbari,
399 1509 571 1554 Aegyptii.
600 1527 646 1560 -,
692 1510 902 1549 miratur,
942 1513 1135 1543 veneratur.
1185 1509 1307 1553 Aptior
1340 1517 1420 1540 vero

76 1580 198 1619 poetae
222 1576 277 1609 illa
304 1586 369 1608 vox
396 1576 466 1608 visa
491 1580 631 1619 propter
655 1576 791 1608 inventa
819 1575 991 1618 praeclara
1017 1574 1144 1608 Osiridi
1174 1574 1310 1614 debita,
1335 1583 1421 1616 quae

77 1643 188 1675 statim
216 1642 418 1675 recensebit.
449 1660 493 1666 -—
529 1641 805 1685 Memphiten
841 1642 1016 1683 bovem,
1051 1641 1082 1674 h.
1108 1651 1138 1674 e.
1175 1642 1285 1684 Apim.
1336 1640 1420 1672 Erat

76 1709 163 1741 enim
199 1707 287 1751 apud
325 1706 547 1751 Memphites,
583 1711 619 1740 ut
653 1712 805 1747 constat,
846 1717 923 1740 cnm
956 1706 1102 1739 Osiridis
1135 1706 1301 1748 religione
1336 1715 1422 1739 con>-

74 1777 208 1808 iunctus
232 1774 343 1807 cultus
369 1772 457 1806 sacri
481 1772 578 1806 bovis
603 1773 697 1816 Apis,
723 1772 765 1806 de
790 1782 858 1815 quo
880 1773 986 1806 PnrN.
1014 1771 1105 1805 Hist.
1130 1770 1210 1804 Nat.
1236 1770 1330 1811 Vlll,
1353 1773 1419 1804 46:

76 1841 155 1872 Non
178 1846 231 1872 est
251 1839 321 1885 sas
345 1851 424 1871 eum
449 1844 560 1872 certos
584 1839 682 1872 vitae
709 1839 872 1872 excedere
896 1850 1027 1874 annos,
1054 1848 1271 1882 mersumque
1296 1837 1332 1869 in
1357 1848 1416 1869 sa-

74 1904 373 1949 cerdotumsonte
398 1910 544 1937 enecant
570 1904 770 1950 quaesituri
793 1905 894 1937 luctu
920 1904 1042 1946 alium,
1067 1915 1167 1950 quem
1191 1902 1417 1937 substituant

73 1978 107 2003 et
134 1971 240 2004 donec
261 1970 477 2011 invenerint,
510 1977 662 2003 moerent
690 1970 825 2003 derasis
849 1970 957 2003 etiam
982 1967 1177 2014 capitibus,
1212 1980 1274 2002 nec
1300 1974 1419 2001 tamen

73 2048 229 2084 unquam
263 2036 322 2068 (liu
357 2036 554 2081 quaeritur.
603 2038 778 2071 Inventus
811 2036 1000 2069 deducitur
1024 2035 1207 2081 Ilffempliin
1239 2046 1263 2067 a
1297 2047 1414 2068 sacer-

73 2102 222 2137 dotibus,
272 2104 374 2139 Quali
399 2107 512 2136 autem
540 2102 655 2137 habitu
681 2115 757 2138 esse
781 2104 917 2146 debeat,
942 2104 1043 2137 docet
1065 2104 1260 2138 HnRono'r.
1279 2103 1342 2145 111,
1356 2105 1415 2135 28.

71 2169 128 2201 ubi
152 2168 195 2201 cf.
221 2169 410 2212 interprett.
460 2169 532 2202 Iam
565 2168 641 2203 vide
673 2169 754 2212 quid
788 2169 946 2203 Tibullus
980 2170 1090 2203 dicat:
1128 2170 1201 2212 Te,
1238 2169 1340 2211 Nile,
1379 2174 1414 2202 e't

70 2234 239 2268 Osiridem
275 2236 507 2279 maximopere
540 2237 656 2269 colunt
691 2238 871 2280 Aegyptii,
910 2237 1032 2280 quibus
1067 2237 1214 2270 maxime
1240 2235 1334 2269 cordi
1362 2240 1414 2268 est

69 2306 182 2334 terrae
215 2311 297 2334 suae
332 2300 509 2342 fertilitaS,
546 2302 671 2344 quique
709 2303 827 2344 lugent
860 2313 958 2336 sacro
992 2303 1058 2335 ritu
1094 2306 1262 2335 aratorem
1291 2302 1413 2334 bovem

69 2365 169 2410 Apim
194 2370 386 2408 mortuum,
419 2367 527 2401 donec
559 2369 662 2402 alium
687 2370 887 2403 invenerint.
915 2389 961 2394 --
1000 2370 1133 2403 docta
1166 2370 1410 2414 plangere,

71 2435 108 2464 ut
137 2436 190 2465 est
214 2436 353 2466 notante
379 2432 532 2466 Hssrmo
558 2435 591 2467 in
618 2435 755 2478 Fragm.
781 2435 937 2469 crinem.
964 2447 996 2479 p.
1023 2436 1153 2468 εἰδυῖαν
1177 2431 1298 2474 ψάλιον
1326 2433 1410 2465 ταῦ-

70 2511 128 2541 ρον
151 2499 338 2542 ὶηλεμίσαι,
364 2500 422 2542 qui
446 2499 536 2533 idem
561 2501 655 2544 Apis.
706 2501 867 2535 Ceterum
889 2501 1058 2547 plangere
1082 2512 1112 2535 c.
1137 2501 1333 2534 accusativo
1359 2504 1410 2531 est

69 2569 205 2605 notum,
241 2566 523 2608 quemadmodum
556 2567 691 2601 Graece
727 2564 943 2605 τύπτεσθαι,
979 2563 1169 2600 κόπτεσθαι
1204 2565 1340 2599 dicitnr.
1367 2580 1412 2589 -—

71 2630 110 2662 V.
132 2632 177 2662 *29
193 2640 264 2672 sqq.
317 2631 368 2663 Ad
393 2631 571 2674 sequentia
596 2633 822 2669 eonferendus
843 2638 894 2667 est
916 2634 1020 2669 Dion.
1042 2633 1068 2675 Ι,
1089 2635 1157 2674 14.,
1182 2632 1239 2666 ubi
1265 2636 1299 2665 et
1326 2629 1408 2662 haee
