1721 2953
486 174 629 216 LlssR.
659 172 730 214 111.
790 169 946 213 ELEG.
979 174 1051 214 IV.
1350 176 1427 213 34⁶»

89 289 230 322 domina
257 288 333 322 ulla
358 298 429 320 meo
451 291 557 331 ponet
583 283 735 330 vestigia
761 283 860 321 Iect05,
887 285 1007 319 inseret
1032 284 1163 330 pedem.
1213 284 1297 320 ibid.
1320 285 1347 327 Ι,
1373 288 1428 324 18,

89 359 151 390 ll:
193 367 260 388 non
294 353 410 387 altera
444 357 562 384 nostro
600 350 735 384 Limine
762 350 941 396 formosos
973 350 1099 384 intulit
1136 349 1211 383 ulla
1242 349 1357 395 pedes.
1383 368 1429 375 —

88 423 129 455 V.
154 423 211 454 25.
239 422 295 452 26.
346 416 551 451 Accedimus
575 415 619 449 ad
646 418 843 460 corruptum
879 417 1010 458 locum,
1044 416 1102 459 qui
1128 414 1228 448 certis
1254 415 1429 449 coniectu«

87 488 132 520 ris
155 485 266 520 sanari
291 484 347 518 vix
374 484 511 529 poterit.
570 483 622 517 Ac
645 482 860 517 Huscmuus
887 483 1022 527 quidem
1048 494 1124 517 cum
1148 482 1301 518 Hermo
1325 483 1427 517 etiam

85 554 237 598 spurium
261 562 339 586 eum
368 552 518 593 censuit,
559 550 652 594 quod
676 560 742 584 non
767 550 965 585 concedam.
1015 549 1206 593 Descriptio
1232 548 1423 583 huiusmodi

85 618 228 661 longior,
253 621 326 650 tota
350 616 555 661 specialibus
582 616 684 650 rebus
709 620 882 658 contexta,
916 616 943 649 si
971 615 1072 649 habet
1097 616 1290 658 generalius
1316 615 1427 659 quod-

86 683 161 716 dam
186 682 333 723 dictum,
373 681 507 724 singula
532 679 625 725 quod
651 680 919 724 complectatur,
960 680 1087 714 laudari
1120 680 1185 714 hoc
1218 681 1332 715 debet.
1379 682 1429 715 Ac

85 753 265 784 senserunt
290 749 446 794 plerique
472 758 589 782 omnes
615 748 738 792 opinor
763 751 879 791 aptum
906 758 982 782 esse
1007 747 1186 782 distichon·
1240 748 1311 782 Sed
1342 759 1429 792 quo-

86 817 186 852 modo
220 817 502 851 emendabimus?
561 816 816 850 LACRMANNUS
850 818 951 848 acute
988 816 1145 849 coniicit:
1190 814 1331 848 heroum
1366 828 1426 850 nec

86 883 172 916 tulit
197 883 274 915 ulla
300 883 444 919 domus,
480 881 620 924 reliquis
654 880 802 914 intactis.
862 880 941 923 Ego
975 884 1086 913 tamen
1121 891 1242 914 vereor
1272 891 1314 914 ne
1349 885 1427 925 post

85 947 273 981 hexametri
296 947 422 981 verba:
449 957 516 980 non
542 947 669 980 vidisse
693 951 753 980 aut
777 946 894 980 tulisse
920 946 1098 979 formosius
1121 947 1301 990 quidquam
1325 948 1428 982 ullam

86 1014 233 1058 priorem
259 1017 427 1055 aetatem,
466 1013 611 1046 debilior
644 1013 690 1046 sit
722 1012 786 1045 ista
812 1013 980 1045 sententia
1006 1016 1041 1045 et
1066 1013 1193 1054 minus,
1230 1023 1330 1055 quam
1365 1023 1428 1046 ex-

85 1084 232 1124 spectes,
258 1079 539 1113 antecedentibus
563 1079 677 1112 addat.
728 1078 861 1114 Quodsi
889 1077 1046 1111 hariolari
1070 1078 1159 1119 licet,
1185 1078 1296 1121 potius
1322 1078 1431 1112 Hm-

85 1158 139 1181 ΝΠ
165 1149 376 1182 coniecturas
402 1147 592 1191 praeferam
616 1147 649 1180 in
674 1145 894 1180 hexametro:
922 1146 1002 1178 Non
1025 1144 1117 1178 vidit
1143 1144 1334 1190 quidquam
1351 1150 1431 1188 etc.,

84 1212 116 1245 in
143 1217 357 1256 pentametro
383 1223 486 1245 vero:
521 1212 714 1243 humanum
739 1222 799 1243 nec
826 1208 910 1255 suit
944 1209 1038 1242 illud
1070 1221 1182 1254 osnes,-
1219 1211 1269 1244 sic
1302 1211 1429 1243 ultimis

83 1278 195 1310 verbis
233 1278 334 1311 deum
367 1278 472 1311 fuisse
506 1278 695 1320 significat,
734 1276 825 1320 quod
860 1276 1008 1309 nondum
1042 1276 1141 1310 dixit.
1191 1276 1242 1310 Ac
1275 1277 1430 1320 potuisse

82 1352 192 1384 opus
215 1342 263 1374 ita
288 1342 355 1374 diei
377 1352 446 1374 non
468 1341 661 1383 dubitatur3
688 1341 804 1374 docuit
823 1342 998 1382 Vrmmus,
1023 1344 1058 1374 et
1081 1341 1155 1384 ipse
1171 1340 1256 1385 fuit
1280 1341 1427 1384 probans

81 1417 158 1440 cum
183 1408 334 1440 Satvrio.
383 1407 442 1440 Sic
469 1407 608 1441 lusniz.
630 1407 711 1448 XII,
731 1410 795 1440 16:
823 1407 904 1451 Qua
928 1412 1028 1438 nocte
1052 1417 1131 1438 eum
1157 1405 1425 1452 (Alexandrum)

80 1478 193 1505 mater
216 1471 397 1517 Olympias
423 1472 597 1517 concepit,
634 1471 716 1505 risa
746 1484 811 1517 per
837 1471 987 1518 quietem
1012 1477 1066 1504 est
1091 1484 1168 1504 cum
1192 1472 1330 1518 ingenti
1355 1487 1431 1508 ser-

77 1544 182 1582 pente
206 1537 383 1574 volutari,
409 1550 471 1571 nec
497 1538 642 1583 decepta
668 1538 799 1571 somnio
823 1544 901 1576 est5
928 1549 1009 1570 nam
1028 1536 1194 1582 profecto
1219 1538 1336 1571 maius
1360 1539 1431 1571 liu-⁴

80 1615 187 1636 mana
211 1602 436 1635 mortalitate
457 1615 544 1646 opus
570 1600 671 1635 utero
696 1603 796 1634 tulit.
845 1603 904 1635 Sic
923 1603 1014 1634 θεῶν
1033 1603 1212 1641 &asnatica
1238 1603 1280 1636 de
1306 1605 1430 1639 semina

80 1667 219 1712 pulchra
245 1668 483 1700 Tnssocrurus
505 1667 532 1707 I,
553 1669 610 1699 32.
637 1665 749 1699 habet.
777 1684 823 1690 —
857 1666 901 1699 V.
927 1668 974 1698 27
998 1677 1048 1708 sq.
1074 1667 1210 1708 longa
1235 1669 1430 1704 cervice.

81 1735 134 1768 Ad
161 1733 444 1778 pulchritudinem
476 1732 560 1766 haec
593 1733 764 1776 pertinet,
802 1735 921 1765 contra
948 1743 1083 1774 crassa,
1122 1733 1257 1776 brevis,
1292 1735 1427 1779 obstipa

81 1799 265 1833 dedecorat
303 1799 462 1840 sormam,
501 1798 549 1831 ait
583 1798 758 1831 VULPIUS.
785 1815 831 1820 —
873 1801 1052 1839 myrtea
1086 1807 1218 1832 coma.
1276 1799 1427 1833 Vossms

81 1867 220 1906 flavam,
262 1875 399 1897 auream
438 1867 537 1907 putat
573 1863 717 1905 intelligi
754 1872 869 1906 posse.
930 1862 1001 1896 Sed
1037 1863 1197 1896 observat
1238 1864 1432 1898 WUNDER-

81 1941 224 1963 memus
246 1930 377 1962 isidoro
402 1930 482 1972 XII,
509 1933 542 1964 1.
567 1934 736 1972 myrteum
763 1930 914 1962 colorem
940 1929 1017 1970 dici,
1043 1931 1100 1972 qui
1126 1941 1261 1974 pressus
1287 1932 1319 1964 in
1346 1943 1430 1975 pur-

81 2006 185 2038 pura,
210 1994 242 2028 h.
271 2006 299 2029 e.
325 1996 496 2038 subniger.
547 1996 644 2029 Adde
670 1996 791 2029 Lon-(³1
817 1997 951 2030 Pastor.
973 1996 999 2037 I,
1026 2008 1059 2039 p.
1085 1999 1143 2029 22.
1170 1997 1223 2030 ed.
1247 1999 1429 2033 Somnia:

81 2062 138 2091 καὶ
170 2056 192 2103 ἠ
222 2061 281 2099 μὲν
314 2062 442 2093 εἴκασεν
477 2057 586 2092 alitos·
610 2057 673 2103 τήν
708 2056 833 2103 κόμην,
870 2055 924 2092 ὅτι
954 2061 1106 2099 μέλαινα,
1140 2058 1293 2106 polignam.
1344 2063 1430 2097 Cum

80 2129 193 2158 tamen
219 2128 322 2169 vulgo
348 2127 434 2160 flava
460 2130 494 2159 et
527 2136 631 2159 aurea
659 2125 750 2168 apud
781 2129 899 2169 poetas
932 2126 976 2158 sit
1001 2137 1099 2159 coma
1123 2127 1312 2170 Apollinis,
1347 2140 1431 2162 con-

80 2192 240 2226 iectatum
279 2197 332 2226 est
370 2193 534 2237 myrrhea
569 2204 589 2225 a
623 2193 836 2234 ermumo,
869 2192 1054 2235 Munuro,
1091 2193 1265 2235 Hermo,
1304 2196 1428 2228 collato

80 2258 251 2291 Honmo
276 2259 336 2300 111,
358 2261 413 2300 14,
436 2261 494 2290 22.
544 2259 615 2292 Sed
640 2259 792 2293 defendit
816 2259 921 2292 libros
946 2259 1158 2292 Huscnxms
1183 2260 1285 2292 allata
1310 2260 1430 2302 dispu-

81 2323 209 2356 tatione
228 2323 409 2366 Sophoclis
430 2335 506 2358 cum
526 2327 760 2367 grammatista
779 2325 916 2359 Eretrio
937 2336 992 2369 ap.
1010 2326 1156 2360 ΑΤΗῐςΝ.
1175 2326 1270 2367 ΧΙΙΙ,
1292 2339 1323 2369 p.
1339 2329 1429 2360 604:

83 2384 155 2419 οὐδ’
189 2384 205 2419 ὁ
238 2386 401 2433 ποιητής,
436 2389 497 2434 {2177
530 2387 684 2435 (ίῖρέσκει
716 2390 787 2432 σοι)
826 2390 930 2431 λέγων
959 2387 1176 2434 χρυσοκόμαν
1212 2387 1428 2428 Ἀπόλλωνας

80 2455 227 2498 χρυσέας
258 2451 324 2500 wig)
358 2456 385 2487 εὶ
419 2457 569 2499 ἐποίησεν
605 2453 622 2488 ὂ
657 2453 831 2501 ζωγράᾳος
863 2453 927 2493 ‘scie
961 2457 1024 2488 τοῦ
1058 2457 1144 2489 θεοῦ
1170 2453 1276 2495 κόμας
1302 2459 1359 2488 καὶ
1383 2454 1430 2500 w)

84 2520 262 2560 μελαίνας,
292 2529 407 2566 χεῖρον
437 2518 476 2554 ῗίν
512 2513 552 2567 ἦν
585 2520 626 2555 ‘cox
661 2520 880 2568 ζωγράφημα.
940 2522 1040 2556 Unde
1064 2523 1172 2565 liquet
1198 2534 1218 2555 a
1244 2522 1429 2566 pictoribus

84 2585 307 2627 nigricantem
343 2588 493 2631 Apollini
530 2587 642 2621 datam
674 2599 818 2622 comam.
884 2588 982 2624 Quae
1018 2597 1073 2621 res
1107 2588 1156 2620 sic
1191 2588 1319 2631 placuit
1354 2586 1428 2619 huic

85 2655 227 2695 poetae:
253 2656 289 2686 ut
315 2663 389 2688 eam
416 2654 517 2690 etiam
543 2655 576 2689 In
602 2655 720 2699 poesin
746 2655 886 2690 inferret
907 2658 1023 2690 contra
1048 2655 1223 2699 vulgarem
1248 2664 1356 2689 usum.
1382 2669 1428 2680 -
