1721 2953
520 142 663 182 LIBR.
694 140 725 179 Ι.
782 139 939 180 ELEG.
969 140 1041 179 IV.
1374 144 1451 178 102

115 266 370 307 exsecratione,
404 267 442 298 ut
467 263 552 297 infra
577 263 604 304 1,
636 265 669 304 9,
693 265 749 296 53.
779 262 824 304 Π,
850 264 883 304 4,
907 264 963 295 39.
1003 260 1146 294 Hom'r.
1181 261 1252 295 Sat.
1284 260 1309 301 Ι,
1333 263 1367 301 8,
1393 263 1450 294 37.

112 333 193 375 ibiq.
218 332 356 365 HEIND.
405 329 479 363 Nec
503 329 614 362 minus
641 327 699 360 ubi
726 327 814 360 bona
841 327 1088 370 imprecantur,
1112 329 1150 359 ut
1175 325 1259 359 infra
1283 325 1310 367 I⁷
1333 328 1367 365 8,
1393 328 1450 358 55.

112 398 183 430 Res
207 400 298 430 nota.
324 413 371 420 -—
408 395 628 429 Venerem
663 391 874 425 vendere.
923 390 1079 425 Eundem
1116 392 1227 424 locum
1260 390 1302 423 de
1335 399 1451 423 amore

111 463 218 496 venali
243 463 397 495 Ovmms
423 463 546 494 tractat
575 461 706 493 Amorr.
733 458 759 500 Ι,
793 461 846 493 10.
873 458 1011 500 aliique.
1038 477 1084 482 —-
1118 457 1284 491 infelix
1321 455 1449 498 lapis.

110 530 197 572 Apta
223 527 275 561 bic
296 527 441 560 formula
467 525 720 566 exsecrationis,
747 533 823 557 cum
850 523 914 556 iste
939 521 1040 556 homo
1065 522 1190 556 dudum
1217 525 1369 555 mortuus
1394 521 1447 553 sit.

109 593 322 626 conserenda
345 595 459 625 autem
481 591 638 634 opposita
662 589 808 622 formula
832 587 1062 629 usitatissima,
1092 598 1192 629 quam
1217 586 1449 620 acclamabant

110 661 143 693 in
169 660 342 693 funeribus
362 663 396 693 et
418 658 460 693 ad
479 658 627 691 tumulos
646 660 747 700 atque
767 656 867 689 etiam
887 655 1054 698 lapidibus
1070 654 1313 698 sepulcralibus
1328 653 1448 685 inscri-

109 725 253 758 bebant:
289 724 339 757 sit
364 722 430 756 tihi
454 729 553 755 terra
578 721 683 758 levis,
718 721 760 754 de
785 730 852 763 qua
879 719 956 752 vide
980 720 1152 753 BnlssoN.
1178 719 1221 752 de
1246 718 1396 752 Formul.
1420 717 1447 758 Ι,

110 794 188 824 127.
219 796 253 823 et
277 801 364 833 quae
388 790 453 823 alia
478 790 672 824 Pissovms
699 787 814 820 laudat
838 785 882 819 ad
908 787 1005 819 Pers.
1031 787 1104 819 Sat.
1130 786 1157 827 Ι,
1182 797 1216 828 p.
1240 787 1321 818 272.
1372 784 1446 817 No-

108 863 175 891 tnni
201 859 300 891 etiam
322 859 491 891 Graecum
512 859 646 890 votum:
672 851 781 893 κούφα
804 866 856 887 σοι
879 850 980 896 χθών
1005 849 1160 886 ἓπάιιωθε
1185 854 1290 894 πέσοι,
1314 851 1446 883 Emun-

106 927 231 959 Alcest.
256 928 338 959 462.
386 923 586 958 Adscribam
610 933 713 967 porro
740 922 871 955 Emup.
897 921 1020 958 Helen.
1047 932 1076 955 v.
1106 924 1177 954 860
1199 932 1292 962 sqq.:
1327 921 1353 952 εἰ
1378 916 1444 963 γάρ

105 995 185 1025 εἰσιν
214 991 244 1024 οἶ
278 992 352 1023 θεοὶ
387 992 504 1030 σοφοί,
540 986 687 1031 εὔψυχον
719 985 830 1033 ἄνδρα
863 988 1030 1027 πολεμίων
1066 982 1213 1019 θανόνθ’
1238 980 1300 1017 ὕπο
1336 982 1445 1029 κούφῃ

106 1062 398 1101 κατημπιόχουοίν
422 1059 454 1090 ἓν
478 1054 597 1100 τύμβῳ
620 1060 745 1099 χθονί,
779 1052 946 1092 κακοῦς
978 1052 1012 1087 (5³
1039 1050 1057 1087 15
1067 1051 1099 1093 φ’
1125 1053 1234 1099 ἕρμα
1270 1049 1447 1096 στερεὸν

106 1124 379 1168 ἐκβάλλουσι
414 1125 504 1170 γῆς.
563 1125 750 1158 PROPERT.
783 1123 843 1165 IV,
877 1126 911 1165 5,
945 1123 1021 1156 fin.:
1062 1121 1118 1155 Sit
1153 1120 1314 1153 tumulas
1347 1120 1446 1152 lenae

105 1200 205 1226 curto
231 1198 333 1226 vetus
352 1191 522 1236 amphora
539 1189 649 1223 collo.-
674 1195 803 1236 urgeat
824 1190 920 1222 Ιιιιηο
941 1200 1052 1233 supra
1076 1187 1141 1225 vis,
1166 1187 1341 1232 &quista-e,
1367 1193 1445 1220 tuo.

104 1258 274 1305 Quisquis
299 1269 418 1294 amas,
442 1256 576 1290 scabris
602 1256 665 1289 hoc
690 1255 832 1290 bustum
857 1255 994 1288 caedito
1017 1254 1135 1292 saxis,
1161 1253 1344 1299 mixtaque
1369 1266 1446 1286 cum

104 1325 202 1359 saxis
227 1324 339 1357 adiice
363 1322 470 1357 verba
495 1323 661 1358 mala.-—
696 1325 739 1358 V.
765 1326 808 1357 61
829 1333 902 1366 sqq.
952 1321 1052 1355 Nunc
1075 1320 1118 1354 ad
1143 1320 1336 1352 carminum
1362 1319 1446 1352 lau—⁴

106 1393 179 1424 dem
205 1391 348 1425 accedit.
373 1410 419 1415 —
455 1390 666 1424 Pieridas
703 1389 734 1424 h.
761 1400 793 1425 e.
819 1388 975 1423 Pieridas
1002 1387 1116 1432 potius
1141 1390 1263 1420 amate.
1289 1405 1332 1410 -
1373 1386 1444 1419 do-

102 1464 222 1500 ctos,
260 1454 394 1497 σοφούς.
451 1455 582 1489 Doctus
615 1455 705 1488 enim
740 1454 865 1488 Latine
900 1453 1025 1487 dicitur
1058 1452 1195 1485 omnino
1230 1461 1313 1484 suae
1350 1451 1444 1494 quis-

102 1536 168 1568 que
191 1524 272 1557 artis
297 1523 446 1567 peritus,
481 1525 519 1554 ut
548 1521 655 1555 Ovm.
682 1520 768 1554 Met.
795 1520 858 1562 III,
885 1522 964 1552 168.
1001 1517 1145 1552 HORAT.
1171 1517 1198 1559 1,
1223 1519 1281 1558 29,
1306 1520 1341 1550 9.
1391 1517 1446 1552 Cf.

103 1591 222 1624 Bnnm.
249 1589 293 1623 ad
317 1587 463 1623 Phaedr.
493 1588 552 1630 lV,
582 1579 643 1630 16,Ι
661 1591 695 1622 8.
743 1588 851 1621 Plane
886 1590 922 1620 ut
947 1587 1084 1619 Graece
1109 1580 1224 1622 σοφός.
1272 1585 1445 1627 Persaepe

102 1665 181 1688 vero
212 1655 259 1687 ita
292 1654 416 1687 dicitur
447 1654 496 1694 is,
533 1653 592 1695 qui
615 1662 763 1696 poeseos
787 1655 823 1685 et
854 1651 999 1684 musices
1024 1653 1077 1683 est
1101 1650 1251 1693 peritus,
1286 1653 1446 1682 monente

102 1721 202 1752 etiam
233 1719 530 1752 WnNnssRmcfflo
562 1717 605 1750 ad
630 1716 692 1759 ΙΙΙ,
717 1719 751 1758 6,
779 1716 838 1748 41.
885 1715 1059 1749 Accedere
1083 1714 1185 1748 debet
1210 1715 1362 1757 cognitio
1385 1725 1447 1747 va-

102 1787 227 1819 riarum
250 1795 385 1826 rerum,
420 1788 459 1817 ut
485 1794 540 1817 res
569 1784 641 1827 ipsa
667 1783 789 1825 docet,
826 1781 887 1816 sed
913 1792 1027 1815 errare
1052 1781 1210 1814 videntur
1235 1781 1293 1823 qui
1317 1781 1443 1824 ubique

101 1851 144 1884 ad
171 1853 383 1884 Graecarum
409 1850 597 1882 litterarum
622 1849 779 1893 peritiam
805 1847 957 1881 referunt
983 1857 1124 1887 vocem,
1151 1850 1360 1880 monstrante
1387 1847 1440 1880 vel

100 1916 165 1951 boc
191 1917 264 1961 ipso
290 1917 366 1949 loco
391 1915 540 1958 Tibulli,
574 1915 632 1948 ubi
664 1926 730 1948 non
764 1915 807 1948 de
842 1914 998 1948 doctrina
1031 1914 1166 1956 agitur,
1207 1913 1267 1947 sed
1303 1913 1346 1946 de
1371 1916 1445 1946 arte

100 1988 277 2026 poetarum
311 1981 345 2014 in
378 1980 623 2025 componendis
659 1980 827 2014 laudibus,
852 1997 899 2002 —
935 1979 977 2013 V.
1006 1982 1063 2022 63,
1077 1990 1126 2022 sq.
1177 1978 1275 2012 Nisi
1314 1989 1444 2013 coma.

100 2048 306 2082 Notissimus
334 2045 387 2080 hic
412 2046 667 2089 Megarensium
701 2057 785 2088 rex,
822 2046 879 2089 qui
905 2045 939 2078 in
965 2045 1203 2089 capillamento
1229 2055 1313 2078 cano
1342 2055 1443 2078 unum

102 2125 306 2158 purpureum
325 2113 450 2146 crinem
477 2111 634 2154 habebat,
659 2111 748 2145 unde
773 2111 944 2156 pendebat
967 2111 1063 2153 regni
1083 2110 1200 2144 satum.
1228 2111 1336 2144 Ovm.
1357 2110 1443 2145 Met.

103 2180 194 2221 wll,
217 2182 264 2212 80
289 2190 362 2221 sqq.
412 2177 498 2211 Add.
525 2178 758 2210 BRothKnus.
783 2195 830 2202 --
865 2176 1074 2209 Carmine
1099 2186 1336 2219 purpurea
1362 2180 1445 2217 est,

101 2244 132 2277 Ιι.
159 2255 190 2277 e.
220 2255 285 2277 non
322 2243 385 2276 fuit
419 2254 538 2277 revera
572 2243 649 2276 talis
684 2243 715 2275 ei
749 2242 871 2283 crinis,
907 2241 968 2275 sed
1004 2243 1103 2274 fictus
1129 2245 1223 2274 esta
1251 2242 1372 2285 poetis.
1402 2260 1446 2265 —-

103 2310 186 2343 Mox
214 2309 256 2343 de
281 2310 473 2353 Pelopis
498 2309 636 2342 humero
663 2309 813 2342 eburneo
840 2312 919 2341 nota
944 2308 1066 2341 omnia.
1088 2325 1127 2333 -—
1154 2310 1196 2341 ni
1222 2308 1337 2350 sint,
1364 2319 1444 2341 non

101 2378 337 2410 nituisset.
391 2376 513 2419 Neque
539 2378 584 2418 is,
610 2377 677 2418 ait,
704 2375 819 2409 babuit
844 2376 946 2408 talem
974 2373 1158 2408 humerum.
1209 2375 1445 2407 Constructio—

105 2453 179 2476 nem
204 2447 392 2487 tcmporum
418 2443 509 2486 quod
536 2445 677 2485 attinet,
713 2443 861 2486 vulgaris
887 2442 974 2475 ratio
999 2441 1081 2474 baec
1110 2441 1247 2474 suisset:
1287 2441 1445 2473 car-mimz

103 2509 137 2540 ni
173 2515 308 2550 essent,
345 2521 412 2542 non
449 2508 615 2541 nituisset
652 2507 748 2541 ebur.
798 2508 939 2541 Poterat
972 2517 1052 2540 vero
1089 2507 1190 2540 etiam
1226 2507 1275 2540 sic
1310 2507 1443 2540 dicere:

106 2575 252 2608 carmina
280 2577 310 2608 ni
336 2577 422 2618 sint,
461 2587 525 2610 non
561 2576 699 2609 nituerit
726 2575 830 2616 ebur,
868 2573 899 2607 b.
927 2584 956 2607 e.
993 2574 1021 2606 si
1048 2584 1152 2617 ponas
1179 2584 1243 2607 non
1269 2583 1344 2606 esse
1369 2583 1443 2605 car—

103 2640 202 2682 mina,
229 2646 388 2684 sequetur
414 2653 480 2677 non
505 2643 644 2677 nituisse
673 2644 764 2677 ebur.
815 2642 913 2675 Nunc
939 2645 1037 2684 pocta
1061 2642 1193 2675 tertiani
1218 2640 1445 2674 constructio-
