1721 2953
483 170 628 210 LIBR.
658 170 731 209 IV.
789 168 958 212 CARM.
988 170 1041 210 II.
1348 173 1428 211 427

88 289 175 321 male
201 291 330 320 statues
357 287 470 319 statim
498 285 539 318 ab
566 284 662 318 initio
688 283 805 316 fictum
830 293 954 317 nomen
979 284 1179 328 praelatum,
1230 283 1315 316 Cum
1339 284 1427 318 enim

90 355 229 395 egregia
256 354 408 396 Sulpicia
434 352 612 394 insigniter
636 353 727 383 tacta
753 354 843 383 esset
864 361 979 384 amore
1006 351 1103 384 huius
1128 350 1279 392 iuvenis,
1307 351 1432 384 Tibul-

90 420 140 451 lus
165 419 343 452 iucundam
371 429 462 460 rem,
500 419 655 461 poeticae
686 417 878 449 tractationi
905 419 1135 461 aptissimam,
1171 417 1328 460 elegidiis
1354 418 1433 450 illu-

89 490 197 518 strare
229 484 378 526 studuit,
417 489 450 517 et
483 484 656 528 Sulpiciae
690 483 825 526 quidem
853 493 975 517 nomen
1009 485 1166 525 retinuit,
1207 494 1268 526 pro
1303 483 1432 515 iuvenis

89 554 201 583 autem
227 551 362 583 nomine
387 550 478 583 aliud
505 555 538 583 et
565 551 737 594 poeticum
763 550 948 591 substituit,
974 555 1012 583 ut
1037 561 1112 584 cum
1138 550 1292 582 veritatis
1317 551 1433 593 specie

89 617 245 660 poeticae
271 617 415 649 fictionis
439 618 703 660 coniungeretur
727 617 930 658 iucunditas,
958 628 1019 651 nec
1045 618 1086 650 ad
1113 617 1304 650 historicam
1330 616 1432 649 fidem

89 684 199 716 onmia
226 695 388 727 expressa
410 684 606 718 viderentur
632 687 773 726 exacte,
799 687 834 717 et
860 695 939 716 vera
965 683 1169 717 haberentur
1194 684 1306 716 omnia
1329 683 1433 716 verba

91 749 284 792 Sulpiciae,
324 750 384 782 sed
417 751 558 783 sentiret
583 751 692 783 lector
717 750 852 793 poetice
878 760 897 782 a
923 755 1023 793 poeta
1050 755 1213 783 exornata
1240 761 1315 783 esse
1345 760 1433 792 quae

91 815 345 848 fundamentum
381 814 544 849 haberent
575 814 783 849 historicum.
835 816 947 858 Atque
980 817 1024 848 ita
1051 816 1273 849 conveniebat
1299 819 1433 859 poetae,

90 880 118 912 si
154 881 288 922 quando
325 881 428 915 edere
459 883 594 915 volebat
628 882 710 915 haee
745 882 913 925 elegidia,
948 882 1037 925 quod
1072 882 1186 916 credo.
1236 882 1298 915 Sin
1330 881 1433 914 edere

91 946 221 987 noluit,
259 947 332 989 ipse
365 948 512 980 retinere
539 948 649 991 potuit
685 959 803 981 verum
829 959 951 981 nomen
986 949 1135 989 iuvenis,
1173 949 1288 980 fictum
1321 952 1433 979 autem

91 1011 309 1044 substitutum
342 1016 392 1045 est
418 1013 461 1045 ab
494 1023 556 1055 eo,
596 1013 650 1055 qui
682 1017 761 1057 post
789 1017 934 1046 mortem
961 1014 1049 1046 Albii
1076 1013 1211 1045 ultimos
1236 1016 1306 1045 tres
1330 1011 1435 1044 libros

92 1075 209 1109 edidit.
268 1077 362 1109 Idem
388 1078 489 1110 etiam
516 1078 547 1110 in
583 1079 715 1110 duobus
742 1079 945 1112 carminibus
971 1079 1107 1112 secundi
1135 1079 1209 1111 libri
1237 1077 1434 1110 Cerinthum

94 1151 215 1174 nomen
242 1143 397 1185 posuisse
422 1144 565 1184 videtur,
592 1155 668 1176 cum
695 1145 799 1177 sciret
822 1145 965 1177 eundem
990 1145 1156 1178 hominem
1178 1145 1291 1178 fuisse.
1343 1143 1437 1175 Cou-

93 1207 145 1240 fer
171 1219 257 1250 quae
282 1210 315 1241 in
342 1210 421 1243 Vita
447 1211 574 1243 Tibulli
600 1211 641 1244 de
667 1211 717 1244 his
743 1212 845 1244 rebus
872 1213 936 1244 iam
963 1212 1052 1245 dicta
1078 1216 1165 1245 sunt.
1215 1212 1325 1252 Atque
1351 1208 1434 1241 haec

93 1275 228 1315 quidem
264 1275 306 1308 de
342 1276 513 1309 Cerintho.
563 1277 703 1319 Elegias
739 1278 889 1311 vossms
927 1278 1086 1321 epistolas
1121 1277 1306 1319 inscripsit,
1345 1274 1436 1317 quod

94 1349 216 1371 nomen
243 1351 262 1371 a
287 1342 516 1381 grammaticis
550 1347 644 1375 certe
677 1344 716 1375 iis
743 1344 907 1376 tributum
934 1345 1076 1377 vidimus
1102 1344 1237 1377 ibidem·
1288 1343 1353 1375 Hic
1379 1345 1436 1374 ta-

93 1414 168 1435 men
213 1405 403 1437 addendum
451 1416 517 1437 non
564 1407 717 1439 omnibus
764 1408 798 1439 id
836 1418 955 1440 revera
992 1409 1192 1448 convenire,
1232 1407 1296 1439 nisi
1337 1407 1438 1438 etiam

93 1479 196 1501 carm.
223 1469 281 1502 IV.
309 1469 351 1501 ad
375 1468 552 1503 Phoebum
579 1475 614 1503 et
638 1481 741 1503 carm·
768 1471 827 1504 VI.
862 1472 904 1503 ad
931 1472 1094 1504 Iunonem
1121 1472 1240 1504 credas
1266 1474 1359 1503 recte
1389 1472 1437 1502 ita

94 1535 170 1569 dici.
220 1535 294 1568 Nec
319 1546 455 1569 carmen
482 1536 558 1570 vll.
584 1546 645 1579 pro
672 1537 816 1580 epistola
842 1536 957 1569 haberi
983 1540 1115 1579 potest,
1152 1536 1209 1568 ubi
1242 1546 1357 1568 secum
1384 1536 1438 1568 lo-

97 1601 211 1641 quitur
235 1602 387 1643 Sulpicia
414 1601 645 1633 laetabunda·
678 1601 810 1644 Nempe
835 1602 994 1633 Tibullus
1021 1612 1095 1634 cum
1122 1601 1182 1634 hos
1208 1612 1340 1634 amores
1367 1602 1440 1633 ele-

95 1665 196 1705 gidiis
222 1669 368 1696 tractare
394 1665 637 1705 constituisset,
664 1665 773 1697 varias
799 1676 920 1698 causas
946 1668 1131 1699 carminum
1158 1668 1283 1710 posuit,
1309 1667 1441 1700 varios-

97 1740 163 1772 que
188 1730 308 1762 modos
334 1731 554 1772 excogitavit,
580 1730 742 1772 quosdam
771 1742 814 1764 ex
842 1733 913 1775 ipsa
941 1731 1079 1764 historia
1106 1734 1154 1765 rei
1182 1734 1291 1775 petiit,
1316 1734 1438 1775 quibus

97 1805 155 1827 eos
181 1795 392 1838 depingeret.
442 1795 542 1828 Nune
569 1797 690 1828 natalis
715 1796 865 1830 Cerinthi
893 1802 965 1837 est,
1003 1808 1092 1830 nune
1117 1799 1310 1840 Sulpiciae,
1349 1809 1436 1830 nune

94 1862 224 1894 iuvenis
251 1866 407 1895 venatum
432 1862 526 1903 abiit,
553 1873 640 1895 nunc
667 1864 778 1906 puella
798 1873 855 1895 rus
881 1863 974 1896 abire
998 1875 1064 1896 non
1091 1865 1172 1905 vult,
1198 1875 1286 1897 nunc
1310 1865 1440 1897 Kalen-

97 1928 160 1960 dae
186 1929 331 1961 Martiae
357 1933 433 1961 sunt
458 1933 492 1961 et
522 1929 609 1961 dona
634 1929 829 1970 mittuntur,
858 1940 946 1962 nunc
971 1931 1090 1963 morbo
1119 1931 1249 1963 laborat
1275 1931 1440 1973 Sulpicia,

96 2003 185 2025 nunc
204 1995 350 2037 suspicio
372 1994 413 2026 de
436 1995 501 2027 fide
524 1995 675 2028 Cerinthi
698 1996 825 2037 incidit,
852 2007 939 2029 nunc
963 2007 1077 2029 amore
1100 1997 1261 2040 perfruita
1281 1998 1352 2029 eius
1375 2007 1439 2029 ex-

97 2061 200 2092 sultat
227 2061 348 2103 puella,
375 2064 409 2092 et
433 2060 481 2092 sie
508 2071 621 2103 porro,
649 2072 734 2103 quae
762 2061 907 2094 varietas
933 2073 1044 2094 rerum
1073 2067 1107 2095 et
1136 2062 1315 2094 formarum
1339 2073 1442 2105 aper—

97 2132 167 2158 tum
194 2131 245 2159 est
278 2131 439 2169 quantum
465 2128 681 2160 iucunditatis
706 2127 838 2161 habeat.
899 2128 999 2164 Quod
1026 2139 1106 2161 vero
1132 2132 1250 2171 postea
1278 2129 1441 2171 epistola-

98 2204 172 2226 rum
199 2204 319 2226 nomen
356 2195 483 2236 placuit
519 2195 667 2227 tribuere
704 2194 754 2228 his
789 2196 927 2237 elegiis,
962 2200 1116 2239 spectata
1142 2199 1194 2228 est
1219 2195 1325 2227 maior
1351 2205 1440 2237 pars,

99 2259 152 2291 cui
186 2270 267 2292 sane
302 2260 334 2291 id
369 2261 532 2303 applicari
565 2266 688 2304 potest.
747 2263 797 2294 Ac
823 2263 970 2295 Vossms
997 2264 1096 2295 etiam
1123 2274 1189 2304 quo
1216 2262 1334 2295 ordine
1360 2262 1443 2294 haec

97 2325 245 2357 carmina
280 2335 342 2367 per
375 2326 451 2358 anni
486 2330 639 2370 tempora
672 2327 736 2360 sibi
771 2328 973 2369 succedant,
1011 2328 1190 2371 descripsit
1223 2328 1342 2368 nobis,
1379 2327 1440 2359 sed

98 2390 202 2421 multa
227 2393 460 2431 commentus,
495 2402 581 2432 quae
607 2402 672 2424 non
698 2393 809 2425 insunt
835 2393 865 2425 in
893 2393 943 2425 iis.
994 2393 1089 2427 Haec
1116 2395 1203 2426 enim
1231 2404 1284 2426 res
1310 2393 1440 2425 definiri

97 2456 235 2496 nequit,
269 2465 331 2488 nec
366 2456 512 2489 voluisse
547 2456 679 2490 videtur
715 2458 748 2490 id
782 2458 958 2491 Tibullus:
996 2459 1150 2502 voluptas
1185 2459 1320 2502 poetica
1347 2458 1440 2498 larga

100 2522 207 2554 oritur
240 2532 283 2555 ex
317 2523 481 2555 varietate
507 2527 716 2567 temporum,
752 2535 948 2566 causarum,
988 2536 1145 2567 casuum,
1183 2526 1239 2568 qui
1273 2526 1304 2557 in
1339 2535 1439 2557 cursu

101 2588 224 2620 amoris
258 2589 415 2622 accidunt
450 2594 484 2622 et
519 2590 698 2632 imaginem
725 2592 797 2624 eius
826 2592 890 2624 alia
915 2595 1016 2634 atque
1042 2593 1106 2625 alia
1132 2602 1175 2625 ex
1201 2596 1297 2635 parte
1323 2595 1441 2624 osten-

101 2654 205 2694 dunt,
245 2653 434 2689 obscuritas
461 2661 574 2691 autem
601 2668 643 2691 ex
670 2659 825 2701 ignorato
850 2658 967 2692 ordine
993 2669 1104 2692 rerum
1131 2660 1220 2692 nulla
1249 2663 1312 2692 est.
1369 2657 1439 2691 Sed
