1721 2953
520 88 665 129 LIBR.
696 89 748 128 ΙΙ.
806 86 966 128 ELEG.
999 90 1051 129 V.
1379 96 1459 130 275>

115 205 294 247 sententia,
322 216 361 239 ac
387 203 486 238 valde
511 204 624 248 placet
650 203 682 235 iu
709 202 804 246 poesi
829 202 983 236 subiecta
1011 203 1200 238 huiusmodi
1227 205 1371 248 amplior
1397 206 1458 236 de-

112 273 264 316 scriptio.
290 291 335 297 —-
378 272 591 306 ardentes
627 271 737 304 deos
768 270 920 313 graviter
955 282 1003 313 pr.
1040 271 1174 316 templis
1205 271 1344 304 deorum
1382 280 1458 303 cum

114 339 240 380 signis,
277 343 314 371 ut
338 338 463 381 passim
497 337 656 369 dicuntur
688 335 733 369 dii
760 346 822 379 pro
850 336 985 379 templis
1011 341 1046 370 et
1070 347 1133 381 pro
1158 336 1265 378 signis
1290 336 1382 377 suis,
1416 336 1458 369 cf.

114 405 313 438 Psssnnxr.
340 403 381 435 ad
408 404 565 447 Propert.
593 403 637 445 11,
662 407 696 445 5,
721 406 778 436 28.
816 407 851 436 et
886 403 1175 437 Bnoucmmsmm
1209 403 1251 436 ad
1284 402 1371 436 hunc
1396 403 1461 435 Ti-

114 470 196 502 bulli
222 469 353 510 locum,
379 470 436 511 qui
462 479 492 502 V.
519 479 550 503 c.
576 469 677 502 affert
702 468 845 502 Honu.
869 468 930 510 IV,
956 471 989 510 4,
1015 472 1071 503 48,
1119 471 1300 504 Postremo
1329 469 1461 502 notabis

111 534 274 567 ardentes
300 535 451 569 secundo
476 535 688 568 substantivo
714 533 886 576 additum,
913 534 993 568 licet
1019 545 1121 569 sensu
1141 535 1243 569 etiam
1270 534 1312 568 ad
1338 534 1457 567 llion

109 599 310 634 adiectivum
347 602 526 645 pertineat.
561 620 607 626 ——-
653 602 823 635 Perlectis
861 601 1014 635 distichis
1052 595 1309 644 ambobusssi
1346 600 1458 634 denuo

109 668 321 709 quaerimus,
359 668 493 711 quando
517 669 655 702 Aeneae
680 667 781 701 datae
814 668 881 701 sint
909 672 1041 710 sortes,
1078 667 1250 702 HEYNIUS
1275 666 1460 711 respondet

108 735 252 768 solventi
276 734 384 777 datas,
408 746 608 780 comparans
633 736 844 769 Dion-mum
874 736 989 778 Antiq‚
1015 736 1118 768 Rom.
1145 736 1173 777 1,
1199 738 1270 776 55.,
1297 735 1352 778 qui
1379 745 1457 767 uar-

108 805 160 853 ra‘t
193 800 350 842 Erythris
377 800 489 834 Idaeis
519 802 553 834 in
588 801 728 835 Troade
761 802 937 835 oraculum
967 803 1103 835 Aeneae
1138 801 1253 834 datum
1279 812 1298 834 a
1323 801 1457 844 Sibylla

107 867 184 900 loci.
234 867 304 899 Sed
330 867 476 900 alienum
501 865 566 900 hoc
591 877 612 899 a
637 866 788 900 Tibullo.
839 865 1009 908 Erythrae
1036 866 1120 899 istae
1145 871 1223 900 sunt
1247 867 1339 899 vicus
1364 865 1457 899 Mer-

107 942 239 965 messus
263 943 283 965 a
309 932 412 967 rubro
436 933 554 967 colore
580 933 645 967 soli
676 932 742 967 hoc
773 943 896 967 nomen
923 938 1063 976 nactus,
1097 938 1135 967 ut
1161 945 1179 968 e
1204 936 1387 968 PAUSAMA
1414 933 1459 975 X,

107 1003 164 1034 12.
190 1002 318 1044 liquet,
353 1001 590 1035 Mermessiam
625 1005 739 1052 autem
774 1002 941 1044 Sibyllam
973 1001 1153 1045 distinguit
1178 1002 1335 1036 Tibullus
1371 1001 1457 1034 iufra

105 1079 136 1102 v.
159 1073 216 1103 67.
243 1081 263 1102 a
287 1074 413 1104 nostra.
461 1070 609 1105 Videtur
630 1070 736 1113 igitur
759 1074 880 1114 poetae
905 1072 1073 1104 sententia
1097 1069 1181 1104 haec
1206 1072 1318 1115 potius
1342 1069 1457 1111 fuisse,

106 1137 275 1178 Aeneam,
315 1148 392 1171 cum
426 1138 540 1181 paullo
575 1142 652 1182 post
687 1138 875 1171 discessum
908 1138 1022 1171 Ionias
1056 1137 1221 1181 Erythras
1254 1138 1454 1182 appulisset,

106 1202 151 1235 ibi
175 1203 216 1235 ab
244 1202 434 1246 Erythraea
459 1205 682 1238 celeberrima
707 1205 840 1248 Sibylla
865 1205 1038 1249 accepisse
1064 1206 1247 1239 oraculum.

205 1270 247 1302 V.
273 1271 417 1302 23-38.
476 1269 722 1312 Digressio
761 1270 813 1304 de
851 1270 1008 1304 habitu
1050 1273 1201 1315 prisco
1241 1272 1456 1313 locorum,

106 1333 179 1366 ubi
212 1334 348 1365 Roma
383 1333 582 1366 condita.

196 1398 286 1430 Dum
321 1399 426 1431 totius
460 1398 610 1440 regionis
645 1398 828 1441 imaginem
864 1399 1034 1441 ostendit,
1074 1404 1209 1434 montes
1247 1405 1282 1434 et
1316 1401 1457 1435 Velabri

102 1464 230 1506 undas,
254 1464 417 1497 habemus
446 1468 553 1497 totam
579 1464 681 1497 vitam
706 1464 919 1507 pastoritiam
945 1475 1156 1509 expressam.
1207 1466 1457 1511 complectitur

101 1533 190 1566 enim
223 1532 407 1576 descriptio
440 1532 504 1565 tria
536 1534 731 1573 momenta,
769 1543 874 1563 usum
905 1531 1002 1564 vitae
1028 1533 1278 1578 quotidianum
1304 1533 1457 1578 (pastio-

100 1610 177 1633 nem
204 1604 238 1632 et
263 1599 400 1642 casas),
438 1597 646 1643 religiones,
685 1608 841 1633 amores,
883 1597 1023 1641 pulchra
1056 1599 1259 1641 gradatione
1284 1599 1327 1632 ad
1356 1610 1455 1633 unam

101 1665 291 1698 absolutam
316 1665 426 1697 ideam
452 1664 652 1708 composita.
678 1681 725 1687 --
766 1663 930 1697 Ceterum
955 1665 1012 1697 alii
1038 1665 1104 1698 loci
1130 1664 1172 1698 de
1203 1665 1255 1700 his
1290 1667 1455 1710 tempori-

100 1731 163 1764 bus
186 1735 283 1772 sunt,
306 1740 392 1773 quos
415 1730 588 1764 Hermus
612 1729 765 1772 confert,
790 1731 899 1764 Vffle.
927 1731 1014 1766 Aen.
1040 1731 1134 1773 VIII,
1160 1734 1230 1765 337
1255 1743 1327 1775 sqq.
1356 1733 1454 1767 Pno-

102 1808 210 1832 PER'r.
238 1798 298 1839 lv,
325 1800 358 1831 1.
390 1799 498 1831 Ovm.
521 1797 617 1831 Fast.
641 1797 669 1840 1,
695 1800 766 1830 509
791 1809 866 1842 sqq.

196 1865 240 1899 V.
263 1867 310 1898 23
336 1875 386 1908 sq.
417 1868 518 1898 aete
530 1875 625 1907 rna,
659 1865 802 1899 solemni
826 1876 889 1899 usu
915 1867 1029 1900 Roma
1055 1872 1217 1910 vocatur,
1242 1872 1280 1900 ut
1306 1872 1453 1902 constat.

98 1932 204 1966 Plura
240 1930 366 1965 habent
400 1932 705 1973 Bnoncxnnsms,
743 1931 906 1965 Vum’ms
941 1931 974 1966 h.
1011 1933 1032 1966 l.
1070 1936 1105 1966 et
1137 1933 1259 1966 DotJSA
1293 1934 1451 1968 Praecid.

100 2009 131 2034 c.
156 2001 192 2031 8.
218 2017 264 2023 —
295 1998 572 2032 firmaverat.
624 1997 694 2033 Qui
712 1996 944 2042 formaverat
971 1998 1128 2042 probant,
1153 1999 1277 2032 afferre
1312 2004 1453 2043 possunt

99 2065 211 2099 Vme-
235 2066 320 2098 Aen.
345 2064 408 2106 IX,
431 2067 498 2098 80:
545 2065 709 2108 Tempore
738 2075 807 2109 qao
827 2063 983 2108 primum
1007 2063 1173 2110 Phrygia
1200 2063 1390 2110 formabat
1415 2066 1451 2097 in

98 2128 168 2161 Ida
201 2129 344 2163 Aeneas
377 2128 535 2162 classem.
592 2129 694 2165 Quod
720 2130 810 2164 enim
834 2129 1122 2163 Bnoucxnusms
1147 2133 1182 2164 et
1206 2131 1369 2164 Vunpms
1395 2142 1451 2164 ar-

98 2198 183 2237 gute
217 2195 259 2228 de
294 2199 461 2239 concepta
497 2195 609 2228 animo
644 2196 761 2238 specie
797 2199 832 2229 et
855 2195 1004 2239 imagine
1030 2196 1124 2230 urbis
1148 2196 1283 2230 futurae
1311 2197 1449 2231 verbum

97 2262 384 2306 interpretantur,
422 2262 594 2296 damnavit
627 2263 693 2296 iam
725 2262 913 2296 Hssmes.
968 2262 1040 2296 Sed
1065 2268 1216 2308 praestat
1232 2264 1449 2308 firmaverat

98 2329 278 2373 probatum
316 2329 477 2370 Sumo,
514 2328 732 2370 CYLLENm,
772 2329 921 2370 Vossm,
971 2328 1187 2372 Huscmuo,
1232 2331 1450 2373 Gonmmro,

98 2394 358 2435 LAcnmANNo‚
391 2393 423 2427 h,
449 2405 479 2428 e.
507 2393 655 2427 nondum
680 2394 887 2428 munimenta
912 2395 1083 2430 moenium
1108 2397 1325 2439 condiderat,
1362 2398 1452 2432 fossa

98 2465 135 2493 et
166 2462 256 2494 vallo
290 2461 499 2494 circumdato
534 2460 629 2494 urbig
665 2459 731 2494 hoc
766 2462 856 2495 enim
892 2461 993 2504 fecit,
1033 2463 1187 2507 lapideus
1222 2475 1337 2499 murus
1374 2471 1451 2509 post

99 2526 283 2561 Romulum
309 2531 514 2562 exstructus.
565 2527 753 2572 comparat
784 2528 998 2564 Huscmuus
1030 2530 1208 2566 Claudian.
1234 2533 1337 2577 Rapt.
1364 2535 1452 2568 Pro*

97 2604 188 2638 serp.
211 2595 238 2637 1,
263 2597 353 2630 236:
392 2597 568 2629 Devenere
595 2595 729 2634 locum,
767 2596 898 2631 Cereris
924 2609 993 2644 quo
1018 2603 1113 2631 tecla
1139 2598 1300 2632 nitebant
1331 2601 1370 2644 (ἶ)
1383 2597 1453 2631 clu-
