1721 2953
474 160 616 199 Llssfl.
648 159 676 198 Ι.
740 159 892 200 ELEG.
924 161 1012 199 Vll.
1340 168 1415 202 163

73 277 207 309 omnino
234 276 315 309 salsa
344 278 404 316 sit,
438 279 548 308 tamen
574 284 660 317 quae
687 274 798 308 statim
825 277 976 317 sequitur
1002 277 1162 310 allocutio
1188 277 1287 310 Genii
1312 287 1413 321 sepa-

69 344 193 376 ratiora
230 342 379 376 membra
416 341 577 375 orationis
617 341 784 384 postulat,
824 351 864 375 ne
902 343 1050 385 rapidior
1080 344 1241 378 transitus
1276 344 1341 386 sit,
1379 350 1412 378 et

69 410 218 452 postulat
253 419 316 441 non
355 418 521 441 annexam
558 407 838 441 antecedentibus
870 410 1092 451 sententiam,
1131 409 1190 443 sed
1226 410 1412 451 fortiorem,

68 484 154 507 nova
178 485 253 507 cum
279 474 309 506 vi
336 478 554 516 surgentem,
591 474 680 516 quod
706 475 815 508 eiecta
840 475 962 517 copula
990 477 1249 518 consequimur,
1285 481 1323 510 ut
1347 487 1412 520 op—

67 538 189 581 positio
213 538 372 572 exsistat:
409 537 508 571 illius
532 550 611 571 vero
634 542 699 572 etc.
726 557 771 563 -
815 538 871 572 Et
896 541 1044 583 capite
1070 546 1112 575 et
1139 543 1271 576 collo.
1324 542 1412 576 Nam

66 604 99 635 in
124 602 323 636 lautioribus
348 603 615 646 laetioribusque
641 603 803 636 conviviis
829 613 894 636 nou
921 605 1028 638 solum
1061 608 1191 650 capite,
1226 607 1284 640 sed
1312 608 1411 641 etiam

65 670 153 703 collo
180 663 323 704 coronas
356 670 540 712 gerebant,
578 680 665 712 quae
695 665 934 707 ὗποθίῃιιιάδις
961 674 1012 704 vel
1039 668 1251 711 ιῖῑιοθτνμιίύἰς
1278 674 1412 706 Graece

66 735 281 768 vocabantur.
344 735 429 769 Vide
472 745 558 778 qnae
588 735 703 768 ‘docte
747 735 906 778 exposuit
952 737 1168 771 Boram-mnu
1214 740 1246 771 in
1285 739 1412 772 Sabina

64 802 163 836 Tom.
190 803 216 836 Ι.
250 815 282 846 p.
307 805 388 836 240.
417 820 462 827 —
499 803 675 841 mollia,
710 812 775 835 non
801 802 899 834 otiari
926 802 1018 835 vides
1042 802 1105 836 hoc
1131 804 1304 848 epitheton
1330 805 1412 837 licet

65 882 84 902 e
109 874 229 903 natura
253 874 419 903 sertorum
444 871 611 914 petitum,
642 869 702 903 sed
728 869 890 913 prodesse
917 871 1014 903 simul
1043 872 1191 905 suaviter
1216 873 1279 916 ipsi
1305 873 1412 906 laeta-

62 945 136 968 rum
172 946 282 969 rerum
316 929 547 980 descriptioni.
598 936 697 969 Conf·
730 936 772 969 ad
805 937 849 978 11,
883 939 917 978 2,
943 941 974 971 6.
1002 956 1046 961 ——-
1097 939 1138 971 V.
1164 941 1209 972 53
1235 950 1284 981 sq.
1335 940 1411 973 Sic

64 1002 218 1035 venias
250 1001 467 1036 hodierne
502 1002 532 1036 h.
561 1014 590 1036 e.
627 1003 739 1038 hodie.
790 1004 1008 1037 Constructio
1044 1005 1238 1046 notissima,
1277 1010 1313 1039 ut
1342 1007 1411 1040 So-

62 1078 190 1102 1³}100L.
215 1067 362 1102 Philoct.
388 1071 467 1102 761.
518 1068 606 1103 Vide
633 1070 760 1104 Smnn.
799 1068 841 1102 ad
867 1068 987 1113 Enrip.
1016 1070 1143 1103 Troad.
1174 1073 1275 1103 1229.
1325 1072 1410 1104 ny-

63 1145 246 1169 srnMANN.
272 1134 314 1168 ad
341 1133 514 1168 Theocrit.
539 1135 652 1177 XVII,
678 1139 733 1169 66.
773 1136 922 1170 Solum.
949 1137 991 1169 ad
1017 1147 1118 1170 carm.
1144 1138 1258 1182 Priap.
1287 1149 1335 1172 nr.
1352 1141 1410 1172 83.-

63 1200 198 1234 ΑιιῑΙιοΙ.
227 1201 286 1233 lat.
320 1200 362 1234 T.
388 1200 432 1233 ΙΙ.
473 1213 506 1244 p.
532 1203 613 1234 560.
665 1200 876 1233 Hnmnonr.
903 1201 945 1234 ad
980 1201 1097 1235 Horat.
1126 1204 1198 1236 Sat.
1224 1203 1268 1244 ΙΙ,
1295 1206 1328 1244 6,
1353 1206 1410 1236 30.

63 1268 228 1302 ΗυεοΗΚ.
263 1267 304 1300 ad
341 1266 429 1300 hunc
463 1266 591 1299 Tibulli
630 1267 762 1308 locum,
805 1271 839 1299 et
876 1266 1114 1300 Britannorum
1149 1268 1242 1300 Dinr.
1277 1268 1408 1301 classic.

62 1334 140 1366 Vol.
165 1333 260 1374 XVI,
290 1344 323 1375 ρ,
348 1335 430 1366 353.
480 1331 583 1364 Errat
617 1333 722 1374 igitur
756 1333 908 1366 Vossius
948 1332 1147 1366 hodiernum
1184 1335 1411 1377 interpretans

0 1442 1 1448 ἵ
60 1398 237 1430 tutelarem
267 1396 366 1429 deum
401 1395 551 1429 hodierni
585 1395 664 1429 diei.
716 1397 876 1429 Ceterum
905 1398 991 1430 male
1024 1408 1043 1430 a
1078 1398 1340 1432 Bnoncmmsm
1375 1403 1412 1432 et

59 1464 209 1498 Hmmo
235 1462 348 1495 Osirin
375 1463 518 1505 intelligi
545 1462 608 1496 hoc
633 1473 753 1504 versu,
791 1464 846 1496 ubi
878 1463 920 1497 de
950 1464 1062 1497 Genio
1088 1465 1223 1507 agitur,
1259 1475 1313 1498 res
1335 1466 1410 1509 ipsa

0 1512 1 1529 ἶ
57 1533 171 1566 docet.
220 1532 384 1565 Invitatur
414 1531 498 1564 deus
532 1542 575 1565 ex
610 1542 704 1565 more
739 1531 781 1564 ad
809 1542 906 1564 sacra
931 1542 990 1564 sua
1016 1535 1054 1564 ut
1080 1532 1124 1573 11,
1149 1534 1183 1573 2,
1206 1535 1228 1565 5
1252 1542 1326 1574 sqq,
1352 1531 1410 1565 nbi

57 1598 224 1631 simillima
253 1598 365 1631 omnia
390 1596 532 1630 videbis.
559 1615 604 1622 —-
640 1581 730 1629 tibi
767 1595 860 1629 dem
888 1599 952 1629 etc.
986 1596 1089 1628 etiam
1116 1596 1201 1628 turis
1226 1595 1411 1629 honoribus

61 1668 95 1696 et
119 1663 207 1707 dape
232 1663 383 1705 legitima
408 1672 472 1695 non
500 1661 642 1695 carebis.
692 1662 802 1693 Poeta
841 1662 983 1693 interest
1016 1662 1121 1694 sacris
1154 1661 1244 1705 apud
1276 1662 1410 1695 Messa*

57 1730 123 1762 lam
149 1732 184 1761 et
207 1729 280 1771 ipse
306 1727 392 1760 feret
416 1727 480 1759 ista
509 1726 621 1759 Genio
646 1726 756 1758 amici·
806 1726 1051 1759 Coniunctivns
1078 1725 1152 1758 clem
1178 1730 1213 1759 et
1247 1738 1327 1760 mox
1344 1727 1410 1773 se-

57 1806 132 1826 ram
156 1793 295 1837 respicit
319 1791 524 1825 antecedens
549 1790 680 1824 venias·
738 1791 899 1824 Ceterum
928 1791 1031 1824 dare
1060 1795 1129 1825 tus
1153 1793 1313 1826 solemnis
1338 1794 1409 1826 for·-

56 1860 158 1901 mula,
183 1863 220 1891 nt
246 1862 377 1899 notant,
403 1857 446 1891 cf.
467 1857 494 1899 Ι,
513 1860 546 1898 8,
563 1860 619 1889 70.
644 1857 705 1898 ΙΙΙ,
723 1859 757 1898 3,
775 1859 808 1889 2.
836 1857 1024 1890 Pnopssnzr.
1044 1857 1102 1897 lv,
1128 1860 1160 1898 6,
1178 1860 1210 1889 5.
1261 1859 1408 1891 Omnino

57 1924 142 1957 dan-e
166 1924 352 1966 legitimum
378 1924 410 1956 in
435 1925 561 1965 sacris,
588 1928 624 1956 ut
650 1928 793 1957 constat.
822 1941 864 1947 --
891 1923 1022 1964 Liba,
1058 1927 1095 1956 ut
1119 1923 1163 1964 II,
1189 1926 1223 1966 2,
1247 1926 1281 1958 8.
1307 1928 1342 1957 et
1364 1925 1407 1958 cf.

56 1992 161 2025 Ovn).
195 1992 266 2024 Art.
293 1992 368 2024 Am.
394 1991 422 2033 Ι,
447 1993 528 2025 429.
567 1992 699 2024 Amorr.
723 1992 751 2034 I,
776 1994 809 2033 8,
835 1993 892 2027 94.
943 1992 1032 2024 Sunt
1061 1991 1213 2033 legitima
1250 1991 1283 2024 in
1318 1992 1407 2024 omni

56 2057 208 2090 natalitio
242 2067 358 2098 sacro,
397 2060 432 2089 et
459 2057 635 2099 placentae
667 2060 764 2089 erant
800 2056 843 2089 de
878 2055 988 2098 farre,
1025 2056 1126 2089 melle
1161 2060 1195 2089 et
1229 2056 1327 2097 olco,
1365 2055 1407 2089 cf.

56 2125 167 2158 SERV.
203 2123 244 2156 ad
281 2123 375 2165 Virg.
408 2124 494 2156 Aen.
521 2122 702 2164 V11‚109.
754 2123 922 2157 Videntur
958 2127 1071 2156 autem
1107 2126 1158 2155 tot
1193 2122 1291 2165 data,
1327 2126 1410 2166 quot

55 2191 132 2223 anni
168 2193 263 2222 erant
297 2189 407 2222 exacti
443 2188 550 2230 vitae,
588 2188 631 2222 cf.
667 2188 777 2222 Ovm.
814 2188 921 2221 Trist.
956 2188 1020 2229 Ill,
1056 2191 1112 2229 13,
1139 2190 1194 2222 18.
1220 2206 1266 2212 —
1315 2188 1408 2221 liba

55 2257 200 2298 ferre,
225 2260 263 2288 ut
287 2256 314 2297 I,
342 2258 397 2297 10,
423 2257 481 2289 23.
508 2256 614 2288 Vme-
640 2257 772 2298 Georg.
797 2256 842 2296 ΙΙ,
867 2258 948 2289 394.
981 2274 1027 2280 —
1062 2254 1320 2298 Mopsopio,
1345 2254 1407 2287 At-

55 2323 144 2363 tico,
180 2321 222 2353 ab
260 2321 399 2363 antiquo
435 2319 691 2354 Atheniensium
728 2331 811 2363 rege
850 2321 1033 2364 Mopsopo.
1100 2320 1290 2353 Notissima
1327 2330 1408 2353 vero

55 2387 233 2428 Hymettia
258 2386 370 2418 mella.
398 2403 443 2409 —-
485 2385 526 2418 V.
552 2388 598 2418 55
624 2396 698 2428 sqq.
733 2385 923 2418 succedunt
958 2389 1038 2418 vota
1074 2395 1135 2428 pro
1172 2385 1336 2418 felicitate
1372 2391 1407 2419 et

57 2451 165 2492 gloria
190 2451 303 2483 futura
329 2450 513 2483 Messalae.
539 2468 586 2474 —
622 2450 779 2494 proles
813 2454 1092 2484 succrescat.
1150 2451 1228 2483 Duo
1254 2455 1349 2484 erant
1375 2452 1405 2484 ei

55 2515 126 2548 filii.
177 2515 228 2548 Ad
264 2521 462 2547 succrescat
497 2514 669 2547 Hmmns
703 2514 834 2548 confert
870 2517 1046 2549 Annmov.
1081 2516 1144 2558 III,
1169 2518 1236 2549 29:
1275 2521 1310 2548 et
1341 2514 1407 2547 tibi

57 2587 275 2614 succrescant
303 2582 445 2614 iuvenes
470 2579 521 2614 bis
547 2582 695 2614 Caesare
719 2580 828 2626 (ligni.
853 2600 899 2605 ——
934 2583 1127 2624 Augeat,
1152 2582 1227 2616 aliis
1253 2583 1407 2626 praecla*

0 2667 1 2671 =
59 2647 104 2679 ris
129 2646 239 2681 factis.
263 2664 309 2671 -—
336 2646 611 2689 veneranda,
635 2646 737 2680 rebus
763 2646 870 2689 gestis
897 2651 930 2681 et
957 2646 1152 2682 honoribus.
1189 2648 1297 2683 vinc.
1325 2650 1406 2682 Aen.

984 2716 1064 2753 11*
