1721 2953
315 558 803 615 COMMENTARIUS
838 557 898 604 IN
935 557 1177 605 TIBULLI

463 688 637 729 LIBR.
676 688 708 727 1.
773 683 1035 725 ELEG.1.

546 937 952 994 INTRODUCTIO.

73 1064 267 1130 Tibullus,
294 1087 352 1131 qui
378 1085 479 1120 modo
504 1085 672 1130 stipendia
698 1085 869 1127 equestria
895 1085 1035 1128 fecerat,
1057 1094 1077 1118 a
1098 1084 1147 1119 M.
1170 1084 1306 1120 Valerio
1327 1085 1421 1119 Mes-

78 1155 148 1187 sala
176 1154 322 1186 Corvino
349 1153 510 1185 invitatus
540 1156 611 1184 erat
637 1155 675 1184 ut
700 1162 775 1184 cum
802 1162 842 1184 eo
867 1152 899 1184 in
929 1162 1050 1185 novum
1077 1151 1201 1185 bellum
1228 1152 1423 1195 proficisce-

77 1225 188 1262 retur,
214 1230 289 1252 cum
316 1222 429 1252 autem
455 1219 583 1259 nollet,
609 1222 750 1251 excusat
774 1228 812 1251 se
836 1221 979 1261 patrono
1002 1216 1065 1250 hoc
1091 1210 1248 1250 carmine.
1308 1218 1424 1253 Quae-=

76 1296 128 1318 ras
155 1295 319 1327 quaenam
348 1284 450 1317 suerit
476 1283 558 1318 baec
583 1284 772 1328 expeditio.
830 1284 882 1317 De
909 1284 1110 1325 Aquitanico
1136 1284 1224 1317 bello
1250 1288 1283 1317 et
1309 1286 1422 1316 statim

75 1355 152 1394 post
176 1354 335 1393 suscepta
353 1360 373 1382 a
397 1349 544 1382 Messala
570 1349 786 1390 navigatione
810 1348 844 1380 in
871 1349 985 1380 Asiam
1010 1347 1052 1380 ad
1079 1358 1134 1381 res
1157 1348 1307 1381 Orientis
1329 1358 1422 1381 com-

75 1416 247 1461 ponendas
273 1416 417 1458 cogitari
441 1416 578 1458 neqnitg
615 1415 667 1448 his
702 1415 792 1448 enim
825 1414 1002 1447 itineribus
1035 1414 1227 1446 interfuisse
1251 1414 1423 1447 Tibullum

73 1482 116 1515 ad
139 1482 284 1524 elegiam
308 1481 443 1514 tertiam
469 1484 504 1513 et
528 1481 708 1524 septimam
732 1480 932 1513 videbimus.
982 1478 1105 1520 Neque
1129 1482 1206 1521 post
1230 1478 1311 1511 illud
1338 1482 1425 1511 'tem-

75 1557 137 1590 pus
165 1550 298 1580 constat
322 1546 506 1580 Messalam
543 1546 692 1583 bellandi
727 1556 830 1579 causa
861 1546 975 1578 Roma
999 1543 1157 1576 abfuisse.
1207 1543 1331 1576 Restat
1358 1545 1425 1585 igim

74 1617 130 1645 tur
153 1616 192 1645 ut
216 1611 306 1654 quod
333 1616 411 1645 ante
438 1611 676 1654 Aquitanicum
707 1614 842 1653 gestum
869 1613 921 1643 est
947 1613 1065 1642 contra
1092 1609 1271 1641 Antonium
1297 1609 1422 1642 bellum

73 1678 322 1721 intelligamus,
359 1678 592 1721 scriptumque
625 1679 814 1709 statuamus
846 1685 981 1708 carmen
1018 1677 1096 1706 ante
1129 1684 1189 1706 ver
1220 1674 1298 1706 anni
1332 1676 1423 1713 7237

75 1753 152 1776 cnm
177 1742 296 1786 copiae
323 1742 505 1775 Antonium
532 1744 755 1785 superaturae
783 1740 816 1772 in
843 1739 1023 1772 Graeciam
1056 1738 1274 1772 traiiciendae
1299 1744 1422 1772 essent,

76 1808 126 1840 Ac
159 1807 363 1840 conveniunt
399 1807 528 1849 optime
561 1815 638 1838 cum
676 1804 738 1837 bac
771 1804 940 1837 sententia
973 1813 1089 1836 versus
1114 1805 1160 1836 49
1185 1813 1257 1845 sqq.
1292 1803 1346 1835 ubi
1380 1803 1422 1835 de

75 1872 242 1905 maritimo
269 1872 391 1904 itinere
421 1871 572 1914 loquitur
597 1873 699 1914 poeta
725 1873 759 1902 et
787 1879 906 1902 aurum
930 1867 1198 1910 smaragdosque
1230 1868 1425 1908 contemnit,

76 1940 194 1981 quales
221 1949 240 1971 e
266 1937 391 1981 praeda
417 1937 630 1970 orientalium
657 1936 859 1980 populorum
887 1944 1025 1978 sperare
1049 1933 1185 1967 licebat.
1240 1933 1341 1968 Quod
1375 1934 1424 1965 vi-

75 2006 124 2038 dit
149 2005 311 2049 imprimis
339 2006 513 2045 VOSSIUS,
549 2003 708 2047 probavit
733 2004 938 2036 PAssovrus.
989 1999 1200 2033 Accedamus
1231 2009 1320 2032 nunc
1345 2009 1424 2042 pro-

76 2072 151 2115 pius
187 2071 230 2103 ad
266 2081 399 2104 carmen
434 2070 555 2113 ipsum.
615 2069 724 2101 Poeta
757 2069 865 2101 lassus
890 2067 1043 2100 militaris
1077 2066 1164 2098 vitae
1198 2064 1332 2097 tandem
1369 2075 1424 2097 rus

75 2135 187 2169 redire
211 2136 367 2177 volebat,
407 2135 508 2167 simul
531 2134 656 2166 amoris
683 2134 823 2167 vinculis
849 2143 910 2176 per
933 2131 997 2165 hoc
1022 2137 1156 2175 tempus
1182 2135 1302 2174 captus
1330 2135 1421 2163 erat:

75 2210 180 2242 quare
205 2210 295 2232 nunc
320 2200 458 2232 militiae
483 2199 618 2232 divitias
644 2203 679 2232 et
703 2198 847 2240 gloriam
874 2199 1104 2242 promittenti,
1138 2198 1199 2231 sed
1225 2198 1425 2240 irrequietae

76 2269 111 2298 et
144 2268 274 2298 terrore
307 2269 474 2309 perpetuo
511 2264 658 2299 hostium
690 2266 877 2300 vicinorum
916 2266 1065 2308 agitatae
1098 2265 1240 2308 opponit
1273 2275 1425 2298 securam

77 2331 355 2372 tranquillitatem
382 2335 417 2365 et
441 2333 684 2366 iucunditatem
710 2334 799 2367 vitae
830 2333 965 2367 modico
991 2336 1187 2374 contentae,
1223 2342 1309 2374 quae
1335 2332 1424 2365 domi

76 2398 109 2430 in
138 2398 208 2430 otio
234 2398 362 2431 rustico
388 2402 423 2431 et
452 2409 568 2432 amore
593 2404 725 2442 agatur.
777 2401 826 2434 Ac
852 2400 997 2444 primum
1022 2399 1168 2431 rusticae
1194 2398 1281 2431 vitae
1307 2399 1424 2431 iucun—

75 2463 198 2496 ditates
223 2468 358 2506 tractat,
388 2475 463 2498 cum
491 2466 666 2510 praedium
693 2465 832 2500 liaberet
859 2467 1022 2509 exiguum
1050 2465 1185 2508 quidem
1211 2475 1254 2498 ex
1281 2465 1424 2507 amplio-

76 2528 167 2561 ribus
195 2530 307 2572 agris,
341 2530 402 2563 sed
434 2531 664 2573 gratissimum
698 2531 784 2572 sibi,
820 2532 966 2565 maxime
994 2531 1052 2574 qui
1085 2529 1312 2563 delectaretur
1337 2539 1423 2562 rure.

78 2595 243 2628 ruralibus
277 2597 445 2639 negotiis,
479 2597 596 2640 sestis,
632 2598 881 2642 voluptatibus,
915 2608 978 2632 nec
1009 2597 1118 2630 sactus
1151 2599 1241 2630 esset
1275 2595 1317 2628 ad
1347 2596 1423 2627 belli

82 2660 263 2696 molestias,
314 2663 391 2706 lpse
419 2663 487 2697 illic
517 2662 680 2707 plantabit
705 2674 803 2707 poma
830 2665 981 2707 vitesque
1007 2667 1042 2698 et
1067 2673 1143 2697 cum
1169 2663 1223 2705 pie
1248 2663 1426 2694 veneretur
