1721 2953
256 172 346 198 cmx
794 156 867 194 DE
900 153 1060 197 POESI

251 273 495 311 membrormn
534 268 699 322 postulat
739 271 809 306 sive
848 272 999 322 parium
1028 272 1084 318 οἰ,
1126 272 1198 308 sive
1231 283 1298 321 per
1339 267 1600 317 gradationmu

252 352 538 388 coniunctorum.
568 367 624 374 —
688 345 904 384 Postremo
935 343 985 383 de
1014 345 1209 397 Lygdamo
1241 356 1428 397 quaeras.
1496 341 1600 381 Cum

256 425 377 462 huius
408 419 540 472 poesis
570 419 779 458 remissior
808 419 859 459 sit
890 428 927 459 et
954 419 1095 472 vigore
1125 421 1280 460 maiore
1311 426 1463 467 careat,
1502 432 1598 457 raro

256 500 383 536 utitur
413 495 649 546 anaphora,
696 503 742 534 ut
771 495 888 535 facile
919 504 1145 549 exspectes.
1219 494 1448 535 Nervosior
1486 493 1601 532 locus

253 580 314 610 est
340 572 412 617 ΙΙΙ,
445 573 482 617 6,
516 572 564 609 13
596 583 710 623 sqq.:

364 648 436 687 Ille
468 646 562 685 facit
588 645 705 685 mites
737 643 894 685 animos
926 644 1045 695 deus,
1073 646 1142 684 ille
1171 645 1353 684 ferocem

422 720 621 760 Contudit
653 729 692 760 et
722 719 911 760 dominae
941 721 1052 759 misit
1076 720 1121 758 in
1156 721 1391 769 arbitrium,

363 797 578 836 Armenias
605 796 726 847 tigres
758 804 797 834 et
826 796 959 836 fulvas
989 795 1057 834 ille
1088 796 1252 834 leaenas

419 872 530 911 Vicit
559 879 595 911 et
628 870 838 910 indomitis
869 871 1008 910 mollia
1037 869 1162 910 corda
1192 868 1322 919 dedit,

254 945 324 985 sed
359 945 429 985 diu
461 961 634 1000 quaeras
663 947 729 986 hic
759 947 884 985 alium
914 947 1103 985 similem.
1170 945 1256 984 Ubi
1291 943 1476 985 invenias
1518 944 1607 981 illas

254 1023 485 1073 praeclaras
518 1021 757 1072 divisiones,
798 1022 1095 1074 oppositiones,
1125 1019 1404 1072 gradationes,
1444 1019 1483 1056 in
1516 1019 1608 1070 qui-

255 1099 333 1136 bus
376 1096 485 1149 apud
516 1098 732 1137 Tibullum
775 1097 987 1149 anaphora
1025 1092 1241 1148 splendet?
1312 1094 1471 1145 Nempe
1507 1095 1607 1132 haec

256 1174 384 1223 figura
415 1171 537 1211 etiam
573 1172 854 1212 inventionem
896 1172 1078 1222 postulat
1107 1178 1146 1209 et
1174 1169 1412 1210 varietatem
1449 1168 1609 1208 felicem

260 1247 573 1296 sententiarum,
610 1248 773 1299 qualem
803 1246 970 1285 Tibullo
1001 1244 1156 1297 ingenii
1185 1246 1348 1284 ubertas
1377 1244 1611 1296 suppedita-

258 1324 350 1370 bat,
379 1320 592 1373 Lygdamo
619 1329 754 1359 autem
777 1334 863 1359 non
895 1319 1149 1360 donaverant
1182 1318 1252 1359 dii·
1309 1318 1482 1371 Saepius
1512 1331 1610 1358 vero

261 1395 548 1448 deprehendas
580 1409 699 1434 usum
733 1395 968 1446 anaphorae
1004 1395 1308 1441 nervosiorem,
1352 1394 1425 1431 ubi
1457 1408 1524 1433 res
1551 1394 1611 1430 se-

258 1473 400 1521 rebat,
431 1471 473 1509 in
508 1469 688 1521 elegidiis
730 1470 866 1522 quarti
895 1469 1010 1517 libri,
1051 1469 1229 1507 maxime
1273 1482 1396 1507 carm.
1426 1472 1466 1506 2.
1497 1475 1536 1506 et
1561 1471 1611 1516 3.,

261 1555 300 1586 et
338 1546 404 1586 hie
443 1546 525 1584 illic
566 1545 609 1583 in
650 1545 813 1593 ceteris,
856 1552 900 1583 ut
939 1543 1077 1595 ipsum
1106 1543 1319 1582 Tibullum
1355 1541 1496 1581 audire
1538 1543 1612 1581 tibi

259 1621 449 1662 videaris.
477 1643 534 1649 —-
591 1620 784 1660 Diximus
817 1617 866 1657 de
907 1618 1141 1670 anaphora3
1184 1626 1349 1657 transeo
1394 1619 1448 1656 ad
1490 1626 1614 1657 cetera

260 1698 453 1736 schemata
491 1697 594 1734 leuius
630 1697 785 1744 generis.
842 1693 913 1732 Est
953 1701 1091 1732 autem
1133 1693 1238 1731 aliud
1278 1692 1461 1732 notabile
1500 1707 1615 1742 genus

261 1774 474 1825 repetiltbm‘s
506 1774 542 1809 in
570 1772 740 1823 oppositis
767 1771 965 1817 sententiis,
1011 1781 1104 1806 cum
1141 1780 1220 1820 pro
1255 1767 1503 1819 pronomine
1545 1767 1614 1807 de-

262 1846 533 1887 monstrativo
575 1845 867 1896 significantius
908 1851 947 1882 et
985 1843 1112 1894 magis
1150 1843 1310 1895 poetice
1344 1841 1452 1882 inter
1490 1845 1615 1884 verba

264 1919 434 1960 secundi
461 1921 543 1958 loci
570 1920 706 1971 ipsum
733 1932 908 1967 nomeu,
938 1918 1074 1969 ipsum
1106 1919 1304 1967 verbum,
1333 1918 1424 1970 ipsa
1456 1918 1616 1971 phrasis

263 1998 382 2051 prior
408 1994 536 2040 redit,
579 2003 624 2033 ut
652 1995 744 2033 Tib.
772 1994 811 2042 I,
843 1993 890 2042 4,
922 1993 1000 2031 74:

380 2072 492 2111 Haec
521 2071 644 2119 mihi,
684 2083 789 2122 quae
824 2082 1011 2107 canerem
1040 2065 1170 2116 Titio,
1211 2065 1309 2106 deus
1341 2064 1466 2106 edidit
1496 2081 1587 2107 ore:

435 2146 515 2186 Sed
549 2147 679 2185 Τι’ἰὴιηι
715 2145 897 2184 coniunx
929 2144 1029 2181 haec
1061 2141 1291 2180 meminisse
1324 2149 1446 2182 vetat.

268 2240 331 2277 pr.
361 2222 433 2262 sed
464 2235 572 2261 eum.
629 2222 760 2260 Porro
790 2220 841 2267 ΙΙ,
873 2219 911 2268 4,
943 2220 1020 2256 51;

380 2299 492 2337 Vera
522 2294 687 2349 quidem
719 2308 897 2342 moneo,
941 2292 1012 2331 sed
1041 2302 1215 2344 prosunt
1245 2291 1344 2346 quid
1376 2291 1473 2331 mihi
1504 2293 1620 2329 wera?

271 2389 332 2424 pr.
363 2372 432 2410 sed
464 2370 563 2424 quid
596 2371 696 2410 mihi
723 2377 897 2422 prosunt
928 2366 1053 2408 haec?

272 2448 377 2487 Vide
411 2450 530 2485 etiam
560 2447 610 2495 II,
643 2450 679 2494 6,
715 2449 790 2484 ll:

387 2525 537 2573 Magna
557 2523 729 2574 loquor,
771 2519 841 2559 sed
870 2518 1081 2569 magnifice
1113 2516 1210 2554 mihi
1236 2528 1375 2564 magna
1405 2515 1521 2552 locuto

443 2597 666 2637 Excutiunt
699 2597 857 2633 clausae
888 2594 1009 2633 sortia
1042 2592 1166 2632 verba
1197 2590 1320 2629 sores.
