1721 2953
0 0 6 104 ξ

0 128 4 198 ³

642 143 883 187 TIBULLI.
1363 164 1428 189 clx

85 267 131 301 ut
159 258 305 301 deinde
336 256 387 300 ad
416 258 560 300 ultima
588 260 729 301 venire
756 260 893 312 liceat,
921 274 1027 315 quae
1049 268 1217 303 restant.
1271 263 1429 304 Recen-

82 351 152 377 sus
192 335 416 377 carminum
459 337 590 376 factus
632 339 876 378 monstravit
918 338 1138 390 legitimam
1181 347 1429 380 structuram

82 413 229 464 elegiae
256 412 538 462 Tibullianae,
579 426 687 466 quae
717 420 804 452 tota
835 413 981 453 nititur
1012 412 1270 455 distinctione
1300 416 1428 457 trium

78 488 366 541 principalium
402 490 583 541 partium
620 502 688 541 ea,
733 503 857 543 quam
891 491 1010 531 initio
1043 491 1178 543 posui.
1242 490 1429 533 Exordio

77 561 217 615 prodit
261 564 399 603 thema
441 563 601 616 ipsum,
661 564 843 604 medium
890 579 1053 605 carmen
1098 567 1428 621 explicationem,

75 639 390 679 illustrationem
428 640 619 681 thematis
656 642 783 682 habet
825 641 902 696 (die
939 639 1247 696 Entwickelung),
1295 644 1429 684 exitus

77 714 294 755 contractis
327 715 428 756 velis
468 717 648 770 quietem
688 717 830 763 affert,
873 731 918 756 ac
956 716 1133 758 divisum
1173 732 1335 771 semper
1370 720 1429 760 ita

76 788 214 830 vidisti
243 799 550 843 argumentum,
579 800 626 832 ut
654 792 750 832 huic
777 792 931 833 rationi
958 793 1138 845 partium
1166 793 1429 846 respondeat.

75 866 282 907 Tractatio
325 875 462 906 autem
505 868 734 918 argumenti
774 867 831 907 sic
876 866 997 907 divisi
1038 866 1210 920 duplicis
1254 871 1426 910 omnino

74 944 234 994 generis
264 950 373 992 erat,
411 941 614 995 siquidem
645 943 712 983 vel
742 956 859 982 suam
887 943 966 982 sibi
994 943 1207 996 propriam
1237 957 1427 998 quaeque

74 1033 170 1072 pars
199 1020 378 1060 formam
405 1020 603 1066 habebat,
631 1021 697 1062 vel
720 1019 880 1060 redibat
906 1021 1040 1060 forma
1065 1022 1316 1062 tractationis
1340 1031 1426 1063 tota

75 1106 146 1138 aut
183 1111 237 1137 ex
276 1105 417 1150 parte;
469 1098 634 1137 alteram
677 1101 932 1146 variationem,
976 1098 1146 1136 alteram
1184 1103 1427 1152 repetitionem

65 1172 284 1225 formarum
320 1171 426 1211 dico.
500 1171 635 1224 Atque
675 1169 724 1211 de
763 1171 828 1212 his
867 1172 992 1211 rebus
1033 1172 1115 1212 iam
1153 1173 1259 1213 nihil
1294 1174 1425 1228 addo3

75 1247 241 1287 abunde
275 1247 498 1300 explicatae
529 1254 639 1286 sunt.

158 1322 241 1364 Sed
270 1331 436 1376 praeter
467 1324 574 1362 hanc
608 1324 841 1374 vulgarem,
879 1320 1092 1371 usitatam,
1127 1321 1347 1374 legitimam
1379 1325 1424 1365 in

72 1399 137 1439 his
178 1398 294 1438 libris
334 1397 577 1439 divisionem
620 1406 658 1437 et
697 1405 944 1437 structuram
987 1398 1218 1449 argumenti
1253 1400 1424 1441 minime

71 1473 234 1514 mireris
261 1474 304 1513 in
335 1481 448 1513 tanta
479 1472 712 1513 diversitate
745 1486 908 1523 rerum,
947 1471 982 1512 si
1011 1471 1142 1513 dicam
1175 1475 1297 1514 etiam
1328 1479 1424 1516 alias

73 1551 260 1604 quasdam
287 1548 433 1599 formas
461 1548 612 1600 elegiae
643 1548 741 1599 fingi
772 1561 893 1600 posse
923 1550 1029 1589 aliter
1056 1550 1167 1590 diviso
1193 1561 1424 1602 argumento.

71 1627 232 1668 Harum
261 1628 420 1680 aliquot
449 1625 560 1678 apud
587 1625 845 1679 Lygdamum
872 1634 988 1677 sunt,
1016 1627 1294 1679 pulcherrima
1320 1643 1423 1671 vero

73 1703 184 1756 apud
215 1703 352 1756 ipsum
380 1703 594 1742 TibuHum
630 1709 784 1751 exstat,
825 1715 949 1755 quam
982 1702 1163 1753 primum
1195 1704 1425 1756 explicabo.

72 1779 235 1818 Etenim
263 1779 308 1817 in
336 1777 567 1816 minoribus
595 1778 751 1828 elegiis,
782 1779 857 1816 ubi
881 1776 1016 1816 media
1045 1791 1142 1829 pars
1170 1779 1303 1830 priori
1327 1782 1422 1820 lon-

72 1852 253 1906 gitudine
289 1851 454 1899 similis,
503 1851 594 1891 fieri
630 1859 788 1903 potest,
835 1850 870 1890 si
909 1860 1195 1902 argumentum
1235 1854 1293 1893 ita
1331 1856 1423 1907 sert,

72 1937 120 1970 ut
158 1927 210 1968 ad
255 1925 564 1967 similitudinem
609 1925 911 1979 antisti-ophim&
939 1930 1201 1980 compositionis
1242 1929 1422 1970 secunda

69 2021 166 2060 pars
195 2013 431 2058 opponatur
459 2003 640 2056 primae,
681 2001 843 2042 claudat
870 2017 970 2043 vero
1001 2011 1133 2043 totum
1166 2006 1298 2046 exitus
1330 2015 1421 2046 tan-

71 2095 195 2137 quam
224 2079 394 2133 epodus.
462 2079 512 2117 In
541 2091 624 2131 quo
658 2091 710 2117 ne
740 2091 957 2130 perperam
985 2080 1115 2121 verba
1141 2094 1234 2120 mea
1270 2082 1422 2123 intelli-

68 2171 161 2210 gas,
197 2169 283 2196 non
313 2153 363 2193 de
393 2154 565 2206 paritate
596 2152 774 2207 quadam
811 2154 979 2193 metrica
1019 2153 1194 2196 duarum
1231 2158 1420 2210 priorum

69 2235 250 2288 partium
289 2232 440 2282 agitur,
480 2244 575 2270 nam
613 2230 754 2270 similis
789 2230 1004 2283 longitudo
1044 2233 1214 2286 sufficit,
1259 2236 1331 2276 sed
1369 2236 1418 2277 de

70 2308 271 2351 divisione
317 2321 460 2346 rerum
507 2307 809 2360 antistrophicis
857 2309 1222 2361 compositionibus
1271 2313 1419 2355 simili:

69 2382 322 2437 respondent
342 2382 421 2421 sibi
442 2382 584 2422 ambae
609 2390 745 2434 partes
766 2383 967 2422 concinna
989 2383 1165 2437 quadam
1191 2391 1419 2440 argumenti

71 2459 351 2513 dispositione.
404 2456 630 2498 Videamus
655 2461 857 2511 exempla.
913 2459 1082 2501 Summa
1107 2463 1268 2515 elegidii
1292 2466 1363 2515 IV,
1381 2469 1419 2506 3.

71 2544 258 2576 versatur
284 2535 327 2574 in
352 2533 555 2575 desiderio
579 2537 753 2576 sollicito
780 2535 1006 2590 Sulpiciae,
1039 2539 1265 2581 absentiam
1296 2543 1420 2582 amati

73 2609 257 2651 Cerinthi
284 2623 366 2651 non
399 2610 586 2661 serentis,
617 2611 689 2664 qui
717 2618 910 2652 venatum
937 2612 1103 2656 abierat.
1164 2615 1250 2656 Iam
1282 2617 1414 2669 prima
