1721 2953
476 202 614 241 ΗΒΕ.
646 203 677 241 l.
738 203 894 245 ELEG.
931 206 956 243 l.
1344 216 1389 249 19

138 326 178 358 V.
206 328 329 358 37-50.
377 323 519 357 Redit
557 322 776 365 primaria
814 325 1055 358 sententia.

136 392 334 425 Revertitur
367 394 469 432 poeta
504 389 546 421 ad
579 388 664 422 lianc
698 399 759 432 per
793 400 911 432 preces
944 390 985 423 ad
1023 391 1117 425 deos,
1159 377 1381 428 'observabit

42 462 154 490 autem
182 458 288 490 lector
312 465 434 488 novum
460 459 612 487 ornatum
639 455 837 488 sententiae.
889 456 973 489 Cum
997 458 1085 490 enim
1104 468 1205 502 supra
1227 459 1269 492 de
1290 466 1386 493 aestu

42 524 123 556 Sirii
150 528 184 556 et
210 523 328 555 umbra
352 522 483 554 arboris
507 521 650 562 dixerit,
686 532 773 554 nunc
799 520 940 554 hiemem
966 523 1096 565 cogitat
1120 528 1154 556 et
1179 525 1302 558 lectum
1328 537 1384 559 so-

44 588 139 620 litum
175 587 310 628 laudat,
347 587 426 619 dum
463 587 553 620 venti
591 587 737 619 immites
774 587 842 619 sint
877 587 1075 631 pluviasque
1112 590 1243 632 gelidas
1263 590 1383 625 afferat

40 656 183 694 Auster,
209 663 286 686 nam
310 653 453 686 transire
478 654 549 686 vult
575 652 651 686 binc
676 652 718 686 ad
745 662 893 686 amorem
919 653 1047 687 Deliae.

131 720 173 752 V.
200 722 256 752 37.
307 719 487 757 Adsitis
523 719 626 754 divi.
687 719 900 762 Significavit
933 729 1034 763 supra
1071 720 1115 754 ob
1155 722 1316 765 pietatem
1352 723 1385 757 in

39 783 206 825 agricolas
241 783 326 817 deos
360 788 395 817 et
428 785 637 827 pastoritiam
670 784 790 818 Palem
824 794 984 826 agrorum
1014 795 1052 818 se
1078 788 1279 830 pecorisque
1304 798 1385 832 pro-

37 852 172 881 ventum
196 848 328 882 felicem
350 860 510 893 sperare3
537 849 619 882 nihil
639 851 743 893 igitur
761 851 872 894 aptius
893 855 946 884 est
964 862 1063 894 quam
1087 853 1176 895 quod
1198 858 1274 897 post
1293 853 1386 897 haec,

36 916 267 958 complectens
303 915 552 958 quodammodo
590 917 847 958 antecedentia,
891 917 993 950 etiam
1029 919 1216 959 generatim
1253 920 1388 954 invocat

35 978 120 1011 deos
167 979 232 1021 (Ja
265 979 342 1011 seid
375 980 515 1026 gnc'idig
542 980 599 1013 ilzr
635 981 792 1024 Gb'lter).
859 981 1037 1015 Falluntur
1077 984 1133 1026 qui
1168 985 1270 1017 verba
1308 997 1387 1029 per:

34 1044 151 1078 adeste
174 1047 279 1079 sacris
307 1047 500 1090 explicant,
534 1048 624 1090 quod
651 1046 704 1081 hic
729 1048 876 1081 maxime
909 1049 1069 1083 ieiunum.
1126 1050 1201 1084 Nec
1234 1054 1384 1094 postulat

34 1110 97 1145 hoc
117 1122 224 1145 nexus
243 1123 355 1145 rerum
374 1115 596 1155 sequentium.
647 1115 774 1148 Verum
797 1125 932 1147 sensum
958 1115 1051 1148 verbi
1072 1116 1187 1149 JANUS
1211 1118 1387 1150 Gummi<-

35 1188 101 1210 ους
127 1178 252 1221 εΙίἰηυε
276 1179 440 1212 viderunt.
498 1181 583 1213 Mox·
608 1191 724 1214 verum
750 1185 802 1214 est
826 1192 907 1216 nec,
939 1181 967 1213 si
993 1181 1143 1214 criticam
1169 1183 1387 1227 consulimus,

34 1252 96 1275 nec
122 1244 289 1276 sententia
314 1245 467 1287 postulat
493 1243 545 1277 liic
570 1245 692 1278 fortius
717 1257 795 1280 neu,
819 1244 985 1287 siquidem
1011 1244 1074 1278 hoc
1099 1245 1180 1278 dicit
1205 1246 1380 1281 Tibullus:

34 1307 164 1340 Favete
189 1308 291 1341 rebus
316 1309 400 1342 meis
427 1319 490 1342 nec
515 1310 720 1342 contemnite
744 1319 798 1342 me
822 1319 998 1342 munerum
1023 1310 1174 1343 tenuium
1199 1320 1311 1344 causa.
1336 1329 1377 1337 —

33 1382 114 1406 nec
140 1384 240 1415 vos,
278 1378 316 1407 ut
350 1378 464 1407 amant
491 1374 523 1406 in
549 1374 698 1407 secundo
723 1373 876 1407 membro
901 1373 1028 1406 addere
1053 1384 1258 1417 pronomen,
1295 1376 1382 1409 conf.

33 1437 265 1472 Mmscmmn.
299 1439 342 1472 ad
378 1439 498 1472 Horat.
526 1440 553 1481 I,
584 1442 617 1481 9,
652 1442 704 1473 16.
765 1439 865 1484 Apud
890 1440 1063 1472 Tibullum
1083 1440 1201 1473 confer
1225 1441 1298 1484 ipse
1320 1454 1384 1487 ego

33 1502 58 1543 Ι,
84 1504 118 1543 5,
142 1505 196 1536 15.
222 1515 290 1536 non
315 1515 377 1549 ego
400 1504 428 1546 Ι,
454 1507 487 1545 6,
515 1507 573 1537 38.
599 1508 634 1537 et
658 1505 814 1548 exempla
839 1505 1046 1548 pronominis
1070 1504 1130 1536 ille
1153 1505 1196 1538 ad
1225 1506 1250 1546 1,
1270 1509 1304 1548 2,
1326 1510 1383 1541 60.

31 1567 108 1600 Non
134 1569 243 1602 minus
269 1574 348 1602 nota
372 1579 427 1602 res
460 1569 493 1602 in
524 1570 687 1610 Graecis,
726 1569 822 1611 vide,
859 1580 902 1603 ne
928 1570 1022 1614 plura
1048 1570 1206 1612 afferam,
1240 1571 1385 1604 Smer.-

30 1643 139 1665 mum.
177 1634 218 1666 ad
254 1634 342 1667 Plat.
382 1635 491 1676 Gorg.
526 1645 605 1678 pag.
639 1637 721 1668 267.
756 1652 802 1658 —-—
843 1644 863 1667 e
900 1644 1051 1668 mensa
1087 1640 1200 1677 recte,
1238 1645 1304 1669 non
1343 1636 1383 1668 de

30 1711 168 1736 mensa,
207 1711 283 1733 cum
321 1705 483 1743 sequatur
515 1712 533 1732 e
560 1700 750 1744 fictilibus.
815 1700 904 1732 Nam
939 1699 996 1732 ubi
1039 1700 1158 1733 eadem
1197 1704 1255 1733 aut
1288 1700 1382 1734 simi-

31 1766 69 1798 lis
94 1768 287 1799 sententiae
313 1768 421 1808 ratio,
457 1767 577 1800 eadem
603 1766 812 1810 praepositio
836 1771 999 1809 praestat.
1049 1767 1277 1809 cogitandum
1301 1779 1382 1802 vero

32 1843 121 1866 nunc
155 1834 198 1866 de
232 1843 330 1866 sacro
365 1844 426 1866 usu
463 1843 675 1874 mensarum3
707 1843 783 1866 nam
818 1837 856 1866 ut
888 1844 967 1867 arae
997 1834 1186 1867 cremandis
1208 1835 1382 1868 sacrificiis

32 1900 273 1942 inserviebant,
298 1901 347 1933 sic
373 1911 509 1933 mensae
535 1904 570 1933 et
595 1900 683 1943 apud
710 1902 863 1934 Graecos
886 1897 1051 1946 τράπεζαι
1076 1901 1150 1934 aliis
1175 1901 1272 1935 donis
1296 1902 1382 1936 offe-

34 1966 165 2008 rendis3
201 1967 306 1999 etiam
339 1967 506 2009 prosiciae
536 1967 567 1998 in
594 1966 718 1999 mensis
752 1966 908 1999 videntur
941 1966 1128 2009 appositae.
1178 1968 1290 2009 Atque
1319 1966 1383 2001 hoc

31 2041 107 2071 {oco
134 2033 176 2066 de
202 2033 342 2077 privatis
367 2033 473 2066 sacris
497 2034 621 2075 agitur.
671 2032 850 2074 cogitabis
882 2032 986 2074 igitur
1019 2043 1169 2065 mensam
1203 2043 1270 2066 non
1302 2043 1382 2077 pre-

29 2099 170 2139 tiosam,
197 2098 419 2140 exquisitiore
444 2108 463 2131 e
489 2098 582 2140 ligno
606 2097 750 2139 saetam,
775 2098 894 2139 quales
917 2097 1057 2131 ditiores
1083 2097 1273 2140 habebant,
1292 2099 1381 2134 conf.

29 2163 240 2196 Hemnonr.
264 2163 309 2195 ad
334 2163 455 2196 Horat.
481 2164 554 2196 Sat.
579 2163 606 2205 I,
632 2166 667 2204 3,
693 2165 760 2204 13„
785 2163 846 2196 sed
871 2164 1080 2207 simplicem,
1106 2164 1209 2198 credo
1232 2175 1380 2198 marmo-

31 2238 134 2268 ream,
160 2228 203 2263 ct'.
229 2228 366 2262 Herm).
393 2230 414 2263 Ι,
441 2230 509 2270 cit.‚
534 2230 668 2272 qualem
694 2240 878 2273 pauperem
902 2231 1053 2273 appellat
1078 2240 1187 2272 nunc,
1213 2231 1246 2264 in
1273 2241 1381 2274 eaque

30 2294 118 2326 dona
141 2294 319 2326 collocata.
335 2312 383 2318 —
407 2294 449 2327 V.
472 2296 529 2327 38.
555 2293 816 2336 fictilibus,
843 2295 970 2338 pateris
997 2298 1031 2328 et
1056 2295 1208 2338 poculis;
1236 2299 1381 2337 utroque

31 2359 120 2391 enim
137 2369 264 2401 genere
282 2358 334 2392 liic
354 2369 450 2402 opus.
479 2360 622 2402 puris,
645 2359 674 2392 h.
697 2371 726 2393 e.
752 2371 827 2393 cum
849 2371 932 2404 pura
952 2362 1029 2394 sint.
1080 2361 1240 2395 Ceterum
1264 2362 1381 2395 fictilia

30 2423 64 2455 in
88 2424 194 2456 sacris
220 2424 364 2467 publicis
384 2424 441 2456 diu
464 2427 594 2456 retenta
621 2424 753 2466 priscae
777 2425 1004 2467 simplicitatis
1030 2426 1256 2468 veneratione,
1280 2428 1381 2460 etiam

35 2489 212 2533 postquam
240 2491 339 2524 luxus
372 2490 613 2534 rempublicam
640 2490 819 2532 invaserat,
846 2495 1003 2524 notarunt
1028 2492 1251 2536 interpretes,
1287 2494 1382 2526 STA-

33 2565 135 2596 Trus,
160 2556 461 2596 Bnoucxnusms,
488 2555 680 2596 Hermus,
706 2555 930 2589 Huscnxms.
991 2557 1061 2590 Sed
1086 2556 1140 2592 hic
1166 2569 1239 2592 mos
1264 2560 1381 2602 paula-

34 2622 92 2654 tim
122 2622 153 2654 in
179 2622 435 2656 desuetudinem
462 2622 591 2655 abierat
619 2622 816 2655 domesticis
842 2623 874 2655 in
899 2623 1003 2656 sacris
1028 2624 1207 2666 ditiorum,
1238 2625 1294 2657 ubi
1320 2634 1384 2658 aun

36 2698 102 2727 rea,
128 2694 300 2730 argentea,
325 2689 388 2722 alia
410 2689 556 2732 pretiosa
581 2698 657 2722 vasa
679 2688 901 2731 splendebant
924 2690 1076 2732 plurima.
1128 2690 1255 2723 Confer
1281 2689 1381 2722 modo

942 2760 963 2781 ο
980 2756 999 2778 va
