1721 2953
663 105 902 147 TIBULLI.
1328 116 1454 143 Cxxut

225 225 355 270 Quam
387 231 498 261 vacet
532 223 697 261 alterius
728 220 900 259 blandos
933 218 1072 258 audire
1105 231 1306 257 susurros,

276 298 459 339 Molliter
488 297 528 336 in
560 298 681 338 tacito
712 298 849 337 littore
883 295 1165 347 compositum.

220 428 306 466 Hos
336 426 442 465 inter
474 426 667 478 gravibus
698 440 822 478 cogor
851 424 1002 466 deflere
1034 426 1232 479 querelis,

276 501 481 554 Supplicis
513 517 534 540 a
564 503 695 554 longis
726 502 883 542 tristior
914 502 1110 542 excubiis.

107 596 167 634 Ne
200 594 369 632 afferam
400 595 520 645 plura
551 607 601 631 ex
634 592 875 633 innumeris.
933 594 1044 633 Inest
1074 606 1170 633 vero
1204 599 1246 630 ut
1277 591 1453 642 Proper-

107 673 183 711 tius
211 673 289 711 hac
320 684 367 710 re
399 672 548 720 utitur,
589 684 709 723 saepe
741 669 987 723 exquisitior
1017 669 1219 723 quaedam
1251 668 1455 719 emphasis

103 750 146 788 in
176 750 245 788 tali
272 748 456 789 subiecto
481 750 685 797 membro,
716 762 820 801 quae
850 749 984 787 aliena
1014 762 1037 786 a
1065 744 1305 798 simpliciori
1333 758 1455 783 sensu

106 826 280 875 Tibulli,
310 835 350 865 at
378 826 486 866 illius
514 826 695 865 molliori
725 825 875 865 rationi
903 824 1058 876 egregIe
1087 824 1290 864 convenit.
1346 821 1455 861 Nusffl

107 916 228 955 quam
266 915 367 942 vero
405 909 538 941 totum
578 900 778 941 distichon
820 901 876 940 sic
914 899 1051 941 rideas
1091 914 1112 939 a
1150 899 1318 939 Tibullo
1359 898 1455 937 sub-

104 979 275 1028 iectum,
316 978 438 1031 quale
469 978 547 1018 hoc
580 986 638 1018 est
669 977 778 1031 apud
807 978 1070 1030 Propertium
1098 977 1137 1025 1,
1167 980 1239 1024 15,
1269 979 1342 1014 25:

218 1064 373 1104 Desine
401 1065 483 1104 iam
512 1080 706 1106 revocare
739 1067 818 1106 tuis
849 1066 1032 1118 periuria
1062 1066 1223 1112 verbis,

277 1141 477 1194 Cynthia,
519 1150 558 1182 et:
588 1143 736 1183 oblitos
766 1157 888 1195 parce
918 1156 1085 1183 movere
1116 1141 1236 1190 deos,

221 1216 391 1263 Audax,
432 1218 483 1256 ah
514 1219 685 1256 nimium
719 1225 861 1256 nostro
893 1216 1071 1256 dolitura
1100 1216 1276 1269 periclo,

275 1293 319 1332 Si
351 1292 450 1346 quid
481 1293 586 1333 sorte
621 1293 692 1333 tibi
724 1293 867 1332 durius
901 1293 1097 1331 inciderit.

106 1380 247 1430 Qualis
277 1383 341 1422 vel
370 1382 506 1422 laxior
538 1382 624 1422 visa
655 1382 779 1422 suerit
808 1383 929 1422 Albio
962 1382 1204 1435 compositio
1237 1381 1304 1422 vel
1333 1380 1449 1420 artisi

107 1459 267 1510 ciosior,
300 1475 392 1501 cum
416 1462 660 1515 plerumque
685 1460 996 1516 exquisitim-em
1022 1459 1233 1512 emphasin
1262 1459 1458 1512 requirat.

107 1534 288 1575 Omnino
333 1544 443 1588 patet
488 1550 609 1589 quam
654 1537 822 1588 proprie
864 1536 928 1575 hic
971 1536 1137 1590 quidem
1181 1535 1290 1575 dicas
1336 1535 1456 1574 unius

105 1610 266 1663 periodi
315 1614 657 1664 perpetuitatem,
723 1627 813 1653 eam
864 1614 906 1653 in
962 1613 1247 1666 superioribus
1296 1619 1454 1651 tantum

107 1689 304 1740 exemplis
333 1690 528 1741 reperiri,
560 1691 787 1743 postposita
812 1692 998 1730 membra
1029 1705 1118 1729 cum
1147 1703 1257 1731 novo
1287 1696 1454 1727 accentu

107 1777 229 1817 quem
270 1763 526 1815 desiderant,
577 1765 694 1818 quasi
736 1765 800 1804 sni
837 1765 939 1805 iuris
978 1765 1098 1815 fiant,
1148 1764 1331 1814 tollitur,
1385 1764 1455 1801 ubi

105 1841 242 1879 locum
273 1839 446 1888 habent,
488 1840 565 1880 ista
604 1840 756 1879 arctior
790 1849 829 1880 et
858 1839 1016 1879 firmior
1048 1840 1182 1879 unitas
1217 1839 1454 1887 verborum,

106 1918 231 1969 fitque
262 1917 489 1956 enuntiatio
528 1916 669 1956 similis
703 1917 791 1957 aliis
822 1931 873 1956 ex
905 1915 1088 1956 discretis
1125 1916 1319 1956 membris
1358 1930 1455 1954 cou-

105 1992 320 2031 stantibus.
405 1992 594 2032 Tibullus
639 2001 774 2032 autem
819 1993 892 2033 ubi
933 2007 986 2033 ex
1029 1991 1233 2033 continuis
1272 1991 1454 2044 periodis

106 2065 276 2106 disticha
304 2069 598 2119 componebat,
631 2070 833 2120 probabat
858 2069 1034 2108 maxime
1060 2068 1341 2110 nervosiorem
1370 2070 1455 2107 1⁴01·-

105 2156 239 2193 mam,
300 2150 346 2182 ut
392 2143 550 2183 serebat
595 2143 805 2196 ingenium
850 2146 1077 2185 masculum
1127 2158 1299 2198 poeseos
1346 2159 1453 2184 suae,

105 2218 262 2257 Verum
302 2217 398 2257 satis
437 2217 487 2258 de
527 2219 612 2270 his,
663 2233 769 2275 quae
809 2221 1033 2273 praeterire
1074 2221 1297 2261 noluimus.
1368 2222 1450 2260 Iam

105 2293 394 2347 progredimur
432 2295 606 2347 longius.
676 2297 901 2351 Usurpavit
939 2298 1130 2338 Tibullus
1170 2304 1215 2337 ut
1251 2311 1328 2351 par
1369 2307 1452 2337 erat

104 2372 256 2423 passim
291 2360 388 2412 istas
422 2373 598 2414 maiores
636 2375 810 2414 unitates
843 2374 1108 2427 periodorum
1141 2389 1218 2429 per
1249 2375 1451 2428 integrum

108 2446 307 2488 distichon
334 2457 538 2501 extensas,
569 2450 640 2491 sed
666 2452 842 2492 taedium
868 2453 1037 2493 fecerint
1062 2453 1213 2494 diutius
1240 2454 1454 2494 continua-

107 2530 188 2570 tae,
220 2537 352 2577 neque
381 2526 497 2564 aliter
525 2528 646 2566 ceteri
675 2538 817 2579 poetae
848 2528 1104 2580 iudicarunt3
1140 2530 1265 2582 elegia
1293 2539 1333 2569 ut
1365 2531 1433 2581 plu

110 2598 253 2637 vinium
299 2600 518 2640 vividiores
562 2604 712 2643 soi-mas
758 2604 953 2644 orationis
998 2608 1170 2659 requirit
1213 2615 1248 2645 et
1289 2609 1328 2644 in
1375 2608 1453 2644 alio
