1721 2953
496 167 638 208 LIBR.
670 167 742 207 IV.
801 168 968 208 CARM.
1002 170 1034 209 I.
1349 176 1430 212 415

89 281 154 315 diis
178 279 243 314 hoc
267 279 402 323 saepius
427 281 532 322 legas,
556 278 617 313 sed
642 278 756 312 Iovem
782 278 957 322 Optimum
978 279 1167 315 Maximum
1193 281 1280 316 bene
1305 283 1427 318 obser-

91 351 146 380 vat
174 346 346 379 Hmmus
381 355 418 379 se
453 355 521 378 non
556 343 750 378 meminisse
783 343 832 375 sic
868 344 1051 380 inductum.
1075 364 1121 370 —-
1158 347 1248 381 levi
1280 359 1426 392 curru,

89 412 147 454 qui
179 411 270 445 facili
302 412 399 455 lapsu
432 410 674 452 descenderet,
710 413 749 443 ut
783 408 949 444 vehuntur
983 411 1040 445 dii.
1066 431 1112 437 —-
1152 415 1280 448 caelo
1315 417 1424 449 vici-

91 487 206 519 num,
242 475 273 509 h.
300 487 330 509 e·
356 487 400 510 ex
431 477 513 520 ipsis
546 474 718 509 altissimis
749 474 946 516 regionibus
978 477 1020 510 ad
1047 476 1130 511 haec
1164 490 1258 513 sacra
1283 480 1426 513 descen-

90 542 184 576 dens.
208 560 254 566 -
289 541 475 576 additus
506 541 618 584 aris,
656 541 825 584 exquisite
857 552 907 585 pr.
943 544 1130 587 impositus.
1168 546 1354 580 Pnopnm.
1382 548 1426 586 ΙΙ,

88 611 144 651 13,
169 611 237 641 33:
279 610 330 640 Et
361 608 410 641 sit
443 608 480 641 in
504 607 631 654 exiguo
658 607 785 641 laurus
816 608 1049 653 superaddita
1081 609 1193 643 husto.
1244 612 1335 645 Cave
1359 624 1420 646 au-

88 677 155 707 tem
182 684 258 706 cum
284 673 581 707 Wunnfflzucmo
609 683 690 706 nam
716 674 878 716 suppleas
903 674 992 716 quod
1020 675 1188 718 ieiunum3
1214 678 1315 711 immo
1341 677 1423 712 haec

90 743 142 772 est
167 739 351 772 sententia:
381 750 448 782 quo
474 739 564 772 facto
587 738 709 771 laetior
734 737 842 770 eluxit
868 738 966 780 ignis.
1017 740 1202 774 Continent
1227 743 1315 776 enim
1343 742 1426 776 haec

90 806 193 838 verba
227 806 499 839 consecutionem
532 803 805 838 antecedentium
844 807 879 837 et
915 810 992 838 sunt
1029 817 1090 849 pro
1130 817 1247 840 eorum
1284 808 1425 852 apodosi

87 870 153 912 (da
178 870 371 906 lemmate,
397 870 473 902 und
495 868 658 902 alsobald
681 869 886 913 leuchtele).
938 870 1039 905 Quod
1067 882 1173 914 genus
1199 874 1425 907 constructio-

86 935 136 967 nis
161 935 204 967 ad
232 936 434 970 PINDARUM
468 937 637 980 explicui,
675 936 751 969 vide
778 935 971 970 Excursum
997 937 1039 971 de
1066 939 1239 980 Asyndeto
1273 940 1370 974 Tom.
1396 941 1425 975 Ι.

86 1012 118 1044 p.
147 1003 228 1034 276.
277 1002 336 1034 Sic
366 1002 442 1034 finis
476 1001 540 1034 loci
575 1005 627 1034 est
660 1011 741 1034 vere
777 1002 942 1044 poeticus.
970 1021 1013 1026 --
1053 1007 1252 1037 structos
1287 1015 1423 1049 super

88 1078 296 1108 acervos,
332 1068 485 1109 intellige
520 1067 677 1100 victimae
713 1072 826 1110 partes
860 1078 938 1101 arae
970 1069 1143 1112 impositas
1168 1081 1231 1103 nec
1258 1082 1323 1104 non
1350 1076 1425 1105 tura

82 1133 228 1164 incensa.
253 1150 299 1155 —
336 1133 377 1166 V.
404 1135 469 1165 135
491 1143 563 1174 sqq.
613 1132 783 1165 Hortatur
809 1142 897 1166 nunc
930 1134 1134 1179 Messalam,
1161 1141 1198 1169 ut
1224 1136 1272 1170 his
1303 1139 1424 1170 omini-

84 1198 146 1230 bus
172 1209 293 1241 parqns
318 1199 450 1231 iamiam
476 1199 517 1231 ad
543 1199 670 1232 maiora
694 1209 731 1232 se
756 1199 926 1241 accingat.
953 1219 995 1224 —
1023 1201 1266 1244 insistere,
1294 1205 1426 1236 incum—

88 1264 180 1297 bere.
208 1265 335 1299 ClcuR.
359 1265 464 1298 Acad.
490 1266 549 1307 lv,
574 1268 638 1299 29:
673 1264 774 1298 rebus
802 1264 1015 1298 illustribus.
1045 1285 1088 1291 —
1116 1269 1312 1309 Auguratur
1338 1279 1426 1301 nunc

90 1335 190 1373 poeta
223 1331 405 1364 Messalam
437 1333 470 1364 in
507 1333 663 1365 omnibus
699 1333 789 1365 orbis
826 1333 979 1375 partibus
1016 1334 1143 1366 clarum
1179 1335 1350 1375 futurum,
1389 1339 1424 1368 et

88 1396 231 1438 plurima
265 1397 341 1428 loca
373 1399 549 1438 terrasque
582 1401 759 1437 recenset,
797 1407 880 1437 quas
913 1397 1066 1429 aditurus
1100 1399 1143 1429 sit
1169 1408 1245 1431 cum
1271 1400 1425 1431 exercitu

81 1462 222 1496 victore.
270 1463 384 1505 Atque
407 1463 554 1495 instabat
587 1463 653 1495 isto
679 1472 766 1494 anno
804 1462 927 1494 bellum
964 1463 1141 1495 Octaviani
1167 1468 1285 1496 contra
1314 1466 1425 1497 Auto-

83 1528 197 1570 nium,
223 1530 337 1562 multis
361 1529 462 1562 rebus
487 1529 646 1571 gerendis
671 1539 786 1561 ansam
812 1529 1054 1572 praebiturum.
1106 1529 1267 1563 Ceterum
1293 1532 1424 1564 Gallias

84 1605 202 1627 revera
227 1595 409 1628 debellavit
433 1595 581 1627 Messala
608 1596 810 1637 Aquitanico
839 1596 929 1628 bello
956 1600 994 1628 ut
1018 1607 1120 1639 supra
1145 1597 1173 1638 I,
1198 1600 1231 1630 7.
1267 1598 1422 1636 vidimus,

80 1661 341 1703 composuitque
377 1664 496 1702 postea
533 1659 708 1700 Ciliciam,
745 1659 901 1701 Syriam,
939 1661 1155 1702 Aegyptum,
1189 1665 1227 1693 ut
1261 1665 1354 1694 certe
1393 1663 1423 1695 in

80 1726 310 1769 compluribus
336 1726 419 1758 locis
443 1730 561 1768 postea
588 1725 688 1758 fuerit
713 1724 765 1759 hic
789 1726 994 1760 memoratis.
1021 1745 1067 1751 —
1102 1726 1257 1769 obvia,
1286 1729 1422 1761 obviam

80 1792 171 1824 facta
196 1791 239 1824 ad
265 1792 441 1835 proelium.
468 1809 508 1814 —
548 1791 714 1831 audax,
755 1790 873 1831 ferox,
915 1790 1190 1833 bellicosissima,
1227 1796 1265 1824 ut
1290 1793 1423 1826 abunde

80 1860 213 1889 constat
247 1867 291 1889 ex
325 1858 488 1890 APPIANO
522 1857 555 1889 in
592 1855 743 1890 Ihm-icis,
802 1855 900 1889 Adde
937 1856 1084 1890 lemm.
1118 1875 1162 1880 —
1214 1856 1421 1891 Theraeo

80 1921 226 1953 tellus
260 1921 447 1955 obsessa
479 1922 661 1963 colono,
697 1921 853 1963 Cyrene,
886 1921 981 1954 cuius
1007 1921 1201 1955 conditores
1227 1924 1306 1956 olim
1334 1924 1420 1957 duce

78 1990 182 2021 Batto
216 2000 259 2022 ex
294 1990 401 2022 insula
435 1988 548 2022 Thera
586 1993 769 2030 venerant,
813 1989 856 2022 cf.
890 1989 1086 2022 Hanonow.
1112 1990 1171 2032 lv,
1206 1994 1252 2025 47
1276 2003 1349 2035 sqq.
1386 1999 1421 2026 et

78 2054 237 2087 PmnAR.
272 2052 372 2095 Pyth.
408 2054 470 2087 IV.
499 2058 534 2087 et
569 2054 610 2088 V.
671 2053 768 2086 Adde
804 2053 977 2087 Mantua.
1014 2055 1103 2089 Hist.
1142 2055 1300 2091 Orchom.
1339 2069 1420 2101 pag.

77 2122 148 2153 340
172 2132 244 2163 sqq.
296 2121 372 2153 Hoc
397 2125 551 2163 tempore
577 2120 743 2163 parebant
776 2120 860 2152 istae
895 2121 1053 2162 regiones
1078 2122 1228 2155 Antonio
1255 2127 1289 2156 et
1315 2124 1422 2156 Cleo-

77 2191 206 2228 patrae.
265 2186 425 2219 Ceterum
450 2186 634 2229 adscripsit
661 2186 873 2218 Huscflxius
900 2185 986 2219 duos
1011 2197 1128 2220 versus
1153 2188 1300 2230 similes,
1335 2190 1422 2222 alte-

75 2262 149 2284 rum
176 2252 348 2284 Samma
376 2251 419 2284 ad
453 2251 627 2283 Corsicam
662 2251 697 2283 1:
738 2251 877 2283 Corsica
911 2251 1072 2284 Plzocaeo
1107 2252 1214 2285 tellus
1249 2252 1418 2285 habitata

76 2315 213 2352 colono,
250 2320 285 2348 et
319 2316 502 2349 Pssrrnomi
536 2317 679 2348 alterum
717 2316 757 2356 V,
794 2318 857 2348 10:
897 2317 965 2348 Seu
1000 2317 1276 2351 Lacedaemonio
1311 2319 1419 2351 tellus

75 2379 242 2413 habitata
268 2381 396 2414 colono.
422 2399 468 2405 —
507 2382 549 2415 V.
577 2383 644 2414 140
667 2391 740 2423 sqq.
791 2380 938 2422 Nilus,
972 2381 1030 2414 ubi
1055 2383 1156 2417 sedes
1182 2385 1278 2428 regni
1305 2387 1416 2418 Anto-

77 2449 122 2481 nii
147 2452 182 2481 et
208 2448 422 2491 Cleopatrae.
473 2448 558 2481 Cum
585 2453 701 2481 autem
730 2449 898 2482 Antonius
933 2449 1114 2492 plerosque
1145 2462 1246 2494 reges
1279 2456 1314 2485 et
1349 2464 1413 2496 po—

76 2514 173 2556 pulos
198 2515 340 2559 imperio
365 2516 519 2548 orientali
544 2516 777 2550 Romanorum
804 2517 954 2557 vicinos,
988 2520 1025 2549 ut
1051 2516 1118 2550 Dio
1145 2518 1249 2551 refert
1275 2520 1349 2553 libr.
1374 2520 1416 2560 L,

76 2581 109 2611 6.
144 2578 186 2612 cf.
213 2590 315 2623 supra
341 2581 384 2614 ad
408 2581 436 2623 Ι,
466 2584 496 2623 1,
527 2583 604 2623 51.,
642 2583 755 2615 socios
793 2580 953 2622 haberet,
992 2587 1096 2625 poeta
1121 2585 1415 2626 magnificentiore

73 2646 227 2680 oratione
253 2658 351 2690 usus,
385 2648 668 2692 quemadmodum
694 2649 797 2684 etiam
823 2649 879 2683 alii
905 2652 1028 2694 poetae
1054 2650 1242 2693 gloriosius
1270 2652 1417 2694 loquun-
