1721 2953
254 132 336 169 210
567 122 597 163 C
603 121 939 165 OMMENTAR,
965 123 1025 166 IN
1056 123 1284 166 TIBULLI

258 244 391 288 elegiae
416 239 612 285 praeclarae
634 237 715 272 nihil
739 242 885 282 constat,
910 241 974 275 nisi
999 239 1089 285 quod
1117 244 1196 285 post
1219 249 1342 275 annum
1366 242 1448 275 727.
1472 239 1599 285 scripta

254 315 318 352 est,
341 318 417 342 cum
442 305 631 351 triumphus
655 306 824 341 Messalae
848 307 890 341 de
914 308 1094 352 Aquitanis
1114 307 1273 341 laudetur
1293 306 1357 342 hoc
1378 317 1467 341 anno
1489 311 1596 341 actus.

254 376 418 420 Suspicor
450 377 562 407 autem
599 377 782 416 antequam
816 372 991 409 Nemesim
1029 375 1269 417 cognovisset,
1312 384 1387 408 eam
1424 373 1598 417 scriptam,

252 445 348 479 cuins
372 441 522 485 alioquin
545 441 750 475 mentionem
774 441 878 475 credo
902 441 1041 476 fecisset
1066 452 1096 474 v.
1122 444 1168 475 79
1193 452 1287 484 sqq.‚
1313 439 1597 484 quemadmodum

253 511 285 544 in
311 508 443 551 elegiae
467 507 605 551 quintae
630 507 725 540 exitu
748 506 841 540 fecit.
891 507 992 542 Unde
1014 517 1088 542 eam
1113 508 1193 542 circ.
1219 509 1287 540 731
1315 511 1374 541 aut
1398 509 1469 541 732
1494 516 1596 550 pono,

251 584 329 609 eum
354 576 491 609 vacaret
519 582 634 607 amore
659 571 828 606 Tibullus.

748 866 1101 910 EXPLICATIO.

345 1043 384 1077 V.
412 1042 526 1074 1-14.
568 1038 825 1073 Exordium.
863 1040 1049 1073 Sacrum
1075 1038 1331 1071 ambarvale
1357 1036 1594 1072 indicitur.

345 1110 385 1143 V.
413 1112 427 1141 1
459 1119 507 1151 sq.
557 1107 771 1149 Quisquis
795 1105 942 1148 adest,
979 1104 1143 1139 faveat.
1201 1103 1407 1137 Coniectura
1433 1104 1596 1137 Dousm:

248 1175 408 1223 quisquis
435 1174 538 1211 acles,
558 1173 715 1219 sar-eas,
740 1183 826 1217 opus
850 1183 918 1207 non
945 1175 1009 1214 est,
1034 1182 1111 1205 cum
1137 1171 1240 1203 etiam
1266 1170 1367 1204 tertia
1393 1179 1539 1213 persona
1563 1169 1596 1202 in

246 1241 309 1277 hac
341 1252 379 1275 re
410 1241 460 1274 uti
495 1239 670 1285 potuerint
702 1242 738 1272 et
767 1241 926 1280 utantur,
951 1241 989 1270 ut
1013 1236 1145 1270 Etsmr.
1174 1235 1296 1269 Bacch.
1323 1238 1389 1269 70:
1428 1230 1538 1273 στόμα
1566 1229 1598 1265 τ’

246 1305 394 1353 ιῖἶᾳημοιι
433 1303 522 1343 ἅπας
558 1301 748 1344 ἑσιούσθ-ω,
787 1305 988 1339 AR1s'ror‘H.
1012 1301 1224 1347 Thesmoph.
1247 1304 1313 1335 39:
1351 1297 1499 1344 εὔφημος
1531 1296 1597 1335 πῖὶς

244 1372 331 1406 ἴστω
358 1368 450 1411 λεώς,
476 1367 586 1408 στόμα
611 1370 822 1411 συγκλείσας,
848 1370 956 1402 Ovm.
978 1368 1134 1409 Fast.11‚
1157 1370 1242 1401 623:
1269 1367 1418 1399 Innocui
1441 1365 1597 1400 veniant,

239 1439 368 1485 procul
401 1438 482 1471 hinc
509 1436 637 1482 procul
669 1435 798 1480 impias
833 1441 919 1468 esto.
970 1434 1131 1467 Ceterum
1165 1433 1341 1466 notissima
1366 1443 1422 1466 res
1457 1435 1493 1465 et
1525 1431 1596 1465 for—-

244 1508 336 1541 mula
362 1510 414 1539 est
439 1504 663 1550 praecipiens,
685 1506 724 1536 ut
742 1502 914 1536 silentium
940 1501 984 1535 sit
1010 1505 1046 1535 et
1069 1501 1157 1535 male
1183 1501 1340 1534 ominatis
1366 1499 1478 1534 verbis
1503 1499 1596 1542 quis-

244 1584 311 1617 que
338 1576 454 1617 parcat
479 1582 506 1604 s.
533 1571 659 1613 linguis
677 1569 814 1602 faveant
839 1577 970 1608 omnes,
996 1571 1031 1599 et
1056 1577 1162 1610 saepe
1186 1566 1365 1607 illustrata,
1389 1565 1456 1598 vid.
1479 1565 1594 1598 Cssnn.

243 1639 285 1671 ad
314 1639 409 1680 Virg.
437 1638 519 1670 Aen.
542 1636 585 1677 V,
603 1638 673 1676 71„
695 1634 829 1668 Hssms.
855 1633 898 1666 ad
923 1633 986 1667 Sil.
1006 1633 1049 1665 It.
1069 1632 1164 1674 XVI,
1188 1634 1270 1665 295.
1294 1631 1530 1664 Mrrscimnn.
1553 1631 1605 1669 ad*

243 1705 366 1739 Horat.
393 1703 454 1745 111,
480 1705 512 1735 1.
534 1702 608 1736 init.
655 1701 758 1736 Nunc
792 1701 930 1744 quidem
955 1699 1116 1733 Tibullus
1142 1697 1341 1742 pronuntiat
1376 1707 1451 1730 eam
1485 1700 1520 1730 et
1547 1697 1597 1729 si-

245 1771 387 1804 lentium
423 1756 611 1813 praecipit,
655 1767 901 1812 paterfamilias
934 1766 968 1799 in
999 1765 1092 1808 agris
1121 1765 1211 1806 suis3
1253 1763 1295 1797 ad
1330 1763 1596 1796 immolationem

244 1846 326 1869 vero
352 1834 483 1868 hostiae
508 1837 594 1878 puta
619 1832 818 1876 haruspices
839 1828 974 1864 Tuscos
998 1829 1167 1863 adhibitos
1187 1840 1230 1863 ex
1253 1840 1360 1870 more,
1385 1828 1474 1862 conf.
1493 1829 1593 1862 Voss.

242 1901 284 1935 ad
310 1902 406 1944 Virg.
433 1901 565 1941 Georg.
589 1898 635 1940 11,
660 1901 741 1932 193.
768 1909 800 1941 p.
821 1899 902 1930 347.
935 1896 1111 1929 Miinmsn,
1137 1895 1214 1929 libr.
1241 1894 1283 1928 de
1308 1893 1464 1927 Etruscis
1488 1893 1531 1927 T.
1549 1892 1593 1926 11.

242 1981 276 2012 p.
301 1970 357 2001 15.
385 1985 428 1991 -
466 1965 601 1998 Ritus
626 1974 646 1996 a
670 1964 825 2007 prisco
850 1961 1052 1995 traditus
1082 1971 1173 1994 avo.
1223 1960 1311 1994 Nam
1336 1969 1463 1993 morem
1488 1959 1596 1992 maio-

240 2045 316 2067 rum
353 2034 386 2066 in
420 2031 526 2065 sacris
557 2040 687 2063 summa
719 2029 888 2071 religione
921 2027 1115 2061 servabant.
1139 2044 1187 2052 —
1231 2026 1274 2060 V.
1299 2027 1334 2058 3.
1359 2027 1392 2058 4.
1441 2024 1541 2058 Nunc
1576 2034 1597 2057 a

242 2099 344 2134 tertia
379 2097 422 2131 ad
457 2096 641 2130 secundam
676 2104 859 2139 personam
893 2093 1015 2127 transit
1048 2092 1233 2137 aptissime.
1281 2091 1330 2124 Ut
1353 2089 1392 2123 fit
1414 2089 1449 2122 in
1473 2087 1596 2122 talibus

241 2166 389 2208 ubique,
423 2167 591 2197 vocantur
627 2162 674 2195 dii
708 2165 747 2195 ut
785 2165 985 2206 praesentes
1017 2160 1141 2194 adsint.
1189 2159 1335 2193 Praeter
1365 2156 1526 2190 Cererem
1561 2158 1597 2189 et

241 2230 417 2265 Bacchum
443 2230 546 2264 etiam
571 2230 648 2262 aliis
673 2228 737 2262 diis
763 2229 908 2263 vidimus
932 2229 965 2262 in
989 2227 1251 2262 Introductione
1275 2224 1469 2259 dedicatum
1491 2222 1594 2256 fuisse

241 2297 306 2330 hoc
331 2297 466 2338 festum,
492 2295 552 2329 sed
580 2306 647 2328 non
673 2305 760 2338 opus
785 2298 838 2328 est
863 2295 897 2328 in
925 2295 1021 2338 poesi
1046 2293 1160 2326 omnia
1186 2291 1323 2325 nomina
1347 2289 1460 2330 ciere;
1483 2285 1594 2321 nomi-

240 2366 298 2396 nat
332 2362 400 2395 dno
435 2361 563 2395 maiora
597 2361 733 2393 numina
767 2360 875 2393 instar
907 2359 1068 2392 omnium.
1094 2376 1141 2383 —
1178 2357 1271 2390 tuis
1306 2366 1326 2389 c
1361 2351 1593 2389 cornibus.

238 2429 292 2461 De
318 2428 478 2461 cornibus
503 2425 630 2460 Bacchi
655 2430 737 2459 nota
761 2426 885 2466 omnia,
910 2425 1001 2458 unde
1025 2424 1110 2457 deus
1134 2417 1348 2468 κεραςφόρος,
1369 2417 1593 2462 τανροκέρως,

240 2493 283 2527 cf.
318 2493 513 2537 Interprett.
549 2491 592 2525 ad
625 2491 768 2526 Nemas.
792 2491 855 2533 111,
880 2493 939 2524 36.
986 2491 1182 2524 smmum.
1212 2487 1255 2519 de
1287 2484 1361 2517 Usu
1394 2486 1429 2516 et
1461 2483 1594 2515 Praest-

239 2558 343 2592 Num.
370 2558 513 2592 Dissert.
545 2557 623 2592 VII.
669 2557 908 2591 Bnoucmms.
933 2555 976 2588 ad
1002 2553 1033 2589 h.
1060 2555 1104 2595 1.,
1142 2562 1185 2586 ne
1210 2550 1403 2584 Cunuzssm
1428 2545 1594 2580 Celeber-

240 2624 314 2657 rimi
339 2623 444 2657 libros
466 2634 661 2659 memorem.
713 2623 784 2658 Sed
811 2634 872 2657 cur
899 2633 986 2656 nunc
1013 2620 1132 2654 tribuit
1157 2621 1259 2662 poeta
1281 2625 1407 2650 cornua
1425 2610 1592 2646 Baccho?
