1721 2953
249 100 330 135 272
571 79 941 137 CO'MMENTAR.
972 96 1030 136 lN
1061 96 1290 137 TIBULLI

250 218 316 248 tat
352 222 442 247 eum
481 210 532 244 ad
570 221 702 244 sacra
741 222 819 246 sua
856 217 901 247 et
940 213 1107 247 doceat
1147 213 1418 257 intelligere
1456 215 1601 251 libros

249 280 517 322 Sibyllinos.

342 346 384 379 V.
415 346 430 376 1
458 353 532 386 sqq.
571 346 645 376 tua
679 343 856 386 templa.
904 343 1064 388 Intellige
1099 345 1265 390 templum
1303 345 1472 389 Apollinis
1497 347 1601 380 Pala-

249 412 309 445 tini
340 411 382 443 ab
419 410 576 452 Augusto
613 409 807 443 dedicatum
841 421 918 444 ann.
942 414 1046 453 726„
1087 411 1129 446 de
1155 423 1222 455 quo
1248 414 1485 447 Pnopmvrms
1511 414 1603 448 canit

248 478 292 518 ll,
324 479 382 510 31.
431 476 604 509 Memorat
636 477 801 512 Samon.
838 478 927 521 Aug.
962 481 1020 512 ⁶29,
1054 482 1089 512 et
1123 479 1191 512 D10
1217 480 1315 513 Cass.
1343 480 1402 522 LI,
1430 482 1462 514 1.
1511 481 1602 514 Vide

249 543 351 575 etiam
385 541 606 574 Lansssmun
644 543 700 574 De
737 542 865 587 templo
902 550 937 576 et
978 542 1188 576 bibliotheca
1223 545 1405 588 Apollinis
1438 545 1605 578 Palatini

249 609 402 652 Franeq.
428 618 504 641 ann.
535 610 635 640 1719.
661 625 708 631 --
736 608 833 641 Huc
860 619 944 650 age
974 609 1093 650 veni,
1120 619 1224 650 quare
1250 611 1347 651 veni,
1370 611 1605 644 antecedenti-

250 673 313 706 bus
337 673 449 706 verbis
476 683 612 706 causam
639 671 840 705 hortationis
865 673 1191 707 continentibus.—
1217 673 1458 718 impellere
1483 673 1605 708 chor-

250 738 337 771 das.
386 738 540 771 Excitari
566 738 630 770 sibi
668 738 739 770 vult
771 737 929 770 Tibullus
963 737 1105 780 lyricum
1133 739 1290 782 spiritum
1325 743 1361 772 et
1393 739 1604 772 incalescere

250 803 447 844 sublimius,
475 803 566 846 quod
593 804 651 836 fiet
676 803 735 835 ubi
762 802 846 835 deus
871 803 1016 846 impulsa
1041 804 1135 845 lyra,
1165 804 1230 836 soli
1256 807 1368 837 tamen
1393 808 1517 848 poetae
1542 815 1605 837 au-

250 869 394 910 dienda,
431 869 614 912 praeiverit
651 868 735 901 artis
770 878 854 900 suae
890 867 1012 900 modos
1053 869 1264 910 magnificos.
1315 869 1476 903 Ceterum
1503 869 1603 902 etiam

250 937 383 979 signum
410 935 464 968 dei
489 936 522 968 in
547 936 674 979 templo
701 939 774 968 erat
799 935 873 977 lyra
898 935 1062 976 canentis,
1090 939 1129 968 ut
1152 935 1391 968 Pnopmmus
1420 934 1532 968 docet.
1559 952 1605 958 —-

251 1013 434 1047 precor,
462 1007 694 1036 constructum
720 1002 774 1035 hic
799 1013 876 1035 cum
900 1003 1088 1043 infinitivo,
1122 1006 1160 1034 ut
1187 1003 1314 1045 passim
1347 1013 1401 1045 ap.
1429 1002 1607 1043 Ovmlmu,

251 1080 282 1102 v.
305 1079 336 1102 c,
364 1068 507 1103 Heroid.
535 1069 577 1110 V,
602 1069 671 1109 fin.,
701 1067 798 1109 XIX,
822 1069 879 1099 82.
929 1067 1095 1099 Similiter
1120 1072 1212 1110 opto,
1238 1078 1335 1111 rogo,
1361 1078 1419 1098 oro
1444 1070 1608 1110 usurpata

251 1136 394 1169 inveniri
433 1136 643 1168 Huscnxms
682 1138 798 1168 monet
834 1137 953 1167 contra
991 1134 1174 1175 Vossmm,
1213 1144 1257 1167 ex
1290 1144 1357 1166 uno
1395 1134 1481 1167 libro
1515 1144 1609 1166 nunc

252 1212 339 1245 opus
364 1206 595 1246 reponentem.
618 1219 665 1225 —-
701 1200 754 1233 ad
780 1199 937 1232 laudes
963 1199 1161 1232 flectere
1187 1199 1324 1232 verba
1350 1210 1476 1232 meas.
1529 1199 1610 1232 Vult

253 1269 355 1301 etiam
381 1269 413 1301 iu
435 1269 546 1301 verbis
572 1272 607 1301 et
630 1268 806 1301 sententiis
832 1268 915 1310 ipsis
941 1267 1106 1310 ponendis
1131 1266 1299 1307 adiuvari,
1328 1265 1418 1298 unde
1445 1265 1600 1297 dixerat:

254 1345 332 1365 cum
358 1332 570 1364 carminibus
596 1333 684 1365 veni,
734 1333 806 1364 lam
842 1343 886 1365 ex
911 1333 1043 1374 vulgari
1078 1333 1226 1365 lectione
1258 1333 1382 1374 Apollo
1417 1332 1519 1363 verba
1547 1342 1608 1363 sua

255 1402 394 1433 flectere
419 1400 461 1433 ad
488 1400 604 1433 laudes
629 1400 757 1432 Tibulli
782 1409 809 1431 s.
837 1410 857 1431 a
882 1399 1022 1432 Tibullo
1049 1398 1216 1441 parandas
1242 1397 1404 1437 debebit,
1430 1397 1520 1439 quod
1547 1408 1609 1441 pa-

255 1473 305 1502 tet
331 1479 429 1510 quam
456 1468 500 1500 sit
524 1467 736 1500 incommode
763 1466 912 1507 dictum,
951 1476 1014 1499 nec
1039 1465 1253 1498 satisfaciunt
1280 1465 1477 1508 propositae
1502 1465 1610 1497 inter-

256 1537 487 1579 pretationes,
512 1535 562 1568 uti
586 1535 652 1567 iam
675 1534 850 1567 rix-:fmus
876 1535 1018 1566 monuit.
1069 1533 1304 1574 Huscnxms,
1331 1542 1431 1575 quem
1456 1533 1611 1575 sequitur

257 1603 505 1643 Gotnmzws,
543 1601 674 1644 recepit
706 1601 887 1633 lectionem
921 1600 994 1632 sive
1028 1599 1301 1632 emendationem
1327 1599 1360 1632 in
1386 1599 1481 1632 libris
1507 1600 1613 1633 Matt.

258 1668 420 1701 Monach.
452 1672 486 1701 et
520 1667 635 1700 Guelf.
660 1669 701 1699 3:
745 1679 839 1698 nunc
861 1677 984 1710 precor
1016 1665 1065 1697 acl
1088 1664 1209 1697 laudis
1232 1665 1381 1708 flectere
1407 1662 1512 1696 verba
1539 1676 1613 1697 mo-

258 1733 338 1769 dos,
364 1733 589 1777 improbatam
615 1733 786 1773 HEYNro,
813 1732 868 1774 qui
894 1741 944 1774 pr.
971 1729 1091 1762 laudis
1116 1730 1254 1763 volebat
1279 1730 1394 1763 laetos
1418 1731 1472 1763 vel
1498 1730 1611 1763 simile

258 1800 360 1842 quid,
398 1800 459 1833 sed
495 1801 552 1833 illa
577 1810 645 1832 vox
680 1799 801 1831 abesse
835 1798 971 1840 nequit,
1008 1801 1043 1830 et
1071 1797 1223 1838 Vosfflo,
1260 1796 1388 1839 quide
1413 1797 1611 1830 coniectura

259 1865 455 1899 substituit:
495 1864 545 1895 acl
569 1863 694 1895 laudes
710 1864 857 1907 flectere
890 1861 997 1895 verba
1024 1862 1153 1898 modis,
1189 1866 1308 1896 contra
1333 1874 1430 1896 usum
1457 1863 1610 1903 dicendi3

260 1934 419 1977 exemplo
445 1933 535 1965 enim
558 1935 669 1972 caret,
708 1930 911 1963 observante
939 1930 1156 1972 Huscuxlo,
1190 1931 1317 1964 locutio
1333 1931 1481 1974 flectere
1505 1929 1613 1963 verba

261 1998 371 2030 modis
396 1998 449 2030 vel
476 1996 652 2034 numeris,·
692 1998 770 2040 poni
798 1997 830 2029 in
858 1996 920 2030 liac
946 1998 1091 2030 formula
1114 2002 1249 2029 nectere
1276 2007 1341 2030 non
1366 1997 1534 2040 flectere,
1572 2001 1612 2030 ut

262 2067 370 2098 Ovm.
396 2065 508 2108 Epist.
535 2075 577 2097 ex
602 2065 714 2098 Ponto
740 2064 801 2106 lv,
826 2067 860 2105 2,
885 2066 942 2097 30.
969 2064 1097 2097 Invnu.
1126 2063 1202 2104 VII,
1224 2066 1291 2105 17„
1316 2074 1356 2097 ac
1381 2064 1408 2096 si
1435 2062 1499 2097 hoc
1524 2074 1612 2106 quo-

262 2141 327 2172 que
353 2130 506 2173 recipere
532 2130 635 2180 velis,
675 2130 837 2171 languere
874 2129 939 2162 iam
974 2129 1077 2161 verba
1115 2127 1164 2160 acl
1199 2127 1335 2162 laudes.
1385 2129 1497 2162 Recte
1530 2128 1613 2164 llaec

263 2197 376 2230 onmia
400 2196 612 2229 Huscmzms
638 2197 790 2239 opponit,
814 2196 886 2229 iure
913 2195 1040 2228 addens
1066 2199 1194 2228 temere
1218 2205 1282 2228 non
1309 2195 1511 2228 eiiciendum
1536 2204 1612 2228 esse

254 2265 422 2308 flectere,
467 2263 540 2305 ipse
567 2266 679 2295 tamen
713 2263 804 2305 quod
837 2263 1011 2307 reposuit,
1051 2273 1116 2295 nou
1141 2262 1249 2304 magis
1275 2261 1467 2305 probamus.
1516 2260 1612 2293 Lon-

263 2328 361 2370 gius,
386 2337 485 2369 quam
512 2338 572 2370 par
598 2333 669 2368 est,
694 2338 810 2360 omues
836 2326 898 2360 liae
925 2328 1142 2361 coniecturae
1168 2331 1203 2360 et
1231 2326 1486 2360 emendationes
1512 2335 1611 2357 rece-

266 2393 350 2425 dunt
375 2392 417 2424 ab
443 2402 482 2425 ea
510 2393 667 2434 lectione,
697 2404 783 2435 quae
809 2394 883 2426 sola
908 2403 1021 2425 veram
1047 2393 1209 2425 librorum
1237 2393 1474 2425 auctoritatem
1499 2389 1612 2423 habet.

266 2461 462 2504 Simplicius
490 2465 542 2493 est
576 2462 664 2502 quod
692 2461 946 2494 Licnuffiuus
984 2460 1105 2493 suadet
1136 2464 1237 2502 atque
1271 2459 1343 2501 ipse
1368 2458 1469 2490 etiam
1496 2458 1613 2490 conie-

267 2539 399 2569 ceram,
434 2539 510 2559 mea
542 2538 593 2570 pr.
623 2539 728 2561 mens.
777 2528 853 2561 Tali
879 2528 968 2560 enim
993 2527 1177 2560 mutatione
1204 2524 1411 2568 pronominis
1445 2534 1531 2566 opus
1558 2522 1611 2555 hic

267 2594 308 2629 ad
332 2604 485 2636 sensum3
510 2594 721 2628 Hrscnmvs
748 2593 839 2637 quod
865 2592 1035 2638 reposuit,
1061 2590 1140 2635 quid
1167 2590 1280 2623 obstat
1302 2590 1480 2631 quominus
1506 2590 1610 2620 inter-
