1721 2953
321 129 385 176 54
723 128 966 175 TIBULLI
1013 128 1124 175 Llss.
1153 128 1206 173 Ι[.
1236 136 1269 173 5.

371 254 486 301 Ecce
522 252 632 299 mihi
668 250 816 299 lucent
850 252 1029 300 Rutulis
1058 251 1269 300 incendia
1306 250 1488 299 castris:

444 341 539 386 Iam
578 338 655 385 tibi
691 338 928 403 praedico,
968 339 1164 387 barbare
1201 340 1379 395 Turne,
1419 354 1587 384 necem.

371 427 487 473 Ante
517 423 672 471 oculos
702 425 904 473 Laurens
936 438 1130 473 castrum
1155 443 1400 490 murusque
1425 422 1583 471 Lavini
1605 433 1670 469 est

322 526 370 560 50
449 511 655 576 Albaque
690 512 745 559 ab
779 513 975 559 Ascanio
1011 513 1192 560 condita
1229 511 1365 574 longa
1402 509 1529 557 (luce.

375 598 438 644 Te
477 616 657 663 quoque
694 597 783 644 iam
818 598 973 657 video,
1007 599 1144 646 Marti
1176 598 1397 664 placitura
1433 594 1644 644 sacerdos

443 683 549 742 Ilia,
597 683 797 732 Vestales
835 684 1085 732 deseruisse
1121 685 1276 743 focos,

380 770 747 836 Concubitusque
783 782 883 817 tuos
919 771 1073 818 furtim
1111 771 1329 834 vittasque
1366 768 1560 815 iacentes

447 857 503 903 Et
537 857 693 922 cupidi
728 857 787 903 ad
819 857 940 922 ripas
980 877 1103 905 arma
1138 858 1290 906 relicta
1327 857 1410 903 dei.

327 954 373 989 55
388 943 566 1008 Carpite
598 936 734 1001 nunc,
770 944 901 1001 tauri,
938 943 993 990 de
1030 956 1196 1009 septem
1234 946 1464 993 montibus
1499 946 1678 1004 herbas,

452 1029 574 1075 Dum
610 1028 732 1076 licet:
785 1029 857 1077 hic
894 1048 1084 1094 magnae
1117 1030 1204 1077 iam
1238 1030 1363 1078 locus
1399 1032 1527 1079 urbis
1565 1033 1658 1079 erit.

381 1116 550 1172 Roma,
596 1126 722 1161 tuum
758 1134 923 1162 nomen
957 1116 1086 1163 terris
1120 1116 1252 1163 fatale
1286 1118 1520 1181 regendis,

452 1200 555 1263 Qua
594 1219 674 1248 sua
713 1201 767 1248 de
805 1201 926 1249 caelo
961 1202 1181 1267 prospicit
1213 1222 1315 1250 arva
1353 1205 1508 1261 Ceres,

389 1287 582 1352 Quaque
618 1299 770 1352 patent
807 1300 930 1335 ortus
966 1300 1007 1335 et
1043 1308 1132 1354 qua
1166 1288 1447 1337 fluitantibus
1482 1290 1618 1338 undis

338 1382 385 1417 60
466 1372 582 1420 Solis
621 1373 879 1420 anhelantes
918 1373 1058 1420 abluit
1094 1375 1237 1421 amnis
1275 1394 1426 1439 equos.

389 1459 526 1505 Troia
565 1459 745 1523 quidem
782 1471 888 1506 111110
921 1478 968 1506 se
1001 1459 1241 1506 mirabitur
1273 1472 1314 1507 et
1348 1461 1435 1508 sibi
1474 1460 1591 1508 dicet

456 1548 547 1593 Vos
583 1545 697 1592 bene
734 1557 823 1592 tam
858 1545 995 1609 longa
1031 1545 1309 1592 consuluisse
1344 1547 1426 1593 via.

393 1636 509 1680 Vera
546 1652 686 1680 cano:
733 1633 796 1680 sic
832 1651 974 1697 usque
1011 1651 1159 1679 sacras
1196 1632 1379 1679 innoxia
1414 1631 1568 1680 laurus

445 1703 649 1778 'Vescan
693 1732 733 1767 01
771 1731 998 1766 aeternum
1037 1720 1095 1767 sit
1128 1719 1239 1766 mihi
1276 1720 1533 1784 virginitas.’

339 1809 517 1855 65Haec
557 1807 717 1854 cecinit.
751 1819 871 1854 vates
908 1819 949 1853 et
979 1819 1019 1853 te
1053 1807 1164 1864 sibi,
1195 1806 1401 1865 Phoebe,
1442 1807 1624 1855 vocavit.

461 1894 643 1941 lactavit
678 1895 800 1940 fusas
838 1905 876 1939 et
914 1905 1047 1955 caput
1084 1905 1183 1939 ante
1216 1913 1379 1940 comas.

399 1980 631 2044 Quicquid
663 1978 922 2036 Amalthea,
968 1978 1185 2043 quicquid
1220 1979 1471 2044 Marpessia
1503 1979 1613 2026 dixit

463 2065 735 2130 Heropliile⁷
771 2064 942 2111 Phoeto
978 2064 1204 2129 Graiaque
1243 2064 1366 2129 quod
1401 2065 1600 2121 monuit,

399 2154 614 2218 Quasque
640 2151 817 2198 Albana
857 2170 1006 2198 sacras
1029 2151 1206 2198 Tiberis
1234 2170 1315 2217 per
1337 2151 1523 2198 flumina
1549 2163 1690 2198 sortes

344 2250 390 2284 ΤΟ
469 2239 665 2287 Portarit
695 2238 813 2285 sicco
850 2236 1170 2302 pertuleritque
1207 2237 1332 2295 sinu,

445 2395 557 2428 Res,
600 2390 735 2423 Phoebo
771 2398 949 2436 grataque
985 2392 1097 2425 lectio.
1164 2390 1235 2425 Sed
1270 2391 1397 2435 optime
1433 2399 1520 2422 nunc
1554 2387 1692 2421 coniicit

348 2462 600 2494 monuimus
634 2457 810 2491 Phoeto
843 2458 1086 2499 Graiaque.
1122 2475 1166 2480 —
1223 2456 1264 2490 V.
1283 2458 1338 2489 69.
1374 2453 1515 2486 Aniena
1554 2458 1589 2487 et
1631 2452 1692 2486 Ti-

350 2528 432 2560 Ina-s
469 2527 570 2559 l'mm
606 2529 709 2557 recte.
770 2523 864 2555 Libri
899 2522 1084 2555 Tiberis
1119 2526 1153 2554 et
1178 2521 1367 2562 Albana,
1408 2530 1562 2563 proquo
1590 2520 1692 2562 vulgo

350 2590 496 2626 Albana
530 2593 704 2633 receptum
740 2588 782 2620 ‹ie
815 2589 1010 2621 coniectura
1042 2588 1255 2620 Sennium.
