1721 2953
624 133 866 176 TIBULLI.
1339 150 1421 177 τηεν

73 252 247 291 marium
290 249 481 289 affectum
520 246 565 288 in
614 247 793 288 carmine
843 261 1049 289 summum
1098 253 1138 287 et
1187 255 1417 289 ceterorum

71 326 254 366 omnium
282 325 462 364 fontem:
502 311 699 363 sed‘aliis
740 324 785 363 in
825 324 962 374 elegiis
998 324 1239 363 sententiam
1278 332 1414 363 tamen

70 415 270 443 siunmam
307 400 530 453 appellabis
561 402 733 451 rectius,
773 399 848 439 ubi
885 400 977 439 idea
1017 399 1218 453 quaedam
1255 400 1415 451 poetica

68 484 202 516 mente
239 476 461 516 informata
499 477 770 529 proponitur,
810 484 856 516 ut
898 477 942 515 in
981 475 1116 528 prima
1155 476 1283 528 elegia
1320 476 1417 516 libri

67 552 190 605 primi
234 552 404 593 felicitas
443 552 588 594 ide-alis
628 555 735 596 vitae
779 554 934 594 ofiosae
975 566 1073 594 rure
1115 561 1156 594 et
1193 554 1237 593 in
1276 568 1415 594 amore

68 627 270 680 agendae,
308 628 354 668 in
384 629 555 681 septima
584 629 715 679 gloria
743 629 965 679 Messalae,
1010 630 1054 668 in
1083 630 1216 681 prima
1247 628 1416 669 secundi

65 717 228 743 sacrum
257 704 503 744 ambarvale.
559 704 731 743 Minime
768 712 906 742 tamen
942 703 1130 742 existimo
1170 703 1274 741 nihil
1311 703 1415 743 vivi-

65 778 229 819 diorum
257 793 452 820 sensuum
489 779 533 818 in
569 779 642 819 tali
677 780 805 831 elegia
837 793 946 830 esse,
991 794 1087 819 nam
1124 780 1211 819 sine
1242 779 1328 829 his,
1370 788 1413 819 ut

67 854 166 906 dixi,
195 857 311 896 nulla
338 857 457 897 facile
485 858 612 908 elegia
641 857 702 906 sit,
733 855 804 896 sed
832 870 883 895 ex
913 857 1106 898 universa
1133 858 1294 898 ratione
1327 871 1415 896 car-

64 932 187 971 minis
215 932 271 972 sic
301 941 347 972 ut
365 931 545 974 indicavi
565 934 726 986 appello
750 933 1005 973 sententiam.
1062 933 1199 986 Atque
1223 934 1280 972 ita
1302 932 1415 986 quod

66 1008 289 1059 generatim
315 1008 455 1049 thema
482 1009 673 1048 carminis
704 1021 823 1058 VOCO,
854 1008 1019 1060 speciali
1047 1008 1215 1047 nomine
1245 1021 1322 1060 pro
1348 1021 1415 1046 ra-

65 1082 177 1122 tione
208 1085 439 1135 argumenti
466 1098 577 1123 nunc
606 1084 808 1124 sententia
835 1098 944 1124 nunc
967 1085 1137 1124 affectus
1168 1099 1192 1123 a
1219 1097 1286 1123 me
1315 1083 1416 1122 dici-

66 1164 147 1198 tur.
204 1159 401 1199 Similiter
428 1161 472 1199 in
503 1162 591 1200 aljis
620 1162 840 1212 generibus
869 1174 1042 1213 poeseos
1070 1175 1137 1200 res
1167 1162 1314 1201 habet:
1346 1171 1415 1201 aut·

67 1248 191 1275 sensu
230 1243 268 1275 et
307 1237 457 1276 affectu
488 1236 668 1290 quodam
698 1238 961 1290 praevalente
991 1237 1227 1276 continetur
1256 1249 1415 1275 summa

66 1313 277 1363 poematis,
308 1320 379 1351 aut
406 1312 499 1352 idea
529 1312 706 1366 quadam
734 1314 801 1354 vel
833 1313 1034 1353 sententia
1063 1313 1209 1363 ideali3
1241 1327 1285 1352 ac
1316 1315 1416 1352 Pin-

67 1387 154 1428 dari
181 1388 363 1440 epiniciis
387 1389 552 1441 hymnis
581 1390 801 1430 sententias
821 1390 972 1430 ideales
1004 1390 1162 1431 ostendi
1187 1392 1414 1431 subiectas:

66 1476 158 1502 cum
187 1465 296 1503 enim
324 1465 369 1503 in
396 1465 519 1505 laude
551 1466 756 1507 victorum
787 1469 863 1508 ista
892 1469 1028 1520 poesis
1064 1476 1274 1518 versetur,
1315 1482 1414 1521 pro-

63 1538 234 1590 ponitur
261 1553 372 1580 nunc
399 1541 561 1581 virtutis
583 1556 693 1582 nunc
719 1543 922 1583 felicitatis
951 1543 1086 1582 forma
1113 1542 1256 1583 idealis
1287 1558 1415 1596 quae·

66 1611 177 1664 dam,
207 1628 282 1654 nec
312 1616 446 1667 potuit
475 1616 610 1656 facere
645 1619 761 1657 aliter
790 1619 963 1657 sublime
992 1619 1204 1669 ingenium
1233 1617 1417 1658 Pindari.

63 1689 210 1741 Neque
240 1704 340 1730 vero
372 1704 476 1743 opus
509 1699 568 1731 est
596 1700 641 1731 ut
671 1693 871 1745 simplicia
901 1701 940 1732 et
968 1692 1184 1734 individua
1214 1694 1295 1733 sint
1323 1694 1414 1732 the-

64 1771 173 1802 mata
202 1772 464 1814 poematum:
506 1780 600 1804 nam
634 1767 744 1817 apud
774 1767 987 1806 Tibullum
1017 1768 1183 1820 quidem
1213 1769 1255 1806 in
1282 1770 1414 1820 prima

67 1844 192 1894 elegia
221 1844 318 1883 libri
343 1845 479 1896 ,primi
517 1846 778 1897 oppositione
808 1844 907 1884 belli
936 1854 976 1885 et
1003 1847 1147 1886 inertis
1176 1848 1283 1887 vitae
1315 1862 1414 1887 con-

64 1928 142 1960 stat
179 1934 338 1959 summa
377 1922 600 1971 sententia,
641 1921 988 1976 quemadmodum
1025 1923 1071 1962 in
1109 1922 1287 1974 decima3
1333 1926 1412 1965 alio

43 1993 188 2038 ‚modo
218 1994 262 2034 in
298 1997 397 2047 eleg.
427 1997 478 2046 II,
513 1999 551 2036 5.
592 2005 793 2036 concentu
824 1996 1000 2037 duarum
1027 2012 1169 2039 rerum
1201 2003 1415 2053 componi-

62 2078 131 2111 tur
160 2080 466 2123 argumentum,
499 2081 546 2112 ut
572 2075 780 2127 plerisque
809 2075 851 2113 in
884 2075 1079 2127 Epiniciis
1109 2075 1280 2115 Pindari
1309 2075 1412 2115 (luo-

62 2162 156 2188 rum
197 2150 480 2189 membrorum
522 2151 763 2190 harmonica
800 2151 1098 2204 compositione
1139 2152 1315 2192 conflata
1356 2163 1415 2193 est

62 2236 222 2263 summa
247 2225 459 2264 sententia.
515 2224 581 2265 Ad
611 2225 721 2265 aliud
746 2240 890 2278 pergo.
948 2226 1133 2276 Quaeras
1161 2229 1269 2268 enim
1294 2230 1414 2269 etiam

61 2297 186 2349 illud,
217 2299 435 2339 consillum
468 2301 657 2340 carminis
689 2304 809 2355 quale
840 2302 992 2352 dicam,
1023 2303 1239 2343 differatne
1271 2321 1294 2345 a
1327 2308 1412 2344 tlte-

65 2382 173 2414 mate
205 2389 257 2414 an
288 2375 339 2414 sit
367 2374 490 2416 idem.
548 2377 707 2430 Nempe
740 2379 956 2418 consilium
987 2387 1067 2427 est,
1099 2380 1164 2418 cui
1194 2381 1255 2419 rei
1290 2381 1412 2420 desti-

66 2457 207 2490 natum
236 2450 415 2504 aliquid,
457 2461 496 2492 et
527 2456 709 2494 cernitur
737 2456 782 2494 in
812 2468 883 2505 eo,
925 2455 1024 2508 quid
1055 2456 1214 2497 efficere
1246 2466 1284 2496 et
1315 2473 1413 2498 con-

67 2527 183 2577 sequi
211 2528 312 2568 velis
343 2530 510 2582 singulis
541 2533 666 2571 rebus
698 2541 738 2573 et
769 2540 868 2572 toto.
924 2532 983 2570 Ac
1023 2532 1203 2584 primum
1244 2533 1409 2585 quidem

67 2600 246 2651 singulae
275 2617 340 2644 res
368 2605 413 2643 in
449 2610 628 2647 carmine
661 2621 801 2648 omnes
832 2621 926 2647 eum
961 2608 1092 2657 finem,
1122 2608 1163 2648 id
1195 2609 1406 2648 consilium

1018 2698 1036 2721 Ε
