1721 2953
260 133 327 182 46
657 129 901 176 TIBULLI
947 129 1058 176 LIB.
1090 129 1143 175 II.
1169 140 1203 175 3.

319 255 464 320 Saepe
498 253 683 300 horrere
719 270 873 300 sacros
909 252 1054 301 doluit
1088 253 1261 300 Latona
1299 251 1512 318 capillos,

387 353 516 416 Quos
553 349 774 398 admirata
810 361 877 397 est
908 350 1008 416 ipsa
1037 368 1228 397 noverca
1263 348 1403 414 prius.

264 459 311 495 25
325 444 544 510 Quisquis
582 444 932 510 inornatumque
971 456 1106 510 caput
1142 444 1376 510 crinesque
1412 442 1581 491 solutos

387 539 644 605 Aspiceret,
687 540 863 587 Phoebi
901 550 1136 605 quaereret
1170 538 1242 585 ille
1279 557 1465 586 comam.

322 634 461 682 Delos
477 634 556 682 ubi
567 653 702 692 1111110,
723 633 918 691 Phoebe,
934 645 1009 680 tua
1023 644 1100 692 est,
1115 634 1194 681 ubi
1209 633 1431 698 Delphica
1442 631 1618 700 Pytho?

388 729 561 794 Nempe
598 746 725 776 amor
758 726 807 774 in
841 745 979 793 parva
1017 739 1059 775 te
1094 728 1220 775 iubet
1255 746 1350 775 esse
1382 746 1497 778 casa.

322 822 492 871 Felices
528 823 657 882 olim,
703 823 867 871 Veneri
904 842 1006 871 011111
1041 822 1183 870 fertur
1218 833 1369 888 aperte

269 931 318 965 30
395 918 571 967 Servire
603 930 808 966 aeternos
843 935 936 964 non
973 916 1191 982 puduisse
1229 916 1349 963 deos.

323 1012 499 1061 Fabula
533 1031 655 1059 nunc
686 1011 760 1058 ille
797 1023 883 1059 est:
912 1010 993 1058 sed
1029 1010 1100 1058 6111
1137 1029 1219 1057 sua
1241 1028 1348 1057 cura
1371 1007 1520 1074 puella
1543 1019 1621 1066 est,

392 1105 567 1154 Fabula
603 1105 660 1152 sit
695 1103 863 1151 mavult
898 1122 1033 1168 quam
1066 1103 1162 1149 sine
1199 1121 1350 1149 amore
1388 1101 1511 1148 deus.

326 1200 388 1247 At
421 1211 492 1257 tu,
535 1198 740 1264 quisquis
775 1197 814 1244 is
846 1216 914 1255 es,
955 1197 1026 1245 cui
1062 1197 1177 1244 tristi
1209 1197 1357 1244 fronte
1395 1195 1572 1261 Cupido

390 1294 609 1358 Imperat,
655 1302 705 1338 ut
744 1303 899 1339 nostra
930 1291 1020 1338 sint
1054 1303 1131 1338 tua
1165 1302 1310 1338 castra
1343 1289 1502 1348 domo,

277 1562 324 1597 35
336 1551 501 1597 Ferrea
516 1566 609 1594 non
621 1549 857 1604 Venerem,
877 1546 956 1593 sed
976 1546 1206 1612 praedam,
1226 1546 1401 1595 saecula
1416 1547 1626 1596 laudant:

402 1642 578 1690 Praeda
612 1652 759 1688 tamen
797 1639 948 1687 multis
986 1652 1051 1688 est
1086 1653 1269 1707 operata
1303 1641 1446 1689 malis.

330 1739 506 1788 Praeda
542 1738 660 1785 feras
698 1738 814 1785 acies
848 1737 984 1784 cinxit
1016 1737 1304 1785 discordibus
1342 1738 1500 1785 armis:

399 1833 518 1880 Hinc
551 1851 698 1890 cruor,
730 1831 836 1878 hinc
870 1831 1027 1879 caedes
1052 1851 1173 1880 mors
1197 1832 1474 1899 propiorque
1497 1834 1628 1881 venit.

331 1926 508 1974 Praeda
543 1945 656 1989 vago
693 1924 823 1971 iussit
859 1925 1086 1987 geminare
1121 1926 1320 1991 pericula
1349 1939 1512 1991 ponto,

281 2033 329 2070 40
408 2021 577 2069 Bellica
614 2040 714 2068 cum
750 2020 901 2067 dubiis
938 2031 1080 2067 rostra
1119 2020 1243 2067 dedit
1275 2021 1461 2068 ratibus.

353 2193 396 2227 V.
413 2194 470 2226 34.
500 2193 577 2225 libri
606 2192 826 2236 Imperat,
856 2195 914 2225 ut.
963 2192 1034 2225 Pro
1064 2191 1128 2226 hoc
1153 2193 1256 2234 vulgo
1284 2192 1411 2234 legitur
1436 2188 1630 2234 imperitat,

283 2261 415 2293 incerto
450 2261 601 2291 auctore.
660 2258 719 2291 Sic
748 2257 819 2290 visa
853 2261 906 2290 est
940 2258 1033 2291 finita
1064 2259 1272 2291 constructio
1307 2268 1336 2291 v.
1363 2257 1500 2290 domo.
1559 2254 1630 2289 Sed

283 2328 411 2371 prima:
453 2326 507 2359 At
539 2329 602 2366 tu,
647 2334 735 2357 nunc
769 2328 886 2357 carent
917 2325 1032 2358 verbo.
1096 2326 1198 2359 Dicas
1233 2336 1294 2369 pro
1328 2325 1368 2358 iis
1404 2328 1522 2368 postea
1555 2326 1631 2356 tua

284 2396 441 2426 castra
470 2391 672 2431 substituta,
716 2390 808 2423 dicas
842 2391 1083 2423 allocutionem
1116 2392 1293 2434 abruptam
1325 2390 1357 2422 in
1389 2390 1533 2429 affectu,
1570 2387 1630 2420 sed

285 2463 457 2500 utcunque
486 2457 660 2499 explices,
696 2455 785 2499 apud
812 2455 984 2489 Tibullum
1018 2456 1096 2488 11ἱΙιίΙ
1125 2457 1233 2489 simile
1262 2455 1431 2495 invenias,
1466 2455 1521 2495 qui
1548 2452 1632 2486 hanc

284 2525 527 2558 allocutionem
561 2532 724 2564 nusquam
758 2522 831 2554 siue
864 2521 970 2555 verbo
1003 2522 1109 2565 pouit.
1170 2522 1286 2557 Quare
1319 2520 1439 2553 lacuna
1472 2519 1634 2552 statuitur

285 2590 410 2624 verius.
