1721 2953
299 156 382 199 434
599 152 969 199 COMMENTAR.
998 155 1058 198 IN
1088 156 1316 199 TIBULLI

298 280 352 308 est
381 272 476 320 quod
499 270 653 306 sumitur
676 277 713 304 et
737 270 833 318 quod
852 270 890 306 in
915 272 1044 307 divinis
1067 270 1170 306 rebus
1195 284 1336 311 sumas,
1369 272 1522 318 sapienti
1546 273 1644 308 lucro

297 346 364 376 est.
425 338 496 373 Sed
535 338 646 371 aliena
686 337 828 381 antiqua
872 338 964 373 verbi
1005 339 1211 382 significatio
1251 350 1272 372 a
1307 339 1436 374 Tibulli
1476 342 1640 376 oratione.

299 404 416 440 Quare
441 402 544 435 etiam
567 400 741 434 BAcmum
766 410 834 434 non
866 401 988 444 laudo,
1025 403 1081 444 qui
1106 401 1262 445 scripsit:
1300 403 1380 434 Hoc
1407 401 1555 436 solemne
1579 414 1642 435 sa—

300 479 396 502 crum
421 466 551 499 multos
576 466 662 499 Ilaec
686 472 808 500 sumat
829 465 868 500 in
891 478 1023 504 annos,
1060 466 1090 501 h.
1117 477 1149 502 e.
1173 465 1324 501 hilariter
1347 473 1503 512 peragat.
1550 469 1643 502 Sci-

297 544 412 568 messn
445 533 593 567 coniecit
626 539 861 571 consummet,
895 537 934 568 ut
967 545 1202 569 consummare
1235 545 1369 569 sacrum
1400 546 1451 580 pr.
1477 538 1643 580 perficere

296 604 350 635 est
381 599 508 633 dictum
541 603 701 632 monente
734 598 887 634 Hermo
912 610 966 644 ap.
993 601 1130 635 Semne.
1154 600 1260 635 Herc.
1295 600 1360 636 sur.
1388 604 1489 636 1039.
1538 602 1643 636 Addit

295 666 507 700 Huscfflssus
533 665 634 701 Ovid.
659 665 765 700 Trist.
789 667 833 709 V,
857 669 891 709 5,
917 669 997 709 23„
1021 670 1059 700 ut
1082 670 1196 701 tamen
1221 667 1295 711 ipse
1321 674 1505 701 consumat
1528 670 1642 713 potius

293 743 313 766 a
338 733 549 766 ScALmssRo
575 731 763 775 repositum
788 733 880 766 velit.
931 732 1059 767 Verum
1087 743 1204 767 omnes
1239 731 1302 766 hae
1336 738 1492 768 narratae
1525 745 1642 769 emen-

294 798 449 831 dationes
475 808 517 831 eo
542 797 712 831 communi
743 807 860 831 errore
885 796 1060 839 laborant,
1097 797 1190 841 quod
1215 799 1349 842 puellae
1375 799 1564 833 subiectum
1589 800 1641 833 in-

292 862 418 905 serunt,
439 872 515 896 cum
540 872 584 895 ex
603 865 818 905 pentametro
839 865 956 905 pateat
975 862 1018 896 de
1040 862 1149 896 Musis
1169 867 1204 896 et
1225 864 1386 907 Apolline
1407 865 1475 907 agi.
1517 865 1640 907 Longe

290 928 412 963 melius
436 927 542 970 igitur
575 930 628 960 est
658 926 749 969 quod
774 927 1029 960 LAcHMANNUS
1055 929 1237 972 proponit:
1276 928 1341 961 lzoc
1365 930 1514 971 sumite,
1551 929 1581 963 h.
1610 940 1639 963 e.

291 996 414 1030 sumite
437 994 534 1029 vobis
558 993 765 1036 ornandum,
789 993 1043 1029 celebrandum.
1067 1012 1114 1020 —-
1148 993 1309 1039 choro,
1334 1000 1437 1031 cantu
1462 995 1566 1031 chori.
1593 1016 1639 1022 —

636 1396 1099 1444 CARMEN
1204 1396 1298 1441 111.

760 1688 1172 1734 INTRODUCTIO.

287 1829 459 1887 Abierat
495 1860 573 1884 cum
608 1851 705 1893 patre
739 1845 921 1881 Cerinthus
960 1846 1145 1890 aliquando
1179 1847 1213 1880 in
1248 1856 1306 1880 rus
1343 1846 1387 1881 ad
1420 1848 1636 1881 venationem

288 1928 460 1962 aprorum,
492 1916 582 1951 unde
610 1916 774 1960 Sulpicia,
798 1919 837 1948 ut
861 1918 913 1948 est
938 1915 1032 1949 fictio
1058 1915 1205 1959 poetica,
1239 1913 1303 1948 hoc
1328 1925 1463 1948 carmen
1487 1915 1531 1948 ad
1557 1925 1634 1948 eum

289 1985 418 2018 scribit.
469 1984 634 2017 Versatur
659 1986 771 2015 autem
797 1992 927 2015 summa
953 1984 1026 2019 eius
1051 1983 1084 2016 in
1119 1981 1289 2016 desiderio
1315 1982 1461 2019 sollicito
1489 1982 1636 2025 puellae,

288 2051 389 2082 amati
425 2049 612 2081 absentiam
645 2058 711 2081 non
748 2047 897 2082 serentis,
955 2049 993 2082 In
1027 2059 1095 2091 quo
1128 2049 1259 2083 orditur
1293 2048 1467 2092 Sulpicia,
1501 2052 1539 2080 ut
1573 2057 1635 2090 par

288 2119 350 2155 est,
384 2115 426 2146 ab
452 2115 526 2157 ipso
553 2113 702 2146 maximo
729 2114 879 2156 periculo
908 2113 1136 2157 deprecando,
1163 2124 1205 2147 ne
1235 2125 1318 2157 aper
1343 2115 1374 2147 ei
1400 2117 1533 2155 noceat,
1561 2118 1631 2147 tum

289 2185 464 2215 crescente
489 2181 612 2213 affectu
638 2180 827 2214 detestatur
849 2181 986 2214 omnino
1011 2182 1113 2214 silvas
1138 2184 1174 2215 et
1197 2182 1408 2215 venationem
1434 2191 1511 2214 cum
1540 2182 1634 2224 peri-

288 2248 373 2281 culis
408 2251 442 2281 et
479 2239 674 2281 vulnerib'us
712 2247 864 2280 venatori
901 2247 1163 2280 imminentibus.
1221 2246 1292 2280 Sed
1327 2251 1460 2288 tamen,
1505 2247 1631 2291 pergit,

286 2315 360 2358 ipsa
386 2315 487 2348 etiam
514 2313 636 2347 serrem
663 2312 746 2346 haec
772 2314 893 2353 omnia,
930 2313 957 2346 si
984 2317 1097 2345 tecum
1124 2312 1249 2354 vagari,
1276 2316 1388 2345 tecum
1414 2312 1628 2354 requiescere

287 2391 442 2425 possem,
473 2390 562 2413 nunc
595 2390 676 2412 cave
701 2389 743 2412 ne
775 2379 841 2411 alia
874 2379 962 2410 forte
999 2378 1068 2411 illic
1094 2378 1206 2421 puella
1232 2377 1339 2410 favori
1365 2382 1425 2410 tuo
1449 2377 1625 2420 subrepat.

289 2448 442 2489 Denique
476 2447 508 2479 in
543 2446 636 2478 exitu
670 2444 825 2478 hortatur
855 2443 1074 2485 Cerintlium,
1112 2447 1149 2476 ut
1184 2454 1284 2486 quam
1319 2444 1463 2487 primum
1499 2443 1627 2476 redeat.

287 2512 383 2546 Haec
409 2511 579 2545 hactenus.
630 2512 783 2545 Observa
809 2522 897 2545 nunc
922 2511 1213 2554 compositionem.
1263 2512 1428 2554 Apertum
1453 2514 1505 2542 est
1529 2511 1628 2544 aliam

287 2578 428 2612 formam
455 2576 507 2611 hic
534 2576 668 2619 haberi,
702 2588 803 2620 quam
828 2578 931 2620 vulgo
956 2577 1099 2610 vidimus
1125 2576 1213 2620 apud
1240 2576 1423 2609 Tibullum.
1474 2575 1550 2608 Non
1578 2580 1630 2608 est

286 2646 375 2680 enim
400 2643 512 2679 thema
540 2645 572 2678 in
598 2645 759 2688 exordio,
784 2644 964 2679 illustratio
991 2642 1147 2678 thematis
1174 2644 1206 2676 in
1232 2641 1343 2676 medio
1369 2641 1538 2683 carmine,
1566 2641 1627 2674 sed
