1721 2953
494 175 635 214 Llssss.
666 175 738 213 IV.
798 172 964 215 CARM.
994 177 1025 215 Ι.
1347 182 1428 217 405

85 299 150 330 que
175 289 290 322 (ἱππ,
319 288 418 322 Noct.
442 290 510 323 Att.
532 289 624 331 le,
639 291 672 331 6,
693 291 733 323 3:
764 288 883 334 Atque·
909 289 1002 322 illud
1029 290 1134 323 eliam
1157 290 1326 335 scriplum
1345 292 1427 337 fuit

80 372 125 378 --
156 361 277 387 utrum
306 357 337 387 ἐν
375 357 420 400 ’γῇ
451 356 512 387 {snm
544 353 705 400 θαλάσσῃ
735 355 855 389 Ulixes
879 358 1048 391 errat-erit
1077 356 1163 391 κατιῖ
1189 357 1425 404 Ἀρίσταρχον,

80 433 127 452 «ιη
156 423 188 452 ἓν
215 423 261 466 τῇ
288 421 345 457 ἔξω
379 419 467 453 mcv}
491 419 675 466 Κράτητα.
726 422 797 454 Res
824 426 917 456 nota.
967 425 1158 468 Disputavit
1188 425 1230 457 de
1256 436 1294 458 ea
1320 436 1425 468 quae-

79 486 188 519 stione
220 487 321 519 etlam
348 487 554 519 Cnm'nnms
583 487 676 520 Sicil.
703 486 815 528 Antiq.
842 487 894 528 ΙΙ,
923 490 977 522 17.
1028 490 1098 522 Sed
1131 500 1244 522 veram
1274 490 1423 523 Hoiumu

77 551 278 584 senteutiam
312 562 421 595 nuper
454 554 581 596 optime
616 553 780 596 explicuit
805 553 999 595 Ῡύιοκηῐὶ,
1035 555 1087 587 vir
1120 555 1356 597 doctissimus,
1390 556 1422 589 in

79 617 163 649 libro
189 617 230 650 de
257 617 477 661 Geographia
504 618 660 650 Homeri.
709 617 904 650 Redeamus
929 619 969 651 ad
997 624 1147 654 nostrum
1173 626 1329 664 poetam,
1366 622 1423 664 qui

77 686 197 717 melius
243 686 404 718 tacuisset
446 684 531 718 hanc
565 685 743 718 doctorum
785 686 901 726 litem,
950 697 1012 719 nec
1050 689 1184 731 poetica
1219 692 1269 721 est
1304 689 1422 722 talium

78 762 189 785 rerum
215 754 362 794 nienti03
388 753 448 786 sed
469 753 692 786 luculentiore
714 752 859 786 formula
880 753 1037 787 claudere
1058 755 1164 788 voluit
1188 754 1274 788 huuc
1297 756 1420 790 locum.

76 816 142 849 Est
166 822 278 851 autem
307 823 490 852 nostras
523 819 642 852 inter
666 823 816 853 terras
850 820 1038 862 cognita
1074 832 1124 864 pr.
1151 822 1237 863 visa,
1272 822 1360 855 sacta
1386 822 1420 855 in

75 884 324 917 mediterraneo
354 885 457 926 mari,
491 885 614 918 nostris
641 885 740 917 terris
771 885 960 918 interiecto.

168 948 210 981 V.
235 951 399 982 82-176.
450 949 509 982 De
547 950 742 982 militari
778 950 931 991 gloria
966 950 1205 985 Messalae.
1265 950 1314 983 Ac
1347 950 1420 992 pri—

72 1022 163 1046 mum
191 1012 328 1054 quidem
357 1024 378 1047 a
410 1024 441 1047 v.
458 1016 624 1048 82-117.
661 1015 713 1048 de
748 1015 946 1049 scientia
982 1016 1176 1049 militari
1211 1019 1254 1049 et
1283 1016 1418 1050 rebus

74 1075 307 1120 hucusque
341 1080 467 1113 bello
502 1081 553 1113 ab
587 1091 638 1114 eo
677 1082 833 1124 gestis.

168 1144 208 1176 V.
226 1146 272 1175 82
296 1154 369 1185 sqq.
404 1144 492 1177 Iam
518 1145 711 1178 transitioni
736 1147 893 1188 inservit,
927 1151 965 1180 ut
990 1157 1105 1191 saepe.
1154 1149 1304 1181 Sensus:
1340 1147 1410 1181 Iam

72 1207 155 1240 illud
193 1210 526 1243 commemorandum
562 1215 634 1253 est,
682 1216 719 1244 ut
760 1223 859 1246 nemo
897 1217 932 1247 te
969 1216 1088 1248 melius
1126 1216 1288 1249 militares
1325 1220 1416 1248 artes

71 1280 195 1309 teneat.
261 1275 415 1309 Eundem
455 1278 631 1311 transitum
672 1278 773 1312 babet
817 1291 846 1313 v.
874 1283 931 1313 98.
968 1281 1025 1313 ubi
1063 1286 1249 1314 castrorum
1283 1281 1415 1314 ratione

72 1346 212 1374 tractata
239 1342 281 1375 ad
309 1344 454 1376 tacticen
481 1344 624 1377 accedit.
674 1346 820 1380 Omnino
849 1348 882 1380 in
911 1349 1165 1381 transitionibus
1194 1349 1413 1392 repetitiones

67 1410 284 1451 reperiuntur
314 1420 426 1452 neque
459 1420 582 1453 magna
616 1415 668 1444 est
700 1423 754 1445 ars
789 1416 912 1456 poetae
948 1414 981 1446 in
1016 1413 1079 1447 hoc
1117 1425 1253 1456 genere.
1282 1433 1325 1439 -—-
1375 1415 1413 1447 In

67 1476 371 1517 sequentibus
406 1476 575 1518 obliquam
611 1477 799 1510 orationem
834 1488 895 1521 per
927 1478 1118 1520 quindecim
1155 1489 1270 1512 versus
1302 1480 1413 1512 conti-

68 1544 203 1573 nuatam
238 1541 386 1583 videbis,
425 1542 524 1574 nimis
554 1541 632 1582 diu,
672 1542 785 1575 credo.
851 1542 938 1575 Nam
972 1544 1005 1575 in
1040 1544 1134 1586 poesi
1169 1544 1411 1577 variationibus

66 1608 326 1640 constructionis
350 1617 437 1650 opus
463 1611 515 1640 est
546 1609 653 1640 mult‘o
681 1609 789 1649 magis
816 1619 914 1650 quam
949 1610 981 1640 in
1012 1619 1114 1651 prosa
1139 1609 1311 1650 oratione,
1347 1607 1411 1642 hoc

66 1676 180 1705 autem
207 1673 380 1715 obliquum
412 1672 545 1705 dicendi
573 1683 681 1714 genus
708 1674 854 1716 optimus
882 1675 1024 1717 quisque
1050 1680 1226 1717 poetarum
1259 1677 1312 1708 vel
1346 1677 1411 1709 im-

66 1741 183 1784 primis
217 1741 305 1773 cavit
337 1750 381 1773 ne
414 1740 627 1773 continuaret
655 1739 753 1771 nimis
781 1739 849 1771 diu.
898 1740 969 1772 Sed
994 1740 1168 1773 videamus
1195 1742 1340 1784 singula.
1363 1758 1408 1766 -—

68 1807 161 1841 Qua
187 1806 347 1839 deceat
371 1810 436 1840 cet.
486 1807 638 1839 Primum
660 1806 742 1838 dicit
762 1805 804 1839 de
825 1810 1011 1839 castrorum
1034 1808 1173 1840 ratione.
1193 1827 1238 1832 ——
1284 1818 1359 1851 pra
1370 1818 1408 1841 e-

64 1872 241 1905 ducere.
300 1872 428 1905 ΤΑσιΤ.
464 1872 549 1905 Anu.
583 1871 677 1913 XIV,
702 1874 766 1904 32:
813 1883 923 1916 neque
958 1872 1092 1904 vallam
1129 1884 1237 1918 neque
1265 1873 1408 1917 fossam

60 1937 340 1980 praeduxerant.
370 1957 416 1963 —
477 1939 639 1974 Qualit
652 1949 719 1979 er,
763 1949 829 1981 quo
868 1942 977 1982 pacto.
1040 1939 1129 1972 Tum
1166 1940 1293 1972 cervi
1329 1943 1407 1973 sunt

63 2002 198 2045 stipites
233 2002 374 2044 furcati‚
418 2003 495 2036 valli
533 2014 553 2036 a
587 2003 807 2037 similitudine
841 2005 1051 2037 cervinorum
1088 2014 1260 2037 cornuum.
1328 2006 1404 2039 ΞΠ..

61 2069 161 2102 lTAL.
185 2069 238 2110 X,
268 2071 347 2102 413.
375 2073 590 2113 comparatus
614 2071 776 2104 VULPlo:
813 2070 961 2115 Quaque
986 2076 1091 2114 patet
1119 2082 1262 2115 campus
1288 2071 1408 2114 planis

61 2135 276 2181 ingressibus
309 2136 439 2173 hostis,
477 2138 662 2169 Cervorum
693 2136 864 2169 ambustis
896 2136 1086 2170 imitanlur
1120 2149 1252 2169 cornua
1285 2138 1406 2173 ramis.

61 2201 226 2243 Magnum
254 2212 431 2235 numerum
462 2212 601 2244 eorum,
637 2203 694 2245 qui
726 2202 768 2235 de
797 2201 847 2234 bis
872 2202 1010 2244 dixere,
1049 2208 1205 2237 recenset
1232 2204 1404 2237 Bizonen<-

61 2276 197 2300 nusms.
218 2284 262 2290 —
311 2267 509 2302 Quemve
543 2268 689 2300 locum
724 2277 797 2309 sqq.
849 2268 961 2302 Quem
990 2269 1101 2302 locum
1127 2269 1255 2311 eligere
1283 2270 1404 2302 castris

60 2332 249 2365 conveniat.
272 2349 315 2355 -
366 2332 590 2365 Fontibus
624 2337 668 2365 ut
698 2333 855 2367 dulces
884 2337 949 2367 etc.
999 2335 1266 2369 PAssnRA'rms:
1297 2338 1402 2378 „Du-

61 2407 137 2430 cum
163 2402 216 2430 est
243 2398 274 2430 in
301 2398 598 2430 castrametatione
625 2398 824 2441 providere,
850 2409 892 2431 ne
917 2402 1028 2432 castra
1054 2405 1221 2443 ponantur
1246 2402 1278 2434 in
1305 2401 1400 2434 arido

60 2465 135 2496 loco
168 2469 203 2497 et
232 2475 340 2507 aquae
372 2465 474 2508 inopi.
526 2465 612 2498 Nam
646 2465 735 2509 apud
763 2465 958 2498 CAESAREM
994 2466 1025 2499 d.
1052 2466 1150 2499 Bello
1177 2467 1249 2500 Civ.
1276 2467 1350 2500 libr.
1373 2467 1399 2500 l.

59 2529 216 2562 Afranius
241 2535 275 2563 et
304 2532 461 2564 Petreius
495 2532 537 2564 ob
564 2533 650 2565 male
687 2533 795 2576 posita
829 2538 939 2565 castra
972 2533 1004 2564 iu
1030 2534 1117 2566 colle
1150 2537 1320 2576 coguntur
1345 2534 1399 2566 siti

59 2596 101 2628 ad
138 2595 379 2630 deditionemf‘
439 2599 526 2630 Sunt
564 2608 644 2630 vero
682 2597 843 2630 dulces
881 2598 1093 2640 liquores
1129 2609 1192 2632 nec
1228 2599 1301 2632 salsi
1339 2609 1400 2631 nec

59 2664 174 2696 amari.
236 2663 281 2696 Et
317 2669 525 2708 erumpat
562 2665 669 2698 active
703 2666 783 2698 dixit
826 2676 874 2708 pr.
910 2665 1061 2699 effundat
1095 2675 1157 2699 usu
1195 2676 1260 2699 non
1296 2666 1397 2699 infre-
