1721 2953
250 171 319 196 xx«
330 151 349 193 ⁸5
795 154 865 193 DE
896 154 1028 194 VITA

252 273 461 313 servitium
496 270 661 318 dicitur,
702 277 748 309 111
781 270 846 310 hic
877 271 921 310 fit
951 272 991 311 in
1029 269 1156 310 exitu.
1211 270 1296 312 Nec
1327 284 1402 323 pro
1432 269 1601 311 Nemesi

252 352 356 388 hanc
392 348 572 401 puellam
604 346 758 395 habeo,
806 360 896 385 cum
928 347 1063 386 statim
1094 347 1272 398 primum
1304 346 1506 386 distichon
1536 360 1601 385 31·-

255 426 357 465 ctius
392 423 536 464 foedus
566 422 737 472 indicet,
778 423 851 463 ubi
884 422 1005 464 fidem
1038 423 1116 463 sibi
1152 424 1389 464 iuraverant
1420 431 1602 462 amantes

254 507 514 553 perpetuam:
559 498 702 539 monui
740 498 821 538 iam
860 513 984 551 supra
1026 500 1105 540 hoc
1145 499 1323 539 alienum
1363 514 1385 538 a
1416 499 1604 539 Nemesis

255 591 414 626 amore,
445 584 486 616 31
511 577 615 615 110110
647 576 838 616 convenit
866 577 1031 617 Horatii
1059 578 1209 628 verbis,
1243 576 1469 618 secundum
1497 590 1603 631 quae

254 662 396 707 postea
428 655 579 694 laesam
617 652 739 692 fidem
773 654 1025 707 querebatur
1061 655 1273 706 Tibullus,
1317 664 1361 695 ut
1398 656 1477 696 1100
1511 656 1604 695 1000

254 732 415 785 puellae
444 729 648 770 dubitanti
681 743 796 770 suam
826 730 950 771 fidem
980 732 1161 772 illaesam
1203 733 1391 772 affirmat.
1459 733 1605 772 Plures

257 816 390 849 autem
425 815 577 848 amatas
606 807 763 847 Tibulli
792 821 877 847 non
904 810 1116 859 novimus,
1158 818 1196 849 et
1224 823 1427 862 provoces
1456 824 1604 862 perpe-

255 901 344 927 ram
374 885 424 926 ad
454 886 484 936 I,
506 889 543 935 5,
570 889 646 926 39:
676 887 798 940 Saepe
826 887 942 925 aliam
967 891 1084 936 tenui,
1119 887 1190 926 ubi
1220 888 1385 929 minime
1414 886 1464 926 de
1495 902 1603 927 31113-

255 964 306 1002 tis
336 962 482 1015 puellis
513 961 667 1013 agitur,
700 960 771 1001 sed
802 960 851 1002 de
881 962 1029 1003 vilibus
1061 963 1364 1012 meretricibus,
1395 978 1496 1017 quas
1524 965 1603 1004 isto

255 1048 440 1092 tempore
470 1037 606 1079 adibat
631 1039 837 1092 ingentem
864 1039 1050 1080 dolorem
1074 1040 1218 1080 Deliae
1249 1042 1417 1082 amissae
1444 1023 1604 1094 repres-

255 1128 388 1154 surus.
447 1115 583 1167 Atque
617 1115 716 1155 haec
744 1115 954 1155 hactenus.
983 1137 1039 1144 —-

368 1192 467 1231 Post
500 1189 718 1245 Glyceram
752 1199 927 1230 amatam
961 1206 1053 1231 cum
1086 1193 1236 1232 iterum
1265 1201 1428 1233 vacaret
1468 1207 1606 1233 amore

257 1263 468 1314 Tibullus,
515 1278 601 1304 non
639 1265 777 1316 inepte
819 1267 1036 1318 suspiceris
1075 1269 1224 1321 scripta
1268 1270 1318 1308 ab
1360 1283 1409 1309 eo
1439 1271 1608 1320 Elegidia

257 1343 340 1382 libri
365 1344 508 1395 apiarii,
553 1339 624 1380 ubi
655 1339 858 1392 Sulpiciae
893 1348 933 1380 et
962 1340 1148 1381 Cerinthi
1179 1357 1338 1383 amores
1378 1343 1606 1397 depingun-

257 1427 336 1458 tur.
393 1418 504 1456 Haec
529 1416 637 1455 0111111
665 1424 746 1455 13111
776 1416 948 1468 pulchra
980 1425 1087 1466 sunt,
1121 1417 1470 1471 quemadmodum
1498 1420 1606 1459 infra

256 1493 437 1544 videbis,
476 1500 520 1532 ut
550 1492 583 1531 si
613 1505 696 1531 11011
730 1492 932 1531 haberent
965 1493 1178 1531 Tibullum
1209 1501 1440 1543 auctorem,
1482 1496 1608 1535 alium

258 1585 420 1613 necesse
453 1579 556 1611 esset
585 1577 763 1610 statuere
792 1577 881 1608 tum
906 1569 1057 1608 vixisse
1087 1570 1242 1621 pariter
1271 1571 1478 1622 egregium
1507 1584 1608 1623 poe-

256 1656 340 1688 tam
387 1645 646 1699 eundemque
688 1645 857 1684 Tibullo
900 1644 1166 1684 simillimum.
1237 1645 1369 1684 Immo
1417 1647 1608 1686 Tibullus

256 1723 426 1776 scripsit,
457 1731 501 1762 ut
534 1736 625 1762 cum
654 1721 863 1775 plerisque
891 1721 990 1761 viris
1021 1720 1150 1760 doctis
1178 1719 1338 1762 iudico:
1370 1723 1487 1774 copia
1517 1736 1609 1762 sen-

255 1801 475 1839 tentiarum
500 1800 621 1852 plane
647 1797 953 1838 accommodata
977 1796 1252 1849 magnitudini
1278 1800 1517 1849 carminum,
1547 1799 1610 1839 vis

255 1877 394 1929 paullo
425 1875 563 1916 minor
602 1889 727 1928 quam
767 1877 837 1914 ubi
873 1888 969 1915 suos
1007 1875 1135 1927 ipsius
1168 1888 1328 1914 amores
1368 1877 1497 1925 cauit,
1539 1874 1610 1915 sed

257 1953 351 1991 satis
390 1964 565 1991 nervosa
610 1958 648 1989 et
693 1957 934 2001 argumento
981 1953 1099 2001 apta‘,
1147 1949 1388 2002 compositio
1431 1952 1608 2003 partium

256 2027 554 2080 pulcherrima,
583 2024 706 2066 dictio
739 2027 1000 2066 Tibulliunae
1034 2026 1253 2065 simillima.
1313 2025 1383 2065 Bis
1415 2035 1608 2078 expertus

258 2102 467 2155 perfidiam
498 2087 729 2156 puellarum
759 2102 933 2151 levium,
970 2115 1079 2141 nunc
1110 2116 1207 2141 vere
1241 2101 1414 2140 amantis
1448 2102 1608 2153 puellae

259 2178 444 2216 sensibus
471 2176 764 2217 adumbrandis
792 2177 974 2217 animum
996 2184 1166 2217 recreat.
1224 2176 1311 2216 Nec
1341 2175 1485 2216 dubito
1517 2191 1609 2215 cum

258 2254 408 2293 Vossio
438 2255 629 2306 epistolas
662 2254 893 2303 amatorias,
925 2267 1030 2307 quae
1061 2254 1103 2292 in
1131 2253 1228 2292 Vita
1258 2253 1427 2306 antiqua
1454 2253 1609 2292 'Iibulli

258 2327 489 2376 laudantur,
517 2328 590 2367 has
618 2330 728 2381 ipsas
759 2329 905 2379 elegias
936 2328 1117 2378 intelligi,
1149 2335 1194 2367 ut
1224 2327 1410 2368 codicum
1439 2329 1608 2367 Wiuia-

258 2415 335 2441 nus
367 2403 415 2440 A.
446 2411 677 2442 constanter
707 2411 865 2444 tantum
894 2416 979 2441 non
1010 2416 1151 2442 omnes
1184 2403 1370 2443 nominat
1403 2403 1608 2455 epistolas.

259 2478 343 2517 Nec
374 2487 539 2518 movent
569 2493 631 2517 me
666 2488 711 2519 111
750 2480 867 2519 aliter
907 2479 1078 2519 sentiam
1118 2480 1160 2518 111
1191 2480 1286 2518 Vita
1321 2478 1477 2517 Tibulli
1510 2491 1607 2517 con-

261 2556 361 2592 fecta
392 2555 441 2592 ab
469 2539 724 2606 Hieronymo
753 2555 1044 2604 Alexandrino,
1076 2555 1145 2596 sed
1176 2555 1328 2594 nullius
1358 2552 1491 2605 pretii,
1521 2566 1606 2591 me-

259 2639 436 2670 moratae
467 2630 660 2682 cpistolae
689 2631 735 2670 ad
765 2634 982 2672 familiares
1005 2633 1185 2684 ponficae
1215 2639 1249 2670 01
1274 2642 1397 2682 prosa
1419 2629 1603 2679 scriptae,
