1721 2953
268 105 284 137 t
293 105 344 136 04
574 95 719 137 COMh
725 98 945 139 usNsAR.
973 100 1033 139 IN
1064 101 1292 143 'l'lBULLI

270 222 329 255 per
353 222 389 244 se
415 220 479 244 non
506 219 602 242 esse:
642 209 735 244 adire
771 222 857 247 eum.
906 213 985 257 Ego
1012 218 1124 249 tamen
1155 216 1283 251 dictum
1309 219 1412 253 credo
1438 230 1488 264 pr.
1517 221 1607 256 adite

267 288 331 318 me,
355 277 490 309 domum
516 286 626 309 meam
651 276 875 322 frequentate,
901 281 944 315 cf.
970 282 1012 316 ad
1038 282 1066 325 Ι,
1091 286 1124 326 6,
1153 286 1208 319 17.
1234 289 1268 318 et
1293 296 1398 329 aegre
1421 288 1607 323 concedam

268 346 439 378 celebrare
472 344 671 388 magistrum
706 357 802 380 esset
837 349 982 392 probare
1017 354 1053 384 et
1089 352 1218 394 eligere
1244 353 1443 396 magistrum
1467 355 1531 387 nisi
1556 366 1606 398 pr.

267 411 360 444 adire
386 410 526 444 dicatur.
576 411 671 444 Talis
697 423 778 446 vero
802 424 922 448 sensus
944 414 998 449 hic
1023 417 1214 459 requiritur.
1240 436 1287 442 —-
1322 419 1436 452 male
1461 418 1607 464 habet,

268 478 366 507 »exat
389 477 624 518 repugnantia.
648 495 695 502 —
720 478 762 511 V.
788 482 833 512 77
859 490 932 523 sqq.
984 481 1095 514 Ducta
1120 483 1230 517 oratio
1257 494 1276 516 a
1302 484 1521 519 similitudine
1546 496 1607 520 eo-

264 550 358 582 rnm,
399 540 523 583 quide
548 542 620 575 iure
646 544 907 586 respondebant.
957 547 1118 580 Ceterum
1155 551 1314 592 sperni
1351 551 1525 594 proprium
1564 551 1607 584 de

263 607 464 649 amantibus,
489 609 546 650 qui
571 608 800 653 fastidiuntur,
825 611 868 644 cf.
890 612 996 646 Ov11›.
1021 614 1130 647 Amm.
1156 613 1219 656 111,
1243 618 1277 657 6,
1302 618 1360 649 65.
1385 616 1527 650 Heroid.
1547 617 1608 660 lv,

265 677 344 708 168.
381 675 620 711 BRoncKnns.
646 675 708 711 hoc
734 678 822 712 loco.
850 696 894 704 —
932 679 1176 723 ferentem,
1216 692 1281 715 non
1315 687 1368 717 est
1401 683 1607 727 afferentem

265 741 362 782 aliis,
399 752 475 775 nam
502 741 535 775 hi
565 746 699 786 poetam
724 744 871 786 adeunt,
910 754 978 778 nou
1011 749 1113 789 poeta
1140 747 1211 780 adit
1237 758 1317 790 eos,
1352 748 1412 782 sed
1429 748 1608 794 ferentem

264 818 413 844 mecum,
453 812 491 840 ut
526 807 742 851 thesaurum‘,
779 809 976 843 habentem.
1025 799 1309 857 ApudemDAR.
1337 815 1435 849 Nem.
1463 816 1525 859 III,
1548 820 1606 850 30.

262 870 385 906 habes:
411 872 539 918 ἔρωτας
555 877 673 920 ᾳέρειν,
699 883 733 911 et
750 876 865 912 Isthm.
885 878 912 920 Ῑ,
933 881 996 913 40:
1024 876 1086 923 νόῳ
1109 877 1328 926 προμάθειαν
1349 884 1467 927 φέρειν,
1491 894 1607 918 secum

264 939 353 973 serre
379 944 414 974 et
438 940 585 984 habere,
620 944 903 986 quemadmodum
928 946 1044 980 Isthm.
1071 948 1130 990 Vl,
1152 950 1218 982 22:
1254 946 1344 991 ι’ίγειν
1370 946 1513 994 ribah,
1548 950 1607 984 ubi

263 1005 339 1039 vide
365 1008 616 1042 annotationem
642 1013 802 1044 nostram.
827 1030 873 1035 -—
910 1011 1068 1045 sedula
1106 1013 1258 1056 turba,
1293 1014 1456 1048 officiosa.
1507 1015 1607 1058 Vide,

262 1083 363 1115 quem
388 1074 546 1117 laudant,
572 1077 792 1110 GRoNova
819 1079 852 1112 in
878 1079 1072 1113 Ob5ervatt.
1098 1080 1126 1122 Ι,
1151 1083 1208 1114 23.
1233 1099 1280 1105 -
1316 1081 1544 1125 Deducat,
1569 1086 1608 1116 ut

262 1150 338 1173 eum
372 1141 429 1182 qui
465 1140 508 1173 de
540 1142 613 1174 iure
642 1142 827 1186 respondet
851 1143 994 1177 clientes
1022 1145 1148 1188 aliique
1174 1146 1314 1180 iuvenes
1341 1146 1472 1180 nobiles
1498 1147 1606 1181 dedu-

260 1210 341 1240 cunt
373 1207 406 1240 in
439 1207 550 1242 forum
586 1212 621 1242 et
654 1220 673 1243 e
707 1209 781 1243 soro
816 1210 964 1244 domum.
1014 1211 1161 1245 Omnino
1186 1216 1320 1246 constat
1345 1213 1456 1247 locum
1481 1211 1606 1247 habere

260 1272 420 1314 verbum,
455 1273 512 1305 ubi
538 1275 637 1308 amici
662 1279 720 1308 aut
746 1278 893 1321 populus
920 1277 1023 1311 officii
1049 1289 1153 1312 causa
1177 1280 1383 1313 comitantur
1407 1280 1515 1314 virum
1540 1281 1604 1314 ali-

259 1347 359 1379 quem
380 1338 556 1380 insignem.
603 1340 690 1374 Cum
711 1341 851 1375 Tibullo
875 1342 1055 1376 conferunt
1074 1343 1228 1378 CALLIM.
1251 1345 1448 1387 Fragment.
1473 1357 1505 1388 p.
1522 1346 1605 1378 420.

258 1404 372 1437 Bentl.
398 1402 570 1449 Γηράσκει,
594 1403 626 1438 δ’
652 1402 668 1438 ὁ
692 1409 797 1451 γέρων
822 1416 928 1445 κεῖνος
951 1407 1185 1454 ἐλαφρότερον,
1211 1411 1326 1456 κοῦροι
1345 1409 1405 1444 τόν
1426 1412 1604 1452 φιλέουσιν,

257 1468 309 1503 ἑὸν
337 1473 375 1504 δέ
409 1486 466 1511 μιν
491 1470 545 1505 οἷα
572 1475 678 1518 ’[οκῆα
697 1458 816 1519 γχειρός
841 1473 891 1509 ἐπ’
915 1479 1037 1521 οὶκείην
1068 1475 1166 1523 ἄχρις
1191 1475 1311 1521 ἄγουσι
1341 1477 1474 1524 θύρην,
1513 1481 1603 1514 unde

258 1542 371 1571 tamen
410 1539 586 1573 Romanus
627 1544 731 1584 poeta
770 1552 830 1574 sua
868 1553 935 1576 non
982 1542 1101 1577 hausit.
1173 1544 1330 1578 Tibullus
1370 1546 1603 1580 Romanorum

259 1606 415 1649 publicos
447 1617 559 1640 mores
593 1611 672 1640 ante
704 1609 821 1641 oculos
854 1608 976 1651 habet,
1019 1613 1054 1643 et
1086 1620 1162 1644 cum
1189 1612 1293 1654 vulgo
1327 1622 1348 1645 a
1371 1612 1510 1646 senibus
1535 1623 1601 1646 non

257 1671 368 1703 soleat
394 1672 464 1714 peti
490 1682 544 1705 ars
569 1673 722 1715 amandi,
760 1683 836 1708 sese
860 1679 975 1719 sperat
999 1675 1122 1710 famam
1148 1677 1182 1710 in
1205 1676 1280 1711 dies
1304 1682 1514 1712 crescentem
1539 1679 1602 1713 ha-

258 1737 436 1780 biturum3,
462 1738 688 1774 Callimachus
723 1741 859 1775 omnino
893 1741 937 1776 de
973 1743 1081 1786 probo
1117 1748 1151 1777 et
1176 1745 1359 1779 venerabili
1383 1756 1465 1780 sene
1490 1747 1602 1790 loqui-

258 1809 334 1847 tur,
366 1816 465 1848 quem
490 1806 646 1840 iuventus
671 1811 709 1840 ut
734 1812 908 1851 parentem
938 1820 1053 1843 amans
1079 1821 1179 1844 manu
1205 1810 1341 1844 domum
1368 1810 1462 1845 ducit
1485 1813 1542 1845 ubi
1569 1813 1601 1846 in

257 1869 310 1902 via
345 1870 477 1912 videat,
512 1881 555 1904 ne
587 1871 710 1915 pedem
745 1872 896 1906 offendat
928 1878 987 1907 aut
1020 1875 1148 1909 viribus
1181 1875 1397 1912 destituatur.
1446 1878 1601 1921 Denique

258 1940 297 1968 ut
322 1935 365 1969 de
390 1938 644 1971 constructione
668 1938 889 1981 grammatica
918 1939 1089 1983 dicamus,
1115 1945 1167 1974 est
1193 1941 1295 1976 lectio
1319 1946 1412 1976 certa
1438 1942 1599 1977 deducat.

255 2003 440 2036 Contendit
464 2003 675 2037 Huscnxms
699 2005 823 2039 Latine
849 2005 916 2040 dici
941 2010 1018 2041 aut:
1049 2011 1183 2051 tempus
1211 2009 1294 2050 erit,
1319 2019 1387 2051 quo
1412 2019 1467 2043 me
1492 2008 1599 2042 dedu-

255 2073 310 2103 cat
335 2070 388 2103 vel
413 2069 581 2112 deducet,
606 2075 686 2105 aut:
714 2082 789 2105 curn
817 2083 870 2106 me
896 2073 1061 2116 deducet,
1087 2080 1274 2119 censetque
1299 2077 1401 2110 etiam
1427 2075 1480 2110 hic
1506 2076 1599 2109 sutu-

253 2145 328 2169 rum
353 2137 596 2180 reponendum.
616 2137 783 2185 *Frustra
821 2140 1140 2175 WUNnssRmcmus
1170 2143 1284 2177 laudat
1307 2143 1453 2178 νικας-ιι.
1477 2143 1599 2187 Eclog.

253 2202 348 2245 VIII,
374 2207 416 2237 7:
453 2215 495 2236 en
519 2203 587 2236 erit
613 2216 770 2251 unquam
795 2206 855 2239 ille
881 2207 973 2244 dies,
1011 2209 1096 2240 milii
1131 2221 1208 2242 cum
1245 2208 1351 2242 liceat
1387 2215 1454 2243 tua
1488 2210 1599 2243 dicere

246 2270 388 2316 sacta!
436 2270 482 2304 Et
519 2272 664 2306 conferri
702 2275 802 2307 etiam
841 2279 956 2319 potest
993 2286 1012 2309 e
1047 2277 1189 2310 Graecis
1222 2276 1428 2311 Homericus
1461 2287 1597 2311 versus:

254 2336 387 2371 ἔσσεται
412 2329 524 2384 ἦμαρ,
561 2334 645 2372 ὅταν
677 2338 754 2373 ,τοτ’
779 2338 890 2386 ὄλώλῃ
919 2339 1020 2379 Ἴλιος
1055 2341 1130 2387 ἵρη,
1170 2345 1227 2375 καὶ
1251 2344 1411 2388 Πρίαμος
1435 2344 1492 2375 καὶ
1516 2339 1596 2379 λαός

252 2403 418 2442 ἐϋμμελίω
445 2401 629 2449 Πριάμοιο.
654 2425 700 2430 -
739 2408 781 2441 V.
808 2410 850 2440 81
879 2418 952 2451 sqq.
1002 2408 1219 2442 Recordatur
1242 2419 1330 2442 nunc
1355 2411 1495 2451 repente
1519 2408 1595 2442 vul-

252 2468 344 2501 neris
369 2468 580 2511 gravissimi,
612 2482 680 2513 quo
705 2472 771 2505 iam
797 2472 854 2506 diu
879 2473 1022 2508 laborat.
1072 2474 1335 2507 Conversionem
1362 2473 1594 2507 suavissimam

254 2534 423 2567 illustrant
449 2535 548 2568 simili
576 2538 774 2571 transitione
798 2538 888 2582 apud
914 2539 1056 2572 HonAT.
1081 2539 1141 2581 lv,
1168 2542 1200 2581 l,
1223 2542 1270 2573 33
1286 2550 1359 2582 sqq.
1381 2558 1426 2563 —
1453 2540 1594 2573 Mara-

255 2598 364 2632 thus.
414 2601 562 2636 Ductum
587 2613 708 2638 nomen
734 2609 887 2640 statuunt
913 2617 934 2640 a
959 2605 1165 2640 Phoenicum
1191 2607 1274 2640 urbe
1302 2605 1477 2649 Maratho,
1516 2617 1592 2641 cum
