1721 2953
588 137 830 180 TIBULLI.
1297 160 1376 189 xcv

40 262 164 295 totam
199 251 444 293 faustitatem
480 251 595 292 urbis
631 252 684 293 ad
711 254 915 307 Apollinis
950 255 1157 309 favorem,
1199 267 1239 301 et
1269 275 1378 304 com-

36 332 235 384 plectente
265 330 321 369 sic
356 329 578 381 praeterita
609 335 650 368 et
684 329 826 369 futura
865 329 931 370 dei
966 332 1165 374 beneficia
1201 337 1379 388 publica.

36 407 162 457 Igitur
189 403 306 457 prior
333 419 429 456 pars
457 404 645 457 politicas
676 413 716 444 et
743 407 907 447 bellicas
937 421 1003 448 res
1031 417 1199 463 tractat,
1238 414 1378 466 sugam

35 485 220 531 Aeneae,
267 480 490 522 adventum
527 483 573 521 in
612 482 772 524 Italiam
813 491 851 523 et
890 485 1123 540 victoriam,
1171 492 1379 547 urbesque

35 556 239 607 conditas,
282 557 461 610 denique
493 557 714 610 imperium
747 559 926 611 Romae,
967 563 1093 603 altera
1131 579 1231 606 vero
1266 568 1378 620 pacis

33 635 141 672 bona
174 642 214 672 et
243 634 424 673 faustum
454 648 609 675 annum
638 645 853 688 precatur,
893 640 1001 679 ruris
1034 643 1194 693 copias,
1232 644 1378 684 secun-

31 706 196 747 ditatem
231 717 536 760 matronarum,
577 711 725 763 gaudia
756 713 957 752 festorum
987 717 1212 768 ruralium,
1252 734 1377 773 quam

28 785 350 837 pulcherrimam
401 789 733 828 coniunctionem
779 792 1063 844 oppositarum
1105 807 1247 834 rerum
1294 795 1377 837 iam

31 874 155 913 supra
177 861 357 903 laudavi.
413 862 549 916 Atque
570 864 627 903 ita
650 866 839 905 effectum
860 865 975 907 vides
998 875 1055 918 ut,
1085 867 1184 909 dum
1206 872 1376 919 omnino

28 939 276 991 praestantia
302 939 408 979 sacri
427 940 680 992 Apollinaris
708 941 949 993 illustretur,
977 942 1101 983 simul
1126 944 1377 987 hodiernum

27 1014 174 1054 festum
213 1029 389 1056 vernum
429 1015 567 1067 ipsum
605 1025 778 1057 ornetur
818 1018 1151 1061 luculentissime.
1228 1023 1377 1063 Exitus

29 1086 206 1143 denique
239 1105 315 1143 par
344 1098 431 1130 erat
459 1098 506 1129 ut
533 1104 611 1143 pro
642 1093 783 1132 futura
815 1094 946 1144 gloria
976 1103 1015 1134 et
1042 1096 1234 1137 felicitate
1263 1099 1378 1138 Mes·

29 1165 149 1204 salini
176 1173 273 1206 vota
300 1167 474 1218 faceret3
519 1181 613 1207 cum
651 1177 788 1209 autem
821 1184 932 1210 nunc
961 1170 1014 1211 ad
1049 1174 1307 1213 consulatum
1339 1175 1377 1214 ei

30 1238 162 1280 aditus
207 1249 389 1294 pateret,
441 1240 712 1296 triumphales
753 1245 933 1285 honores
976 1244 1060 1286 iam
1105 1247 1150 1286 in
1201 1247 1374 1290 exordio

28 1316 242 1354 monstrati
278 1324 518 1356 tractantur.

110 1390 351 1431 Accedimus
373 1391 424 1431 ad
446 1396 584 1432 erotica
604 1394 784 1434 carmina
800 1395 946 1435 Deliae
966 1405 1005 1436 et
1020 1396 1187 1439 Nemesi
1209 1402 1372 1455 scripta,

25 1466 176 1520 quibus
212 1469 406 1520 proprius
445 1469 732 1509 vehementior
770 1472 955 1512 affectus.
1038 1473 1142 1514 Cum
1181 1477 1372 1517 Tibullus

24 1543 125 1584 haec
163 1545 359 1586 scriberet
398 1545 571 1588 adverso
611 1561 773 1598 amore,
815 1557 862 1588 ut
897 1560 1173 1592 commoveret
1200 1556 1373 1605 puellas,

25 1619 374 1674 quemadmodum
405 1635 530 1675 supra
566 1623 822 1674 notavimus,
861 1625 979 1665 facile
1020 1637 1226 1679 exspectes
1265 1630 1373 1671 hanc

23 1694 111 1733 sere
142 1710 250 1735 nunc
278 1697 461 1737 futuram
486 1698 688 1738 rationem
715 1701 966 1751 argumenti:
1004 1702 1208 1757 Erumpet
1235 1706 1372 1745 statim

23 1769 68 1808 in
101 1771 304 1822 principio
343 1774 512 1811 affectus
551 1774 772 1824 primarius
805 1776 1016 1826 carminis,
1057 1778 1217 1830 eritque
1249 1793 1372 1819 exor-

25 1844 139 1884 dium
168 1848 338 1898 plenum
369 1850 538 1901 querela
568 1848 722 1890 doloris
752 1859 824 1891 aut
853 1850 1068 1904 desiderii,
1105 1863 1269 1905 poetam
1298 1871 1371 1896 ur-

24 1922 176 1973 genti53
216 1930 303 1962 tum
338 1923 382 1962 in
417 1923 552 1964 medio
584 1926 763 1964 carmine
802 1923 896 1964 data
926 1940 1052 1979 opera
1090 1927 1135 1968 id
1173 1938 1282 1981 aget,
1323 1939 1371 1971 ut

23 1997 161 2036 flectat
199 1999 381 2050 puellam
421 1999 677 2051 hortatione,
726 2001 1016 2053 persuasione,
1064 2005 1370 2057 lamentatione,

22 2073 102 2125 ira,
141 2073 286 2115 minis:
328 2074 515 2115 ostendet
554 2089 771 2115 aerumnas
812 2090 905 2116 suas
946 2085 985 2117 et
1025 2079 1176 2118 amoris
1207 2081 1291 2120 vim
1322 2095 1368 2120 ac

23 2151 304 2202 constantiam,
332 2151 544 2208 promittet
568 2151 702 2191 officia
724 2166 797 2191 sua
821 2160 892 2191 aut
918 2163 1096 2206 exponet
1120 2170 1225 2209 quae
1248 2170 1369 2208 prae-

21 2227 188 2277 stiterit,
229 2227 440 2268 damnabit
467 2229 680 2270 avaritiam
710 2238 749 2269 et
779 2238 964 2270 auctores
995 2232 1209 2283 luxuriae,
1251 2248 1368 2274 exse-

23 2304 206 2343 crabitur
233 2306 369 2356 lenas,
414 2306 619 2345 nuntiabit
653 2305 849 2358 perfidiae
883 2321 1039 2359 poenas
1071 2310 1287 2360 coelestes,
1329 2319 1368 2350 et

22 2393 126 2432 quae
156 2388 253 2419 sunt
283 2382 381 2431 alia,
420 2395 472 2420 ex
500 2381 563 2420 his
593 2389 713 2420 utens
744 2396 911 2435 quoque
940 2391 1126 2436 tempore
1154 2385 1224 2434 iis,
1259 2400 1365 2439 quac

22 2455 258 2509 commoda3
295 2472 502 2512 nusquam
529 2472 628 2500 vero
659 2459 834 2512 simplex
869 2474 1009 2500 rerum
1040 2461 1142 2501 ordo
1172 2470 1252 2512 est,
1294 2462 1365 2502 sed

21 2545 96 2583 per
119 2531 222 2573 duos
247 2542 317 2574 aut
341 2543 423 2576 tres
450 2534 601 2588 gradus
626 2538 889 2590 provolvitur
911 2538 1093 2589 affectus,
1122 2552 1364 2591 progressus

21 2620 45 2645 a
72 2607 300 2661 principio,
337 2611 492 2666 quippe
522 2613 602 2653 alia
631 2621 753 2669 atque
783 2614 861 2654 alia
891 2622 1072 2667 tentans,
1112 2615 1211 2657 alias
1239 2623 1362 2669 atque
