1721 2953
287 147 349 194 18
699 142 939 188 'l'lBULLl
993 143 1102 188 Lm.
1131 144 1160 187 l.
1189 154 1220 186 5.

338 269 413 316 {lle
450 287 555 331 ego,
599 285 699 313 cum
736 267 848 313 tristi
886 267 1044 314 morbo
1081 267 1255 313 defessa
1294 266 1485 322 iaceres,

284 369 327 402 10
406 356 470 401 Te
507 354 634 400 dicor
669 352 781 399 votis
823 353 1039 418 eripuisse
1069 353 1203 408 meis,

332 443 519 505 Ipseque
556 451 597 485 te
634 438 801 486 circum
832 438 1013 486 lustravi
1051 438 1220 486 sulfure
1256 456 1399 502 puro,

402 525 609 572 Carmine
646 544 746 572 cum
783 525 959 588 magico
993 524 1318 589 praecinuisset
1347 541 1483 569 anus:

331 613 431 676 lpse
467 612 705 677 procuravi
742 629 797 658 ne
829 623 1013 675 possent
1047 629 1175 657 saeva
1211 628 1373 657 nocere

402 699 614 757 Somnia,
663 711 725 745 ter
762 709 915 745 sancta
952 696 1262 744 deveneranda
1298 695 1439 742 mola:

282 788 437 851 15Ipse
470 805 554 849 ego
590 785 758 832 velatus
789 784 865 831 filo
902 783 1153 848 tunicisque
1186 782 1343 829 solutis

401 876 517 920 Vota
550 891 707 919 novem
745 855 921 918 Triviae
959 883 1088 921 nocte
1119 869 1274 916 silente
1305 868 1422 916 dedi.

325 959 491 1006 Omnia
528 958 743 1024 persolvi:
797 957 961 1004 fruitur
996 975 1116 1003 nunc
1153 955 1263 1002 alter
1299 973 1476 1009 amore,

398 1046 454 1092 Et
488 1045 699 1109 precibus
730 1043 832 1090 felix
868 1044 1008 1089 utitur
1036 1042 1107 1089 ille
1142 1042 1262 1088 meis.

339 1132 397 1178 At
433 1132 543 1178 mihi
575 1130 748 1177 felicem
782 1130 940 1185 vitam,
986 1130 1020 1175 si
1060 1128 1180 1175 salva
1216 1127 1403 1182 fuisses,

280 1233 325 1264 20
403 1218 653 1281 Fingebam
690 1216 899 1272 demens,
946 1215 1026 1261 sed
1061 1226 1275 1261 renuente
1312 1213 1409 1260 deo.

336 1307 458 1350 Rura
492 1302 649 1358 colam⁷
681 1302 954 1365 frugumque
993 1301 1136 1347 aderit
1168 1318 1262 1346 mea
1301 1299 1431 1346 Delia
1469 1311 1632 1356 custos,

403 1390 521 1435 Area
559 1388 665 1433 (lum
698 1405 863 1433 messes
901 1385 992 1431 sole
1029 1385 1196 1431 calente
1232 1396 1366 1441 teret,

337 1477 427 1521 Aut
461 1474 570 1520 mihi
605 1472 797 1519 servabit
830 1471 974 1536 plenis
1013 1471 1058 1517 in
1094 1469 1303 1516 lintribus
1338 1487 1444 1515 uvas

402 1562 652 1624 Pressaque
688 1557 826 1604 veloci
863 1556 1056 1604 candida
1093 1568 1238 1603 musta
1274 1554 1414 1620 pede,

282 1649 613 1694 &Consuescet
647 1663 883 1692 numerare
927 1662 1087 1708 pecus,
1134 1653 1396 1689 consuescet
1443 1641 1631 1687 amantis

408 1732 628 1780 Garrulus
664 1732 709 1777 iu
745 1730 953 1777 dominae
991 1729 1144 1775 ludere
1181 1746 1316 1775 verna
1350 1727 1464 1774 sinu.

338 1819 418 1867 llla
456 1819 539 1865 deo
571 1818 677 1864 sciet
712 1815 933 1879 agricolae
972 1834 1055 1880 pro
1091 1815 1255 1862 vitibus
1285 1834 1440 1871 uvam,

408 1907 498 1952 Pro
535 1916 680 1967 segete
718 1903 890 1966 spicas,
938 1921 1021 1965 pro
1052 1920 1185 1964 grege
1220 1901 1334 1946 ferre
1372 1901 1544 1965 dapem.

335 1976 418 2038 'Illa
455 2001 581 2054 regat
618 2000 824 2044 cunctos,
872 1986 934 2033 illi
972 1987 1060 2032 sint
1096 1986 1244 2032 omnia
1280 2004 1436 2032 curae:

284 2094 332 2128 30
399 2078 455 2125 Et
490 2078 608 2124 iuvet
641 2076 686 2122 in
723 2087 809 2121 tota
845 2091 912 2120 me
946 2073 1057 2119 nihil
1096 2091 1189 2119 esse
1228 2072 1374 2118 domo.

338 2167 438 2212 Huc
475 2159 846 2210 veniet'Messala
883 2178 1034 2216 metm,
1079 2159 1148 2206 cui
1185 2158 1332 2205 dulcia
1369 2176 1501 2223 poma

407 2250 534 2298 Delia
573 2248 743 2296 selectis
779 2246 983 2294 detrahat
1020 2246 1283 2293 arboribus:

384 2409 424 2441 V.
446 2411 499 2439 11.
535 2412 577 2439 te
613 2412 721 2446 recte,
758 2409 794 2437 ut
824 2404 964 2437 videtur.
1017 2404 1130 2445 Vulgo
1156 2408 1209 2434 {er
1235 2404 1362 2435 incerto
1387 2404 1536 2433 auctore.

386 2480 497 2512 V.3⁴).
534 2479 625 2510 Libri
654 2477 832 2517 ddum-el,
862 2476 961 2508 brim
988 2475 1040 2508 Al
1067 2476 1184 2516 iar—el,
1222 2474 1311 2516 quod
1339 2474 1484 2506 restituit
1511 2474 1632 2505 Lirn-

290 2556 446 2579 mmx‘mrs.
500 2544 610 2583 vulgo
629 2542 681 2573 Et
708 2543 828 2573 iuvet
854 2542 983 2574 incerto
1004 2545 1154 2581 auctore,
1178 2551 1262 2581 quae
1283 2540 1407 2581 optima
1427 2541 1633 2580 coniectura,

289 2616 407 2654 utpote
437 2611 468 2641 ἰ11
494 2607 743 2640 continuatione
772 2608 970 2639 sententiae.
