1721 2953
264 112 317 146 86
578 104 948 147 COMMENTAR.
977 107 1036 148 ΙΝ
1066 109 1297 150 TlBULLI

616 343 1066 391 ELEGIA
1162 347 1248 391 lv.

732 651 1140 695 INTRODUCTIO.

258 793 482 860 Tibullum,
516 829 585 862 quo
619 800 775 863 tempore
806 818 942 852 Deliam
972 817 1126 859 amabat,
1161 818 1238 851 aliis
1271 827 1412 852 vacasse
1437 817 1609 852 amoribus

262 883 403 916 minime
425 883 603 927 probabile
637 889 709 925 est3
745 889 815 917 tam
850 883 1028 917 ardentem
1061 885 1121 918 ille
1156 889 1193 917 et
1223 890 1439 919 constantem
1473 885 1609 929 puellae

262 960 348 983 suae
372 950 486 994 prodit
510 961 660 984 amorem
684 956 723 984 ut
746 951 904 984 iniuriam
937 951 969 984 ei
1001 951 1128 993 facias,
1159 952 1190 984 si
1221 949 1287 985 boc
1321 955 1474 996 tempore
1504 951 1609 985 alium

260 1014 452 1048 huiusmodi
486 1016 596 1049 lusum
623 1016 669 1049 ab
692 1027 735 1050 eo
758 1016 867 1049 foveri
891 1020 928 1050 et
951 1017 1027 1050 cani
1055 1017 1209 1060 potuisse
1240 1016 1381 1058 credas,
1416 1017 1474 1059 qui
1505 1017 1609 1050 etiam

259 1081 293 1113 in
318 1079 462 1113 discidio
487 1090 555 1113 non
580 1081 731 1124 potuerit
753 1080 926 1114 dimittere
950 1081 1088 1124 puellae
1111 1082 1356 1123 cogitationem
1382 1081 1430 1124 (1,
1456 1081 1514 1124 5).
1561 1083 1609 1115 At

260 1151 440 1189 postquam
466 1152 659 1180 cessaverat
687 1148 809 1181 Deliae
832 1157 948 1189 amor,
984 1158 1112 1180 vacuus
1144 1147 1342 1181 melioribus
1377 1148 1532 1182 sensibus
1564 1149 1609 1182 ad

260 1210 397 1244 frivolas
419 1222 474 1244 res
499 1211 660 1256 delapsus
684 1217 756 1254 est,
789 1217 826 1246 et
848 1217 886 1246 ut
907 1213 995 1246 infra
1018 1224 1050 1248 v,
1075 1216 1132 1248 74.
1157 1213 1288 1247 Titium
1313 1215 1433 1257 fingit,
1470 1225 1549 1248 cum
1573 1215 1608 1249 in

260 1277 395 1320 puellae
419 1287 569 1310 amorem
594 1277 770 1319 inciderit,
794 1288 815 1310 a
839 1287 1024 1321 puerorum
1041 1278 1286 1312 cousuetudine
1309 1283 1509 1322 avocatum,
1534 1281 1608 1324 ipse

260 1351 337 1375 cum
362 1343 508 1385 puellam
533 1352 600 1374 non
626 1341 788 1383 haberet,
812 1343 847 1375 in
871 1343 969 1386 pueri
992 1353 1127 1376 amores
1150 1344 1287 1386 incidit,
1320 1354 1366 1377 ex
1389 1355 1458 1387 quo
1480 1354 1607 1387 genere

263 1409 330 1441 tria
359 1409 508 1442 carmina
531 1408 655 1441 adsunt
679 1409 830 1451 eleganti
855 1408 1004 1442 dictione
1028 1410 1222 1453 conspicua.
1269 1409 1357 1443 Nam
1384 1411 1485 1453 plazze
1509 1411 1608 1444 fictos

260 1485 336 1507 esse
362 1473 422 1506 bos
446 1484 579 1507 amores
605 1474 743 1508 minime
766 1473 931 1508 credibile
954 1475 989 1507 in
1017 1475 1074 1507 tali
1098 1478 1222 1518 poeta,
1252 1475 1312 1518 qui
1336 1473 1439 1516 nihil,
1473 1476 1606 1520 opinor,

260 1540 377 1572 fictum
402 1538 446 1572 de
470 1549 508 1572 se
533 1539 676 1580 cecinit,
700 1538 761 1572 sed
785 1538 849 1571 suit
872 1543 1008 1582 tempus
1031 1539 1140 1581 vitae,
1165 1539 1257 1582 quod
1280 1545 1482 1583 argumenta
1506 1551 1606 1584 prae-

261 1605 360 1636 beret
385 1603 435 1636 his
460 1605 593 1650 elegiis.
653 1606 715 1638 Sic
746 1605 782 1637 in
814 1605 995 1649 proposito
1026 1606 1178 1640 carmine
1208 1617 1288 1641 cum
1320 1606 1470 1641 Marathi
1501 1609 1606 1652 profi-

261 1676 375 1705 teatur
398 1682 567 1713 amorem,
592 1671 658 1704 fuit
682 1673 713 1705 ei
738 1671 829 1705 haud
852 1672 956 1705 dubie
978 1676 1053 1705 tum
1078 1683 1175 1706 amor
1197 1675 1294 1718 pueri
1316 1675 1492 1709 cuiusdam
1515 1676 1607 1709 diffi-

261 1740 358 1780 ciiis,
390 1750 459 1782 quo
484 1745 670 1784 occupatus
695 1738 781 1773 hanc
806 1744 916 1773 artem
939 1740 1076 1773 amandi
1098 1741 1255 1784 scripsit,
1280 1752 1344 1776 nec
1366 1744 1467 1776 aliter
1490 1755 1528 1778 se
1553 1755 1607 1779 res

261 1804 362 1837 habet
385 1805 421 1838 in
444 1806 578 1839 ceteris.
626 1805 699 1839 Sed
722 1807 860 1840 nomina
884 1815 952 1839 non
975 1817 1155 1850 curamus,
1178 1819 1253 1843 rem
1275 1814 1471 1853 spectamus
1494 1813 1606 1846 unice.

262 1870 366 1906 Quod
406 1871 512 1913 igitur
548 1869 763 1913 Marathum,
812 1874 870 1915 qni
902 1873 1004 1916 Eleg.
1036 1872 1100 1914 IX,
1135 1876 1194 1908 69.
1249 1874 1405 1909 Pholoen
1438 1877 1605 1918 quandam

260 1942 372 1978 amat,
398 1937 525 1978 Cyrum
549 1937 699 1970 nonnulli
722 1944 929 1972 censuerunt
950 1939 1176 1973 Horatiauum
1202 1950 1278 1974 esse
1303 1941 1405 1983 (Hon
1415 1953 1465 1975 ιτ,
1486 1942 1514 1983 1,
1528 1944 1606 1986 33),

259 2000 364 2034 fidem
390 2001 603 2044 denegarunt
626 2001 704 2036 huic
728 2005 946 2038 coniecturae
971 2006 1037 2039 iam
1062 2007 1141 2048 alii3
1166 2011 1247 2040 sunt
1270 2006 1356 2041 haec
1380 2009 1516 2051 poetica
1539 2020 1606 2042 no-

259 2068 362 2108 mina,
387 2073 426 2100 ut
450 2068 557 2108 Delia,
583 2067 750 2110 Nemesis,
776 2069 934 2111 Cynthia,
964 2075 1017 2104 tot
1041 2072 1118 2105 alia.
1176 2072 1264 2106 Post
1289 2071 1374 2106 haec
1399 2074 1538 2117 propius
1561 2074 1605 2108 ad

260 2139 496 2175 argumentum
521 2135 654 2177 elegiae
676 2137 850 2179 sequentis
873 2137 1078 2171 accedimus.
1125 2138 1356 2173 Introitus
1379 2139 1423 2173 ad
1442 2141 1605 2185 Priapum

262 2203 325 2239 est,
349 2199 407 2240 qui
428 2198 470 2232 de
489 2200 661 2233 amoribus
682 2211 866 2245 puerorum
888 2203 1088 2245 consulitur,
1112 2215 1180 2246 qua
1200 2206 1333 2239 ratione
1351 2206 1509 2250 capiendi
1525 2208 1603 2241 sint.

262 2264 482 2307 Sequitur
506 2266 672 2300 deinde
698 2267 768 2301 dei
796 2269 956 2302 oratio.
1004 2273 1055 2303 Ac
1080 2271 1226 2313 primum
1246 2270 1301 2304 hic
1322 2273 1484 2314 generale
1502 2282 1602 2315 prae-

262 2335 398 2373 ceptum
422 2331 480 2363 dat
504 2336 542 2364 nt
566 2334 818 2375 perseverantia
841 2334 951 2375 adsit3
975 2345 1077 2378 posse
1100 2336 1165 2368 etsi
1188 2336 1298 2379 primo
1323 2340 1447 2379 neget,
1470 2335 1603 2368 diutur—

260 2395 357 2428 niore
379 2396 494 2429 studio
519 2397 607 2430 zinci
632 2408 789 2441 puerum,
811 2399 842 2432 si
865 2409 932 2432 non
956 2398 1074 2432 tardus
1097 2401 1146 2433 sis
1169 2410 1234 2434 nee
1254 2401 1394 2434 omittas
1417 2399 1601 2443 quidquam

260 2461 352 2504 quod
389 2468 630 2506 opportunum.
680 2465 812 2499 Deinde
846 2465 890 2498 ad
914 2466 1078 2510 specialia
1101 2476 1306 2510 progressus
1338 2465 1423 2500 duas
1456 2468 1602 2500 maxime

262 2537 316 2559 res
340 2528 552 2561 commendat
579 2535 613 2561 et
640 2531 878 2572 persequitur,
916 2529 1116 2572 obsequium
1139 2535 1176 2578 et
1199 2530 1380 2564 blanditias
1406 2533 1600 2566 carminum.

260 2592 396 2626 damnat
421 2604 502 2627 vero
529 2605 679 2635 munera,
704 2606 780 2630 cum
803 2596 883 2630 nihil
909 2598 1041 2640 turpius
1065 2598 1108 2629 sit
1133 2597 1272 2630 avaritia
1299 2607 1491 2640 puerorum.
1542 2597 1599 2630 Fi-
