1721 2953
487 171 628 210 ΗΒΕ.
659 171 687 209 Ι.
747 168 906 211 [LEO.
935 171 1027 210 VH,
1346 174 1422 211 ΗΓ

82 288 182 321 latum
208 287 360 321 absentia
386 296 446 320 sua
480 295 542 330 per
575 290 643 318 tres
677 295 801 326 annos,
841 285 872 318 d.
898 285 1025 320 XXIV.
1052 286 1139 330 Sept
1166 312 1173 326 ,
1210 285 1251 319 cf.
1279 284 1421 320 Nomsxr

82 351 268 396 Cenotapli.
296 352 408 385 Pisan.
434 351 576 384 Dissert.
605 350 648 391 ΙΙ,
678 360 707 384 c.
740 352 793 383 16.
818 351 850 391 §-
876 354 908 384 7.
959 351 1034 384 Non
1069 350 1127 384 diu
1165 355 1242 395 post
1266 351 1337 386 dies
1362 363 1422 385 na-

82 417 158 450 talis
183 417 255 450 eius
287 416 425 456 incidit⁷
459 420 496 448 ut
522 415 673 455 videtur,
708 415 804 448 cuius
829 415 1022 449 solennibus
1047 417 1256 451 celebrandis
1295 418 1424 462 scripta

81 488 132 518 est
157 483 330 527 proposita
363 483 481 526 elegia.
533 483 645 525 Atque
678 480 763 515 haec
795 492 838 515 ex
874 480 1013 516 historia
1046 485 1230 529 repetenda
1266 484 1421 519 fuerunt:

81 550 254 582 videamus
278 559 366 582 nunc
389 559 525 582 carmen
550 549 672 593 ipsum.
721 548 808 582 Cum
834 550 985 582 natalitia
1010 551 1180 585 Messalae
1205 557 1361 596 agantur,
1388 558 1426 586 ut

81 613 170 655 dixi,
197 615 269 647 iure
293 614 424 648 orditur
448 618 549 658 poeta
573 615 607 647 in
632 614 867 658 principio
896 615 939 647 ab
964 615 1036 659 ipsa
1060 618 1212 660 proxima
1240 622 1273 652 et
1298 629 1426 652 summa

82 679 182 713 laude
207 680 295 721 diei,
331 691 351 714 a
384 681 525 714 victoria
553 681 751 723 Aquitanica
786 685 865 715 ante
901 685 971 715 tres
1002 693 1108 716 annos
1133 683 1197 718 hoc
1230 684 1284 718 die
1308 696 1428 730 repor«

82 751 172 789 tata3
197 757 272 780 nam
297 748 328 780 in
353 748 411 781 tali
437 748 591 781 natalitio
617 749 767 790 carmine
796 749 870 781 iure
895 749 1040 792 primum
1065 750 1177 783 locum
1202 755 1347 795 occupat
1371 761 1429 784 sa-

84 814 206 846 lutatio
232 813 299 846 diei
328 813 422 858 ipsa,
459 814 531 847 sive
557 813 774 856 generalibus
800 812 913 846 verbis
938 814 1066 855 utaris,
1100 815 1170 848 sive
1198 826 1259 859 pro
1285 825 1429 858 genera-

82 878 156 911 liori
182 878 280 911 laude
305 879 466 922 specialia
491 878 698 920 substituas,
722 879 750 911 si
775 878 918 921 adsunt,
953 884 990 912 ut
1016 878 1069 913 hic
1096 880 1231 915 factum.
1282 882 1321 915 In
1347 892 1430 915 me-

83 943 157 976 dia
191 947 321 986 parte
354 954 435 978 vero
468 945 602 987 elegiae
636 947 759 977 tractat
794 949 926 978 ceteras
951 955 1005 978 res
1038 950 1155 989 postea
1181 957 1199 979 a
1224 947 1372 980 Messala
1397 949 1431 980 iu

83 1009 164 1042 Asia
188 1013 223 1043 et
251 1010 411 1053 Aegypto
436 1014 574 1052 gestas,
613 1014 648 1043 et
681 1008 742 1043 has
770 1010 905 1052 quidem
940 1011 1009 1044 alio
1034 1011 1137 1045 modo
1161 1022 1261 1054 quam
1288 1013 1433 1055 Aquita-

84 1077 179 1116 nica3
215 1086 325 1119 neque
350 1076 439 1110 enim
464 1077 602 1119 singula
623 1076 714 1110 facta
739 1077 912 1110 Messalae
939 1075 992 1110 hic
1018 1082 1152 1120 narrat,
1186 1077 1247 1111 sed
1272 1078 1431 1121 regiones

86 1144 246 1185 celebrar,
272 1154 355 1186 quas
379 1144 590 1188 composuit3
615 1145 648 1177 in
674 1155 742 1187 quo
769 1145 911 1177 observa
937 1143 1111 1188 pulchram
1139 1145 1279 1178 formam
1304 1149 1432 1179 tracta-

86 1210 195 1244 tionis.
253 1210 401 1243 Bellicas
425 1220 480 1243 res
505 1213 585 1243 ante
611 1209 735 1243 cecinit
759 1214 921 1251 quantum
949 1220 1056 1254 opuS,
1094 1214 1129 1243 at
1155 1221 1215 1254 per
1242 1215 1351 1244 totum
1377 1221 1433 1243 re-

87 1279 214 1320 liquum
255 1288 393 1310 carmen
426 1278 518 1310 mitis
551 1277 678 1310 Tibulli
709 1277 811 1309 Musa
846 1276 1042 1309 continuare
1078 1277 1158 1309 talia
1190 1287 1255 1310 non
1289 1281 1434 1321 poterat.

89 1343 208 1378 Quare
235 1342 393 1386 sepositis
418 1341 622 1375 militaribus
654 1341 757 1374 rebus
781 1352 870 1374 nunc
895 1346 1052 1385 pacatum
1085 1346 1211 1376 statum
1238 1342 1354 1377 harum
1380 1353 1435 1377 re-

86 1409 224 1451 gionum
259 1408 438 1442 adumbrat
467 1412 500 1442 et
526 1408 620 1452 pacis
647 1408 754 1441 laetas
781 1408 947 1451 imagines
974 1406 1114 1442 exhibet
1140 1413 1175 1442 et
1199 1410 1343 1443 rusticas
1368 1420 1433 1448 res,

86 1475 133 1507 ita
158 1474 323 1508 adornato
354 1475 451 1508 simul
486 1477 559 1508 toto
593 1479 816 1518 argumento,
851 1478 890 1507 ut
920 1474 1089 1517 gradatim
1115 1480 1248 1510 crescat
1272 1477 1362 1510 laeta
1387 1477 1435 1510 vis

86 1544 140 1582 et,
174 1545 213 1573 ut
246 1541 293 1573 ita
328 1540 462 1584 dicam,
499 1542 752 1585 magnificentia
778 1541 1028 1585 descriptionis,
1085 1542 1197 1585 Igitur
1221 1542 1375 1577 Ciliciam
1401 1548 1435 1577 et

85 1607 220 1650 Syriam
248 1607 381 1641 brevius
406 1608 528 1650 tangit,
555 1609 750 1652 Aegyptum
775 1618 857 1642 vero
883 1609 1205 1652 praestantissimam
1230 1611 1437 1654 provincIam

87 1674 201 1706 multis
226 1674 338 1707 verbis
363 1673 550 1717 praedicat.
600 1673 699 1706 Haec
727 1677 798 1714 est,
824 1673 891 1714 ait,
915 1673 974 1706 illa
998 1677 1109 1716 terra,
1135 1674 1192 1707 ubi
1218 1674 1317 1708 Nilus
1342 1675 1438 1708 miri-

88 1740 153 1772 fiee
179 1738 338 1772 fecundat
364 1750 485 1782 agr05‚
512 1739 568 1771 ubi
594 1739 704 1772 Osiris
728 1743 879 1772 aratrum
903 1740 1031 1772 invenit
1056 1744 1090 1773 et
1114 1740 1272 1774 arborum
1299 1741 1439 1775 vitium-

90 1815 156 1846 que
184 1806 362 1839 culturam.
421 1807 595 1841 Quorsum
631 1804 744 1839 haec?
794 1807 883 1842 Quia
919 1806 1095 1850 fertilitas,
1134 1806 1253 1840 horrea
1289 1809 1436 1852 Aegypti

89 1872 267 1904 utilissima
293 1876 388 1905 erant
414 1872 601 1914 Romanis,
637 1877 675 1905 ut
707 1877 861 1915 constat,
898 1877 932 1906 et
964 1873 1103 1907 maximi
1133 1874 1254 1917 pretii:
1293 1879 1331 1907 ut
1355 1873 1435 1907 nihil

90 1939 224 1971 suavius
250 1940 294 1971 sit
319 1937 369 1971 his
394 1938 496 1971 rebus
521 1938 553 1970 in
577 1937 749 1971 Messalae
775 1938 897 1980 laude,
923 1939 980 1981 qui
1006 1938 1175 1972 ordinavit
1197 1939 1437 1973 fertilissimam

92 2005 307 2049 provinciam.
356 2004 428 2038 Sed
461 2004 608 2038 nondum
647 2005 753 2038 habes
789 2006 912 2039 omnia.
963 2005 1152 2048 Postquam
1178 2005 1265 2038 enim
1291 2004 1334 2038 de
1358 2004 1438 2038 Nilo

92 2070 294 2104 fecundante
330 2075 364 2104 et
388 2072 563 2104 inventore
589 2072 820 2115 agriculturae
844 2072 982 2106 Osiride
1015 2072 1121 2114 dixit,
1161 2072 1305 2116 amplius
1330 2073 1439 2105 conti-

92 2139 172 2169 nuat
196 2134 341 2169 Osiridis
366 2136 520 2179 laudem,
557 2140 659 2180 atque
694 2138 796 2171 etiam
833 2142 968 2171 ceteros
993 2148 1107 2171 mores
1138 2139 1211 2171 eius
1246 2138 1440 2181 praeclaros

94 2203 330 2246 persequitur;
368 2204 556 2237 simillimus
582 2203 719 2238 Baccho
744 2205 828 2238 deus
854 2206 967 2239 viuum
993 2206 1140 2247 invenit,
1168 2204 1310 2248 choros,
1335 2206 1441 2248 iocos,

94 2269 259 2312 ludosque
292 2274 382 2303 amat
418 2274 453 2303 et
487 2270 587 2303 flores
624 2275 660 2304 et
685 2271 799 2303 tibiam
829 2275 863 2303 et
900 2275 1074 2304 crocotam
1100 2271 1291 2314 Tyriasque
1318 2275 1440 2307 vestes.

96 2336 267 2370 Quorsum
293 2345 381 2368 nuuc
409 2333 493 2368 llaec
518 2335 708 2368 dicuntur?
756 2336 889 2379 Nempe
916 2335 968 2370 Ιιίο
996 2337 1068 2380 ipse
1098 2336 1300 2371 laetissimus
1324 2337 1442 2370 dator-

97 2412 162 2444 que
194 2403 344 2436 laetitiae
377 2400 461 2435 deus
496 2402 717 2445 praeclarus,
758 2404 921 2447 Aegypto
949 2405 980 2437 in
1014 2405 1219 2448 provinciam
1252 2406 1442 2439 Romanam

99 2469 252 2510 redacta,
286 2469 434 2502 Romani
459 2469 592 2512 imperii
628 2472 680 2502 est
706 2469 817 2503 factus
853 2474 888 2504 et
913 2481 1000 2504 nunc
1027 2471 1191 2504 Romanis
1217 2471 1316 2504 rebus
1341 2470 1443 2509 favet„

99 2539 134 2567 et
157 2534 502 2587 Romanorunrfesta
529 2534 684 2575 ornabit,
718 2534 864 2578 ideoque
898 2536 1011 2570 statim
1044 2536 1088 2570 ad
1122 2535 1204 2570 llaec
1236 2537 1309 2580 ipsa
1343 2547 1443 2580 prae—

100 2601 207 2634 sentia
232 2612 325 2635 sacra
352 2606 512 2643 vocatur,
551 2607 589 2635 ut
626 2607 703 2646 post
739 2602 926 2636 ordinatam
962 2603 1107 2637 feliciter
1139 2604 1346 2647 provinciam
1373 2603 1443 2646 pri-

101 2679 187 2702 mum
217 2668 433 2702 concelebret
458 2669 605 2702 Genium
632 2669 704 2708 viri,
731 2670 786 2713 qui
814 2669 980 2703 ordinavit
1007 2681 1090 2711 eam,
1117 2676 1149 2703 et
1180 2671 1265 2703 ludis
1292 2670 1442 2703 choreis«

990 2737 1069 2775 10*
