1721 2953
461 102 703 150 TIBULLI
752 103 861 148 Lffl.
893 103 945 148 ΙΙ.
972 111 1005 148 5.
1345 104 1406 147 55

120 232 235 292 (Hae
270 229 364 275 sore
400 227 609 274 dixerunt
642 225 748 273 belli
785 226 900 272 mala
937 227 1065 289 sigua
1102 237 1326 281 cometen,

184 314 353 362 Multus
389 325 439 360 ut
470 314 519 360 in
555 324 696 360 terras
731 312 1048 378 deplueretque
1083 312 1215 377 lapis:

117 403 261 466 Atque
293 399 425 448 tubas
454 411 585 465 atque
622 418 745 446 arma
778 399 926 445 serunt
962 398 1240 463 strepitantia
1270 397 1391 446 eaelo

183 486 352 534 Audita
388 498 429 533 et
461 485 586 533 lucos
622 485 927 550 praecinuisse
965 485 1143 548 sugam:

65 575 276 639 751psum
311 573 442 620 etiam
478 571 629 620 Solem
667 571 888 618 defectum
925 571 1093 618 lumine
1130 570 1238 617 vidit

189 661 380 722 Iungere
417 657 633 724 pallentes
669 657 852 704 nubilus
887 676 1031 704 annus
1069 675 1207 722 equos

114 745 170 791 Et
205 744 445 792 simulacra
481 744 613 791 deum
650 743 855 791 lacrimas
886 743 1058 790 fudisse
1088 754 1284 807 tepentes

184 832 385 896 Fataque
415 831 588 878 vocales
620 829 959 896 praemonuisse
994 829 1153 893 boves)

124 918 241 964 Haec
277 916 456 964 fuerant
492 916 621 963 olim:
653 916 732 963 sed
764 928 810 962 tu
846 915 933 962 iam
970 915 1110 972 mitis⁷
1156 913 1345 978 Apollo,

71 1014 117 1048 80
191 1003 408 1067 Prodigia
444 1003 675 1050 indomitis
708 1021 859 1065 merge
896 1002 980 1048 sub
1018 1000 1312 1066 aequoribus,

118 1088 172 1134 Et
207 1107 421 1136 succensa
457 1089 595 1136 saeris
633 1089 815 1153 crepitet
855 1088 970 1135 bene
1006 1087 1157 1134 laurea
1194 1086 1411 1143 flammis,

189 1175 351 1221 Omine
388 1194 477 1239 quo
515 1174 617 1221 felix
649 1186 687 1220 et
725 1193 850 1221 sacer
885 1193 1029 1220 aulius
1068 1173 1160 1220 erit.

120 1262 293 1307 Laurus
330 1260 409 1307 uhi
439 1260 559 1307 bona
597 1260 725 1323 sigua
759 1259 905 1316 dedit,
951 1258 1140 1322 gaudete
1179 1257 1351 1305 coloni:

191 1345 428 1392 Disteudet
463 1345 599 1409 spicis
631 1344 793 1391 horrea
829 1343 961 1409 plena
1000 1345 1157 1401 Ceres,

71 1441 117 1477 85
132 1429 313 1477 Oblitus
351 1442 392 1477 et
427 1441 574 1477 musto
611 1430 739 1476 feriet
771 1428 886 1494 pede
919 1429 1112 1476 rusticus
1149 1447 1279 1485 mas,

186 1515 319 1563 Dolia
354 1516 463 1563 dum
499 1516 652 1580 magui
689 1515 986 1580 deficiantque
1017 1515 1151 1561 lacus.

126 1602 185 1648 At
218 1602 431 1649 madidus
463 1602 644 1650 Baccho
680 1620 759 1648 sua
793 1602 904 1648 festa
938 1600 1094 1648 Palilia
1128 1612 1282 1665 pastor

192 1689 432 1736 Coneiuet:
479 1708 503 1736 a
537 1688 723 1735 stabulis
761 1699 866 1734 tune
903 1687 1059 1752 procul
1098 1698 1186 1734 este
1223 1686 1329 1751 lupi.

165 1882 206 1914 V.
226 1884 282 1914 73.
323 1880 626 1923 strepitantia
664 1880 738 1912 libri
773 1879 901 1922 optimi.
965 1879 1067 1914 Quod
1106 1879 1363 1912 Bnonmmsms
1397 1890 1416 1911 e

70 1946 237 1978 nonnullis
266 1945 418 1989 reposuit
442 1949 544 1987 atque
571 1945 670 1977 etiam
699 1955 801 1978 noir.
832 1955 954 1977 PRlNc.
982 1955 1059 1978 MAI.
1087 1955 1169 1977 ann.
1202 1946 1288 1977 1472
1316 1943 1416 1977 habet

71 2011 305 2055 crepitantia,
340 2015 393 2043 est
417 2012 519 2053 vulgo
547 2011 719 2054 proprium
746 2010 789 2043 <le
814 2010 927 2043 arnust.
976 2010 1027 2042 Ac
1053 2014 1204 2042 notatum
1232 2013 1284 2042 est
1312 2020 1416 2053 saepe

72 2077 256 2120 permutari
283 2078 315 2108 in
337 2077 430 2109 libris
452 2075 510 2108 lias
532 2087 650 2117 voces,
684 2075 726 2109 cf.
746 2076 935 2108 Drmffiffiu.
955 2075 997 2107 ad
1018 2075 1091 2107 Liv.
1109 2075 1150 2116 V,
1165 2077 1221 2109 47.
1251 2075 1416 2117 XXXIX,

74 2144 129 2176 15.
177 2142 308 2174 Tamen
334 2140 412 2173 nihil
445 2141 571 2174 audeas
596 2145 713 2174 contra
741 2141 978 2173 auctoritatem
1009 2140 1180 2173 librorum.

168 2220 210 2253 V.
227 2221 284 2254 79.
318 2219 431 2261 Vulgo
460 2218 605 2263 fuerint
640 2218 682 2251 de
717 2218 912 2250 coniectura
941 2217 1182 2250 Bnoummsu.

168 2297 208 2330 V.
225 2300 281 2330 83.
307 2296 429 2329 Lectio
455 2295 540 2328 ubi.
581 2296 730 2329 Vossms
751 2296 837 2327 male
858 2295 930 2336 uti,
955 2305 1053 2336 quein
1076 2294 1228 2336 sequitur
1247 2294 1417 2327 Bicmus.

74 2363 188 2405 Vulgo
221 2362 274 2404 io,
314 2372 401 2404 quae
435 2372 513 2393 vere
549 2361 681 2404 poetica
716 2364 767 2393 est
801 2360 949 2393 Humsu
984 2361 1198 2402 conlectura,
1240 2361 1341 2394 modo
1376 2371 1418 2394 ne

75 2432 142 2461 tam
167 2428 337 2460 dissimilis
365 2431 456 2460 esset
486 2427 622 2460 lectioni
654 2426 824 2458 librorum.

168 2505 209 2536 V.
224 2507 281 2537 86.
313 2502 542 2548 cleficiet1lque
565 2504 765 2536 Briau-:mis
794 2506 830 2535 ut
856 2512 955 2535 rzui'r.
981 2512 1099 2536 vum«.
1124 2513 1219 2544 Min,
1251 2502 1340 2545 quod
1367 2513 1421 2536 re-

76 2574 237 2613 ceperunt
265 2570 432 2610 Vossms,
462 2569 690 2610 Huscust,
720 2568 895 2609 lhemvs,
922 2569 1156 2602 Gomnmrus.
1207 2569 1286 2602 moli
1313 2571 1421 2611 sequi.
