1721 2953
303 142 386 182 464
602 139 996 186 COMMENTAR.
1025 145 1085 186 IN
1114 145 1346 188 TIBULLI

397 258 440 293 V.
460 260 483 291 2
501 268 574 301 sqq.
613 256 732 290 Haec
757 257 936 301 templa,
962 258 1123 293 sacellum
1163 263 1257 303 puta,
1281 260 1325 295 cf.
1345 260 1464 306 Epigr.
1487 261 1530 297 11.
1553 267 1588 298 et
1607 264 1650 299 L.

301 324 390 358 inter
407 323 555 366 Priapea
574 332 628 366 ap.
649 321 848 357 BURMANN.
865 341 910 347 —
936 324 1117 357 Postremo
1140 324 1264 359 verba:
1290 325 1419 362 Hunc
1444 331 1490 362 tu
1510 346 1556 353 —
1574 330 1651 363 sed

303 396 435 425 taceo
460 390 677 434 aposiopesin
701 387 837 424 habent.
885 390 946 424 Sic
981 391 1087 424 Ovm.
1121 389 1233 434 Epist.
1259 392 1338 436 XX,
1359 397 1424 428 51:
1463 395 1537 428 Nos
1565 408 1653 442 quo-

304 470 380 503 que*
394 475 439 481 -
460 455 526 496 ,secl
557 461 670 488 taceo.
719 456 834 490 Sentis
868 467 949 491 vero
986 458 1060 501 ipse
1096 457 1139 490 de
1166 460 1317 502 nequitia
1350 459 1403 494 hic
1440 462 1508 505 agi.
1558 464 1652 507 Sup-

303 521 482 565 plendum:
531 521 670 563 traiice,
709 521 846 566 perfora
884 527 1007 564 conto,
1048 522 1176 556 fascino
1211 524 1345 569 pedali,
1382 527 1495 562 collat.
1530 526 1650 572 Epigr.

302 588 418 633 Priap.
443 587 505 623 XI.
531 586 696 623 XXVIII.
721 585 952 622 LXXXVIII.
976 597 1032 631 ap.
1055 587 1254 625 nummu.

630 915 919 958 CARMEN
959 916 1318 960 PRIAPEUM

726 1032 836 1071 inter
864 1033 1033 1086 Priapea
1061 1046 1126 1072 nr.
1157 1036 1226 1071 83.

558 1165 711 1213 Querela
736 1165 777 1199 de
801 1165 959 1213 inguinis
981 1165 1114 1201 inertia
1137 1164 1188 1198 ad
1209 1162 1395 1210 Priapum.

298 1312 484 1372 Annotat
509 1334 720 1368 Senmcssne
759 1331 824 1374 „ln
858 1331 1032 1366 veteribus
1066 1331 1202 1366 excusis
1226 1330 1353 1364 Tibulli
1377 1330 1513 1364 nomine
1538 1329 1650 1363 editur

299 1399 365 1434 hoc
389 1387 630 1445 politissimum*
653 1400 885 1443 poematium,
908 1400 1059 1442 itemque
1085 1400 1119 1431 in
1149 1402 1266 1431 vetere
1290 1397 1484 1430 membrana
1510 1396 1650 1437 Tibulli,

299 1475 389 1508 quae
422 1469 475 1498 est
509 1474 614 1508 penes
647 1467 682 1496 te
715 1463 848 1495 hcomz
884 1462 1024 1496 emm.
1075 1462 1204 1495 Totum
1232 1472 1275 1495 ex
1303 1463 1395 1505 puris
1419 1461 1540 1495 iambis
1564 1471 1650 1494 con-

298 1534 380 1565 stat.
428 1530 475 1563 Et
500 1539 582 1563 sane
607 1528 749 1562 multum
775 1527 880 1570 spirat
905 1527 997 1560 illam
1024 1531 1259 1568 venustatem,
1294 1537 1382 1569 quae
1408 1525 1508 1559 hodie
1537 1525 1650 1569 perci-

297 1596 392 1640 pitur
424 1595 458 1628 in
492 1594 612 1636 elegiis
647 1593 736 1625 illius
769 1592 959 1624 suavissimi
992 1592 1153 1634 poetae-‘⁶
1209 1592 1281 1624 Sed
1305 1596 1399 1624 recte
1424 1591 1488 1625 hoc
1513 1602 1649 1625 carmen

298 1665 334 1694 et
359 1660 423 1693 hoc
449 1669 557 1703 genus
581 1667 736 1702 poeseos,
763 1660 801 1689 ut
820 1655 901 1696 dixi,
926 1655 1122 1688 abiudicare
1143 1655 1300 1689 videntur
1319 1657 1458 1690 Tibullo
1478 1657 1651 1691 BnoucK-

299 1737 428 1761 imsms
455 1730 490 1760 et
513 1725 581 1759 alii.
597 1723 719 1762 ..avide
747 1722 848 1755 etiam
874 1721 1115 1754 Bnmumwm
1139 1722 1172 1754 in
1198 1721 1416 1765 Anthologia.

393 1794 437 1828 V.
465 1796 481 1825 1
504 1803 554 1834 sq.
593 1790 794 1831 nuntiat,
821 1789 1013 1832 portendit,
1037 1790 1196 1824 minatur.
1221 1808 1269 1814 -
1301 1791 1482 1824 Silente
1506 1793 1649 1830 nocte,

301 1859 556 1905 quiescentibus
581 1856 780 1891 animalibus
807 1855 972 1888 omnibus.
1021 1855 1091 1888 Pro
1116 1855 1248 1889 ratione
1274 1856 1427 1889 locorum
1451 1866 1540 1889 nunc
1566 1865 1650 1888 con-

300 1927 421 1968 cubia,
457 1935 545 1959 nunc
584 1923 779 1968 provectior
812 1931 880 1953 nox
914 1920 1126 1962 intelligitur.
1151 1937 1198 1944 —·
1239 1921 1281 1955 V.
1308 1924 1329 1954 6
1353 1931 1427 1963 sqq.
1476 1920 1650 1962 Placet,

299 1991 497 2036 Priape?
527 1989 559 2023 h.
586 2000 616 2023 e.
640 1989 732 2022 itane
757 1986 912 2030 Priape?
959 1985 1110 2028 Elegans
1134 1985 1278 2019 formula
1304 1986 1337 2019 in
1363 1987 1651 2030 expostulatione,

300 2058 344 2091 de
378 2068 446 2101 qua
477 2056 555 2091 vide
580 2056 778 2088 BURMANN.
813 2053 846 2086 in
878 2052 1086 2095 Anthologia
1111 2053 1152 2086 ad
1179 2052 1267 2086 hunc
1292 2053 1357 2086 loc.
1384 2057 1419 2086 et
1446 2053 1649 2086 RUHNKEN.

300 2125 430 2157 Dictat.
456 2121 499 2155 ad
524 2121 663 2154 Terent.
697 2131 730 2162 p·
758 2121 837 2152 131.
886 2119 946 2151 Sic
971 2118 1158 2151 immin.
1183 2118 1246 2160 XI,
1273 2119 1380 2162 epigr.
1411 2120 1475 2151 34:
1512 2117 1650 2150 Pierios

300 2187 399 2222 vatis
427 2185 598 2219 Theodori
625 2186 777 2229 flamma
795 2183 946 2228 pena‘tes
970 2182 1158 2220 Abstulit,
1199 2184 1262 2216 Ιιοε
1296 2183 1435 2220 Musis,
1477 2183 1540 2216 lzoc
1573 2182 1650 2220 tihi,

299 2251 458 2289 Phoebe,
488 2236 646 2296 placet?
685 2252 798 2294 Saepe
830 2250 879 2283 sic
912 2250 1130 2283 TEREN'rms
1156 2254 1191 2283 et
1217 2251 1366 2283 C1cssRo.
1390 2269 1437 2276 --
1474 2250 1554 2283 sub
1588 2261 1652 2283 ar-

301 2318 427 2351 boris
463 2326 602 2357 coma,
640 2316 684 2349 cf.
717 2326 820 2359 supra
854 2315 882 2357 I,
916 2316 948 2356 4,
983 2317 1015 2349 1.
1065 2315 1154 2348 Tum
1192 2326 1241 2359 pr.
1278 2316 1514 2349 revinctus
1551 2316 1651 2348 metri

303 2395 405 2419 causa
431 2382 585 2416 revincta
609 2382 766 2416 emendat
790 2383 991 2423 Semne-nn,
1016 2384 1054 2414 ut
1077 2381 1120 2414 sit
1146 2381 1318 2414 vocativus
1346 2392 1407 2425 pro
1432 2381 1650 2422 nominativo,

303 2451 347 2485 cf.
377 2449 418 2483 ad
449 2448 477 2490 Ι,
501 2452 535 2490 7,
559 2451 617 2483 53.
666 2449 822 2490 Denique
847 2447 890 2480 ad
914 2447 1068 2480 Ruber
1102 2446 1144 2480 cf.
1171 2447 1199 2489 Ι,
1231 2450 1262 2488 1,
1291 2450 1345 2480 Π.
1369 2465 1416 2471 -—
1460 2447 1502 2480 V.
1529 2450 1550 2480 9
1575 2457 1648 2490 sqq.

302 2514 554 2559 Triphalle.
609 2515 802 2559 Τρίφαλλος
831 2519 868 2548 ut
892 2510 1096 2553 Ἰθιίᾳαλλος
1123 2517 1176 2547 est
1204 2523 1392 2556 cognomen
1416 2513 1554 2556 Priapi,
1590 2514 1648 2556 qui

302 2592 461 2624 magnum
488 2579 636 2624 phallnm
663 2580 774 2615 habet.
829 2580 889 2613 Tri
913 2581 945 2614 in
972 2580 1218 2624 compositione
1243 2583 1366 2621 auget,
1400 2578 1443 2613 cf.
1471 2579 1568 2621 plura
1593 2589 1647 2621 ap.

305 2648 566 2682 Bun³1.m1v.—
590 2646 708 2682 Tuas
732 2650 832 2682 sine
856 2651 956 2681 arte
983 2656 1150 2690 coma-«³,
1175 2647 1340 2680 incomtas
1364 2650 1398 2680 et
1425 2644 1580 2680 hirsutas.
1603 2663 1646 2669 —
