1721 2953
525 137 614 176 LIB
635 137 668 175 i.
702 138 729 174 1.
792 137 948 178 ELEG.
979 138 1030 176 ΙΙ.
1393 140 1442 175 δ’)

98 252 261 295 ampliore
285 251 451 284 sententia
475 251 517 283 ad
543 250 674 283 initium
702 261 732 283 v.
760 253 814 283 16.
866 251 915 283 lbi
941 251 1046 284 dixit:
1082 252 1186 284 sortes
1213 251 1350 282 adiuvat
1374 249 1443 282 Ne-

97 327 182 358 nus;
217 328 304 350 nunc
336 318 393 360 qui
427 327 493 349 non
530 317 655 349 inertes
689 326 750 348 nec
782 315 890 348 timidi
917 318 1002 358 sint,
1039 316 1098 350 hos
1123 317 1170 349 ait
1195 316 1236 349 ab
1263 326 1302 349 ea
1328 315 1444 347 doceri

96 384 235 417 furtivas
259 388 360 416 artes.
415 384 525 424 Atque
551 383 596 415 ita
630 384 716 415 viam
749 383 812 415 sibi
841 382 882 415 ad
916 384 1090 425 sequentia
1117 382 1244 423 munit,
1277 385 1314 414 ut
1341 381 1441 413 etiarn

95 451 179 483 alias
213 460 273 494 per
298 449 536 492 repetitionem
562 450 750 482 sententiae
780 449 820 481 nd
856 450 921 481 alia
952 450 1090 490 transit,
1129 449 1172 482 cs.
1206 448 1246 481 ad
1273 448 1300 488 1,
1326 451 1359 488 6,
1383 451 1440 480 37.

97 519 152 556 10,
167 516 223 548 49.
253 518 287 547 et
306 524 393 557 quae
414 515 446 547 in
466 515 714 547 Dissertatione
740 514 783 547 de
801 514 1005 548 Elocutione
1025 514 1151 547 Tibulli
1177 514 1266 547 dicta
1287 517 1375 546 sunt.
1394 531 1442 537 -—

96 584 136 616 V.
160 585 218 616 25.
269 582 328 615 En
356 593 449 625 ego.
500 582 587 615 Eiici
624 593 741 615 versus
775 582 867 614 nullo
900 581 1000 614 modo
1026 586 1159 624 potest,
1195 585 1230 613 ut
1254 581 1441 614 Scimomt

93 649 172 681 olim
199 647 278 681 fecit
307 652 342 681 et
367 648 544 690 suffragati
570 651 647 680 sunt
675 647 745 688 alii,
775 656 850 680 cuin
876 646 1006 678 initium
1032 647 1202 679 contineat
1227 646 1441 679 demonstra-

93 713 213 754 tionis,
247 724 333 755 quae
366 713 529 756 sequitur.
585 712 748 754 Sequitur
773 712 860 744 enim
887 711 950 744 iam
978 710 1051 742 alla
1077 723 1163 755 pars
1189 723 1323 746 reram,
1360 720 1441 744 con-

91 780 228 812 firmans
249 791 329 813 vero
354 779 472 813 eadem
496 779 596 813 simui
617 778 864 812 antecedentia.
914 780 963 811 Ac
990 789 1096 811 nexus
1119 778 1171 812 hic
1190 789 1266 811 esse
1289 777 1440 810 videtur:

94 846 180 880 Nam
207 847 329 880 talibus
355 846 512 889 quidem,
537 846 662 889 inquit,
689 846 866 879 manifesto
893 845 983 878 favet
1009 845 1090 887 dea,
1116 851 1152 878 ut
1180 855 1256 878 meo
1284 844 1440 887 exemplo

91 916 207 955 patet3
240 923 280 945 en
314 923 380 945 non
413 911 574 955 pericula
598 922 653 944 nie
677 915 840 953 tangunt,
879 921 944 944 non
962 909 1117 956 frigoris
1143 917 1177 942 et
1202 908 1363 941 imbrium
1388 908 1440 941 vis

91 977 170 1011 mibi
195 983 316 1019 nocet,
345 979 423 1021 quia
448 983 630 1021 utrumque
655 983 835 1012 contemno
861 983 895 1011 et
922 989 1031 1021 neque
1058 976 1204 1009 timidas
1230 987 1303 1009 suin
1330 985 1438 1018 neque

89 1043 193 1079 iners.
243 1046 359 1080 Quare
384 1055 460 1078 cum
486 1049 555 1078 tam
579 1050 699 1088 aperte
724 1044 899 1077 audaciam
923 1048 957 1076 et
981 1048 1154 1077 strenuum
1178 1044 1323 1075 animuin
1349 1047 1439 1076 amet

91 1111 176 1153 dea,
210 1112 311 1145 etiam
342 1116 433 1145 artes
466 1111 606 1145 furtivas
639 1112 781 1152 talibus,
818 1111 941 1152 eredo,
975 1121 1040 1143 non
1066 1111 1142 1143 aliis
1167 1109 1270 1143 tradit
1294 1109 1439 1142 amanti-

92 1178 166 1211 bus.
192 1195 232 1203 -
264 1179 436 1211 anxius.
486 1178 589 1211 Nulla
615 1178 668 1212 hic
697 1180 930 1222 repugnantia.
980 1180 1102 1212 Potest
1129 1179 1200 1211 sine
1229 1179 1351 1211 timore
1377 1188 1438 1221 pe—

89 1244 272 1278 riculorum
299 1248 539 1278 nocturnorum
564 1246 700 1288 vagari,
739 1256 837 1288 quem
873 1246 995 1278 amoris
1028 1255 1130 1278 curae
1162 1244 1344 1277 sollicitum
1379 1243 1439 1276 iia—

92 1310 182 1343 bent.
212 1326 254 1334 -
298 1310 524 1351 tenebris,
560 1309 633 1342 sine
659 1310 931 1353 praepositione,
967 1314 1005 1342 ut
1030 1310 1114 1342 infra
1139 1309 1166 1349 Ι,
1193 1312 1226 1349 6,
1251 1311 1309 1342 57.
1336 1313 1370 1341 et
1395 1308 1438 1350 ΙΙ,

93 1379 124 1417 1,
149 1379 205 1409 76.
242 1376 298 1409 ubi
330 1377 444 1419 piures
468 1377 563 1409 locos
590 1376 910 1408 Wtrisnifflmcnrus
944 1377 1082 1408 notavit.
1140 1376 1235 1408 Alios
1261 1375 1439 1407 nonnullos

89 1449 266 1488 praeterea
291 1442 344 1477 hic
369 1445 519 1477 Vossms
554 1444 666 1476 affert.
694 1460 736 1468 -
771 1444 993 1476 Pentameter
1017 1443 1074 1485 qni
1100 1442 1227 1475 excidit
1252 1440 1340 1474 hunc
1367 1441 1438 1475 fere

88 1523 224 1545 sensum
250 1511 415 1545 habebat:
441 1511 502 1544 Illa
529 1515 713 1555 protegens
738 1511 889 1555 pericula
915 1513 1026 1544 onmia
1052 1511 1170 1555 procul
1195 1514 1300 1544 arcet.
1350 1510 1436 1543 Nam

88 1578 132 1611 de
158 1578 315 1621 periculis
340 1578 453 1620 agitur
486 1577 561 1610 viae
595 1568 779 1610 no'cturnae
812 1588 832 1609 a
865 1588 894 1610 v.
919 1580 1082 1619 25-30.,
1115 1577 1309 1621 explicante
1334 1583 1438 1621 poeta

88 1645 231 1690 primurn
257 1648 505 1688 pentametrum
528 1643 662 1676 distichi
689 1643 991 1677 antecedentis.—-
1018 1645 1117 1677 v.27
1134 1655 1184 1686 sq.
1210 1643 1300 1676 Nec
1326 1643 1438 1676 sinit

88 1715 304 1745 occurrat
329 1711 584 1752 quisquam,
612 1709 642 1742 ii.
669 1720 698 1742 e.
725 1710 856 1743 obi-iam
884 1712 942 1743 fiat
968 1711 1137 1755 pugnandi
1162 1722 1273 1744 causa.
1324 1712 1437 1744 Wun—

89 1790 311 1813 DssRLICHlUs
342 1778 457 1811 laudat
482 1777 644 1810 Emissa
670 1776 712 1809 ad
738 1777 850 1811 Tacit.
877 1777 966 1810 Hist.
995 1778 1055 1819 111,
1089 1781 1142 1811 16.
1170 1778 1294 1811 Graeci
1321 1778 1438 1811 dicunt

88 1842 274 1884 ἄγασθαι,
313 1841 563 1885 οιννάντεσθιιι,
600 1849 636 1877 ut
663 1845 770 1877 PIND.
799 1845 853 1879 ΟΙ.
881 1845 924 1886 ll,
951 1847 1028 1886 96.‚
1070 1842 1235 1881 dvruzssm
1260 1850 1295 1878 et
1318 1842 1438 1877 α’ντιᾶν

89 1916 126 1946 ut
151 1910 253 1954 Pyth.
278 1911 371 1952 vm,
398 1913 453 1943 10.
479 1910 578 1943 Nem.
605 1900 631 1952 1',
657 1914 713 1944 68.
741 1915 774 1944 et
801 1911 947 1945 Honssn.
975 1923 1090 1956 saepe.
1113 1931 1157 1937 -
1195 1912 1317 1947 ferro
1344 1924 1361 1944 v
1375 1924 1396 1945 u
1410 1914 1436 1945 1-

87 1983 227 2014 neret.
278 1979 346 2014 Qui
375 1979 547 2020 vulneret,
572 1979 639 2020 ait‚
669 1983 728 2011 aut
753 1978 918 2023 deripiat,
951 1979 1039 2012 unde
1065 1980 1158 2012 vides
1176 1979 1281 2024 ferro
1307 1980 1348 2012 ad
1376 1991 1438 2024 op-

88 2045 265 2090 positionis
299 2045 365 2077 vim
402 2044 579 2078 iuvandam
614 2045 766 2079 additum
800 2057 895 2088 esse,
934 2051 972 2079 ut
1006 2047 1034 2089 I,
1069 2049 1101 2088 4,
1128 2049 1192 2080 42:
1229 2047 1346 2078 arenti
1377 2046 1440 2079 siti

88 2120 218 2146 torrere
244 2113 369 2146 dictum
393 2122 469 2146 cum
496 2116 688 2156 opponatur
713 2113 840 2155 imber,
875 2118 909 2147 et
933 2113 960 2156 Ι,
986 2117 1018 2156 9,
1045 2116 1110 2147 492
1144 2113 1271 2157 rapida
1287 2115 1440 2158 flamma

87 2183 225 2210 torreat
259 2177 479 2220 sequentibus
505 2177 636 2211 verbis:
676 2177 814 2223 liquida
841 2178 956 2210 deleat
981 2179 1095 2212 amnis
1120 2191 1228 2225 aqua.
1277 2181 1337 2214 Sic
1371 2181 1437 2213 So—

88 2253 216 2276 PHOCL.
241 2241 386 2276 Philoct.
406 2246 495 2276 593:
520 2239 541 2287 ἢ
565 2240 652 2285 λόγῳ
678 2247 852 2280 πείσαντες
881 2242 968 2280 εἴξειν
993 2240 1015 2289 ἢ
1041 2242 1126 2290 πρός
1155 2243 1270 2287 ἰσχύος
1301 2243 1436 2291 κράτος.

87 2308 240 2341 Similem
267 2319 402 2342 causam
427 2308 529 2343 habet
556 2311 649 2343 locus
676 2312 822 2344 Ai.·6·2:
848 2309 929 2348 τοιῖς
956 2310 1083 2349 ζῶντας·
1110 2303 1155 2345 (ιι-ἶ
1179 2314 1334 2352 δεσμοῖσι
1358 2325 1437 2346 συν-

88 2370 196 2418 δήσας
221 2375 320 2415 βοῶν.
373 2374 469 2408 Adde
505 2375 595 2409 dicta
621 2387 639 2408 a
667 2376 763 2409 nobis
789 2377 830 2409 ad
855 2378 964 2411 Pmn.
998 2379 1053 2412 ΟΙ.
1078 2378 1140 2420 XI,
1165 2382 1221 2412 65.
1262 2384 1296 2413 et
1321 2379 1439 2414 Isthm.

88 2438 117 2480 1,
141 2441 198 2474 24.
248 2440 410 2473 Ceterum
436 2444 568 2474 constat
603 2441 645 2473 de
681 2442 854 2474 nocturnis
880 2442 1009 2475 insidiis
1033 2444 1242 2487 praedonum
1269 2449 1302 2478 et
1330 2446 1441 2488 pessi-

88 2515 218 2537 morum
245 2503 414 2539 hominum
441 2506 473 2539 in
498 2507 560 2540 viis
586 2507 689 2547 urbis,
717 2512 753 2540 ut
777 2507 917 2541 i-ionirr.
937 2510 1008 2542 Sat.
1031 2509 1056 2551 1,
1077 2513 1110 2552 2,
1135 2513 1190 2544 42.
1239 2511 1441 2553 Pergamus.

90 2570 159 2603 lam
187 2571 273 2604 enim
300 2573 525 2607 vulnerationi
560 2574 701 2617 opponit
737 2579 881 2618 raptum.
933 2575 996 2609 Est
1031 2587 1112 2611 vero
1147 2583 1275 2622 rapta
1312 2589 1388 2622 pra
1404 2590 1438 2610 e—

91 2639 169 2670 mia
207 2643 332 2672 veste
367 2645 494 2683 petat
531 2652 581 2685 pr.
609 2643 738 2675 lucrum
773 2648 867 2686 petat
895 2649 993 2687 raptu
1021 2646 1144 2688 vestis,
1179 2656 1278 2688 quarn
1306 2646 1439 2679 vendet.
