1721 2953
291 141 368 179 342
595 136 913 180 COMMENTA
920 139 965 181 R.
994 140 1052 181 IN
1084 140 1314 181 TlssULLl

290 255 405 295 risque
440 260 553 285 sonus,
604 251 731 287 Quidni
767 252 872 295 igitur
904 254 1006 287 etlam
1041 254 1072 287 in
1106 254 1166 288 tali
1202 254 1319 298 specie
1354 253 1528 298 proposita
1554 252 1631 284 insit

293 319 433 352 mullum
467 316 725 359 persuasionis?
774 317 860 352 Quis
883 319 970 352 enim
995 319 1131 352 resistat
1157 319 1374 363 pulcherrimi
1399 320 1453 352 dei
1483 318 1633 363 pulchris

293 383 431 418 ‚ernist
480 383 642 416 Fortasse
666 382 841 418 crederem
868 382 933 419 hoc
957 386 1104 419 voluisse
1130 390 1287 430 poetam,
1321 386 1349 420 si
1376 386 1478 420 modo
1507 396 1632 428 seque-

290 453 406 483 rentur
429 448 570 493 pulchra
594 448 636 482 ad
659 449 827 484 Neaeram
853 451 955 485 verba
981 455 1016 485 et
1040 451 1252 486 hortamenta
1272 453 1338 495 dei,
1365 457 1402 486 et
1427 457 1633 495 congrueret

289 517 394 548 :litera
426 525 506 558 pars
539 516 654 559 priori.
704 515 804 549 tx'unc
835 520 948 550 autem
973 518 1075 550 etiam
1101 516 1165 550 lioc
1190 528 1257 550 non
1285 518 1420 560 videas3
1455 517 1557 551 habet
1581 518 1632 550 al-

289 585 360 613 tera
388 591 465 624 pars·
490 580 635 613 ieiunam
661 582 928 616 consolationem
955 583 1146 625 Lygdami,
1171 583 1268 617 cuius
1292 595 1391 617 curas
1417 585 1531 618 levare
1557 588 1631 617 stu·

289 646 347 679 det
374 646 478 687 deus,
505 646 548 679 ad
572 647 741 680 Neaeram
765 651 900 690 autem,
926 659 1013 691 quae
1039 649 1281 683 commovenda
1308 654 1401 693 erat,
1427 652 1633 694 paucissima

288 712 392 746 verba
434 714 527 746 nulla
569 714 613 747 vi.
678 713 744 747 Est
780 712 884 757 igitur
918 716 1018 759 plane
1056 719 1186 748 certum
1223 726 1292 748 non
1328 717 1501 759 cogitasse
1543 717 1635 750 clare

291 778 528 821 Lygdamum,
565 778 646 822 quid
670 780 774 813 vellet
798 778 861 813 liae
883 791 945 813 sua
969 781 1219 824 compositione
1245 781 1424 823 carminis,
1459 785 1494 815 et
1520 781 1632 825 posita

289 849 342 877 est
367 844 550 888 descriptio
577 843 711 878 habitus
737 846 840 879 divini
866 846 959 879 nullo
984 849 1081 879 certo
1107 847 1261 888 consilio,
1288 846 1348 880 sed
1374 857 1451 880 cum
1478 846 1633 880 delecta-

287 913 383 943 retur
408 917 510 954 poeta
535 911 658 945 talibus
684 913 979 956 descriptionibus,
1006 923 1069 947 nec
1090 914 1380 957 praetermitteret
1400 914 1631 956 occasionem,

288 978 344 1011 ubi
378 979 459 1021 quid
493 978 683 1013 huiusmodi
718 981 833 1013 inferri
871 991 972 1024 posse
1006 981 1200 1022 videretur,
1237 981 1339 1014 immo
1374 982 1518 1023 eligeret
1551 992 1633 1025 prae

287 1044 362 1078 aliis
387 1045 468 1077 talia
495 1049 705 1087 argumenta.
767 1045 845 1079 Non
879 1047 1050 1088 cogitasse
1083 1051 1197 1079 antem
1222 1047 1438 1088 Lygdamum
1468 1046 1520 1080 hic
1553 1046 1634 1089 quid

288 1109 430 1143 deberet
468 1111 639 1153 scribere,
692 1111 840 1153 denique
879 1111 981 1144 etiam
1022 1110 1202 1144 exordium
1241 1111 1384 1155 probat,
1434 1112 1493 1144 ubi
1531 1111 1635 1144 fidem

287 1178 495 1211 somniorum
522 1178 634 1211 elevat
658 1181 692 1210 et
717 1177 818 1220 plane
851 1180 976 1219 negat,
1019 1180 1122 1218 atque
1158 1177 1205 1209 ita
1240 1177 1305 1209 vim
1338 1177 1542 1210 narrationis
1576 1188 1636 1210 se-

287 1244 421 1286 quentis
457 1243 598 1285 evertit,
641 1253 707 1286 qua
744 1254 961 1277 commovere
998 1242 1169 1277 Neaeram
1206 1243 1353 1277 volebat.
1412 1243 1522 1277 Immo
1560 1243 1634 1287 ipse

286 1311 411 1353 Apollo
437 1314 625 1353 repugnat,
660 1311 718 1353 qui
742 1310 821 1344 data
847 1321 952 1355 opera
977 1311 1152 1344 veritatem
1179 1310 1347 1344 dictorum
1373 1321 1510 1343 suorum
1537 1310 1633 1343 affir-

288 1378 369 1408 mat.
420 1375 522 1410 Quod
548 1376 676 1408 notavit
704 1376 806 1408 etiam
828 1377 993 1409 Vossrtis.
1043 1377 1156 1417 Atque
1189 1375 1273 1409 llaec
1309 1375 1480 1408 hactenus.
1530 1375 1633 1407 lusti-

289 1441 413 1472 tuimns
451 1439 509 1472 lias
548 1440 719 1481 longiores
753 1440 999 1483 disputationes
1038 1450 1104 1472 non
1138 1444 1207 1473 tam
1243 1444 1382 1484 propter
1417 1440 1633 1483 Lygdamum

288 1516 387 1546 quam
426 1509 567 1549 propter
601 1506 796 1548 Tibullum,
832 1516 931 1549 quem
965 1517 1032 1540 non
1066 1518 1142 1541 esse
1176 1518 1278 1552 posse
1303 1507 1423 1542 horum
1448 1508 1632 1542 carminum

288 1578 462 1607 auctorem
487 1573 530 1606 ab
557 1573 646 1607 omni
672 1577 769 1618 parte
795 1573 967 1607 docemus.

788 1913 1138 1956 EXPLICATIO.

385 2086 424 2118 Υ.
453 2087 571 2118 1-16.
619 2082 876 2118 Exordium.
925 2085 1199 2119 Detestatur
1232 2089 1372 2130 poeta
1404 2087 1633 2129 somnium,

288 2160 373 2192 quo
400 2148 613 2182 hesterna
638 2154 772 2184 nocte
797 2151 1011 2185 turbatus
1036 2156 1154 2193 erat,
1191 2156 1234 2185 et
1265 2153 1467 2195 quamvis
1499 2155 1633 2187 omni—

290 2226 340 2248 no
378 2226 548 2258 negans
584 2216 720 2251 sidem
751 2219 936 2252 somniis
973 2218 1242 2262 habendam,
1283 2221 1440 2253 malum
1475 2224 1633 2262 tamen,

290 2283 404 2325 quod
437 2285 688 2327 perterruit
715 2287 922 2329 animum,
960 2292 1177 2330 precatur
1201 2287 1311 2321 deos
1336 2291 1383 2321 ut
1407 2291 1631 2321 avertant.

382 2352 424 2385 V.
453 2354 469 2384 1
498 2363 548 2393 sq.
597 2353 667 2385 Dii
702 2355 889 2387 meliora
923 2355 1080 2389 serant.
1130 2355 1195 2388 Est
1227 2356 1370 2389 formula
1404 2366 1541 2396 eorum,
1573 2355 1631 2397 qui

290 2417 527 2450 abominantur
551 2418 677 2460 aliquid
703 2424 738 2452 et
763 2420 1007 2463 deprecantur,
1040 2425 1078 2453 ut
1110 2424 1266 2463 constat,
1301 2426 1337 2454 et
1370 2420 1423 2454 hic
1456 2421 1629 2462 Smrrns,

290 2484 474 2524 numus,
513 2484 683 2517 limatus
718 2490 836 2518 notant
873 2491 908 2519 et
942 2485 985 2518 ad
1023 2485 1121 2519 Ovid.
1160 2486 1245 2519 Met.
1280 2486 1355 2526 Vll,
1392 2488 1449 2518 37.
1490 2486 1631 2529 copiose

290 2547 470 2581 llfflmsms
497 2549 624 2582 docuit.
675 2551 840 2584 Similiter
864 2551 989 2584 dicitur
1014 2550 1050 2582 (Ιί
1080 2550 1225 2588 melius,
1249 2551 1357 2583 Onu.
1384 2551 1456 2582 Art.
1485 2552 1558 2584 Ani.
1585 2551 1630 2593 Il,

289 2615 371 2648 388.
411 2614 552 2648 Heroid.
578 2616 640 2658 111,
668 2619 769 2659 128.,
807 2618 949 2662 aliisque
982 2618 1017 2652 in
1052 2618 1135 2652 locis
1173 2628 1227 2660 ap.
1259 2616 1458 2651 Imma-ium.
1486 2636 1528 2642 ——
1570 2618 1632 2651 in-
