1721 2953
502 124 645 164 LIBR.
675 124 726 162 11.
785 122 941 163 ELEG.
975 124 1045 162 ΙΙΙ.
1361 127 1439 163 247

95 246 167 283 tor,
206 243 238 275 in
264 241 386 286 quibus
410 250 491 274 oves
516 242 708 283 pascantur.
759 239 871 280 Atque
897 238 943 271 ita
969 238 1139 272 transtulit
1164 238 1315 273 Vossms
1342 241 1433 272 Ger—

93 309 244 350 manice,
275 309 308 342 in
339 310 436 340 textu
466 309 579 338 autem
604 303 734 348 posuit:
768 308 810 334 ut
834 301 927 334 mille
951 303 1133 336 innumera
1157 303 1283 349 iugera
1302 310 1435 347 pascat

94 388 172 411 ove,
205 385 291 418 quae
324 384 411 407 nunc
438 371 532 405 vides
557 372 639 405 satis
665 371 797 404 diversa
823 380 909 403 esse.
961 371 1121 403 Ceterum
1147 369 1189 403 de
1215 370 1328 403 ovium
1353 379 1437 412 gre-

92 441 192 483 gibus
216 441 250 472 in
274 437 458 471 latifundiis
476 437 641 482 Romanis
659 435 776 469 confer
799 435 902 468 etiam
923 435 1066 469 HORAT.
1083 436 1146 478 ΙΙΙ,
1169 439 1221 477 16,
1236 438 1294 470 35.
1311 438 1369 469 36.
1391 455 1437 460 —

92 507 132 539 V.
159 507 216 538 43.
241 507 297 538 44.
346 504 455 537 Simul
488 503 606 536 domos
643 511 783 544 magnas
818 501 851 533 in
884 501 969 533 urbe
1004 505 1194 534 exstruunt.
1243 502 1436 534 Pronomeu

91 573 168 605 Cui
208 582 350 605 nervose
385 571 521 615 copulat
556 569 725 608 membra,
761 571 796 601 et
832 568 946 611 inepte
983 569 1130 602 Vossms
1167 569 1312 602 coniecit
1338 568 1433 614 quin.

94 639 161 672 Ubi
188 638 276 671 enim
302 636 429 680 aliquid
458 636 559 669 simul
586 639 638 668 est
664 638 722 667 aut
747 635 795 674 fit,
821 634 892 666 sive
918 644 1082 677 personae
1108 635 1195 668 duae
1220 635 1342 676 adsint,
1366 635 1436 668 sive

91 717 146 739 res
181 705 268 738 duae
301 705 343 738 de
377 703 497 737 eadem
531 711 677 745 persona
713 699 887 741 dicantur,
925 700 1031 733 utitur
1064 701 1176 744 poesis
1210 701 1344 745 saepius
1375 699 1436 734 hac

91 772 258 812 iunctura,
284 781 327 803 ne
354 769 541 814 particulae
568 767 685 803 simul,
712 773 821 812 atque
845 766 963 803 etiam,
986 768 1111 800 similes
1135 767 1356 801 adhibeantur
1378 771 1438 800 aut

90 850 196 870 casus
222 836 395 872 absoluti,
431 847 520 879 quae
552 845 678 878 genera
708 835 884 867 iuncturae
911 835 942 867 in
970 836 1064 878 poesi
1092 835 1164 868 sere
1195 836 1270 868 laxa
1297 839 1375 869 sunt
1402 840 1436 869 et

89 905 220 945 ieinna3
255 914 365 947 neque
391 903 480 937 enIm
506 913 622 936 omnes
656 902 911 945 copulationes,
946 912 1029 944 quas
1064 912 1164 945 prosa
1188 903 1296 934 oratio
1323 900 1435 942 habet,

89 972 192 1006 etiam
218 972 251 1004 in
277 971 374 1015 poesi
397 974 476 1003 sunt
499 970 630 1011 bonae,
670 974 705 1003 et
738 970 766 1002 si
801 968 1002 1012 quibusdam
1036 969 1067 1001 in
1094 969 1176 1001 locis
1200 968 1331 1000 admitti
1355 977 1435 1011 posa

88 1045 185 1082 sunt,
213 1040 394 1084 displicent
417 1040 450 1073 in
474 1039 549 1072 aliis
575 1039 702 1071 multis.
753 1038 797 1069 At
823 1046 1009 1080 pronomen
1035 1036 1211 1069 relativum
1238 1037 1435 1078 usurpatum

88 1106 166 1139 ride
191 1117 294 1150 supra
318 1106 363 1148 ΙΙ,
390 1108 422 1147 1,
446 1109 502 1139 78.
551 1106 662 1138 Porro
687 1105 837 1138 Vmem.
862 1104 947 1137 Aen.
973 1103 1034 1144 IV,
1061 1105 1138 1135 138.
1165 1102 1243 1143 XII,
1268 1104 1322 1135 65.
1350 1111 1435 1144 quos

90 1172 184 1206 locos
210 1171 324 1204 laudat
351 1171 563 1204 Huscuxms
587 1170 629 1202 ad
655 1170 681 1211 Ι,
708 1172 741 1211 6,
766 1171 823 1202 40.
859 1172 1008 1202 ceterum
1044 1168 1174 1201 diversa
1209 1169 1362 1200 miscens.
1392 1186 1435 1191 --

90 1237 206 1280 lapis
239 1241 476 1277 externus,
519 1245 667 1268 marmor
700 1235 940 1278 peregrinum,
992 1235 1090 1276 quale
1125 1234 1356 1276 Synnadicum
1392 1244 1435 1266 ex

89 1302 251 1345 Phrygia,
277 1301 491 1343 Hymettium
517 1311 561 1333 ex
587 1301 711 1341 Attica,
737 1300 944 1333 Taenarium
971 1311 989 1332 e
1014 1300 1299 1340 Lacedaemonia,
1326 1300 1436 1341 Cary-

87 1368 187 1400 stium
209 1377 252 1399 ex
269 1366 422 1407 Euboea,
448 1364 665 1397 Numidicum
682 1374 726 1397 ex
744 1364 870 1406 Africa,
894 1364 971 1405 alia,
996 1363 1039 1396 ct'.
1060 1364 1146 1397 infra
1164 1364 1226 1404 111,
1246 1366 1279 1404 3,
1304 1366 1357 1396 13.
1382 1365 1434 1396 14.

77 1432 195 1469 *Pmm
220 1434 311 1468 Hist.
336 1433 380 1466 N.
405 1432 569 1473 XXXVI,
593 1434 616 1464 2
635 1442 708 1474 sqq.
735 1434 757 1464 7
773 1441 846 1473 sqq.
874 1430 1016 1463 HORA'r.
1043 1430 1088 1470 ΙΙ,
1116 1432 1171 1470 18,
1190 1432 1222 1462 3.
1248 1431 1281 1462 4.
1331 1430 1435 1462 Plura

87 1502 130 1536 de
162 1502 386 1535 marmoribus
419 1501 554 1534 Romae
586 1499 759 1543 usurpatis
790 1498 866 1532 vide
901 1499 933 1531 in
959 1496 1202 1541 Descriptione
1227 1497 1434 1529 Germanica

86 1566 183 1600 urbis
206 1568 338 1599 Romae
373 1577 395 1597 α
428 1558 652 1607 PnA'rNssno,
685 1565 900 1605 Bon-semo,
936 1564 1168 1604 Gssnmnno,
1199 1564 1435 1596 Ronsvnnmo

88 1635 178 1668 edita
209 1634 252 1668 T.
278 1634 304 1674 I,
339 1645 371 1676 p.
398 1635 467 1665 335
493 1643 568 1674 sqq.
593 1650 641 1657 —-
682 1631 904 1673 urbisque
940 1631 1172 1663 tumultus.
1223 1631 1282 1663 Sic
1316 1631 1434 1673 optimi

86 1699 163 1732 libri
187 1709 237 1742 pr.
261 1696 418 1741 urbique.
466 1697 649 1736 Portatur,
683 1696 750 1736 ait,
785 1705 931 1727 marmor
954 1705 1015 1738 per
1037 1695 1130 1727 vicos
1157 1699 1267 1728 terror
1290 1694 1383 1727 urbis
1408 1706 1432 1727 s.

88 1769 251 1799 terrorem
281 1762 432 1796 iniiciens
455 1761 605 1802 civibus,
644 1770 687 1793 ne
712 1759 972 1792 inu-ementibus
997 1760 1078 1792 vicis
1105 1759 1207 1792 aedes
1232 1760 1296 1792 sibi
1325 1765 1433 1793 ruant.

88 1833 147 1866 Sic
171 1834 265 1864 recte
291 1829 588 1867 Foncmmmus,
627 1835 728 1868 quem
762 1825 915 1868 sequitur
940 1825 1268 1858 Wunnssnmcmus.
1319 1826 1433 1868 Vulgo

87 1897 198 1929 minus
230 1895 317 1927 bene
348 1893 528 1926 tumultum
557 1891 750 1933 intelligunt
780 1891 960 1934 strepitum
986 1890 1220 1924 aedificiorum
1246 1901 1433 1925 concusso—

88 1972 162 1995 rum
182 1960 259 1993 dum
277 1960 452 1993 columnae
472 1955 776 1990 transveherentur.
813 1955 920 1998 (Nam
939 1957 1161 1999 columna,
1187 1962 1225 1990 ut
1245 1958 1317 2001 ipse
1339 1957 1432 1991 vides

87 2030 122 2060 et
146 2028 308 2060 Vunmus
334 2025 481 2065 notavit,
507 2027 559 2056 est
586 2034 634 2066 pr.
661 2024 859 2065 columnae3
893 2028 985 2057 errat
1011 2035 1091 2057 vero
1118 2024 1290 2057 Hermus
1317 2025 1432 2058 dicens

86 2092 187 2124 etiam
208 2090 299 2122 mille
319 2100 395 2123 cum
421 2087 581 2121 columna
601 2099 621 2120 a
644 2088 781 2122 vomo
804 2089 986 2133 iunctum.)
1013 2090 1139 2123 mille
1164 2090 1303 2133 iugis,
1330 2090 1433 2135 longo

87 2156 326 2191 vehiculorum
351 2155 468 2188 ordine
504 2156 639 2188 Sem-ze.
665 2154 775 2198 Epist.
805 2158 862 2189 90.
910 2157 1094 2190 Praeterea
1120 2156 1163 2190 de
1189 2161 1261 2190 tota
1288 2167 1323 2189 re
1350 2166 1432 2188 con-

88 2222 195 2256 fertur
220 2223 427 2255 MARTHLIS
454 2221 497 2261 V,
520 2222 586 2252 22:
627 2218 764 2264 Vixque
798 2219 908 2253 <latur
939 2221 1063 2266 longas
1097 2221 1270 2254 mulorum
1300 2220 1433 2253 vincere

86 2287 265 2324 mandras,
290 2289 456 2334 Quaeque
482 2285 580 2318 trahi
607 2285 717 2318 nmlto
740 2298 916 2319 marmora
933 2286 1029 2333 fune
1051 2287 1160 2321 vides.
1188 2290 1295 2322 PmN.
1323 2288 1431 2319 Pane-

89 2367 164 2399 gyr.
189 2358 257 2389 51:
297 2356 424 2399 Itaque
461 2366 528 2385 non
564 2359 605 2385 ut
638 2358 721 2385 ante
754 2353 957 2386 immanium
983 2353 1242 2387 transvectione
1268 2364 1432 2384 saxorum

89 2422 184 2456 urbis
209 2429 303 2455 tecta
329 2421 568 2467 (μιαΐιίιιιΙιινῑ
603 2427 703 2453 stant
732 2433 875 2453 securae
902 2419 1034 2453 domus.
1096 2420 1292 2454 Menlineris
1318 2423 1429 2453 aulem

91 2500 305 2532 permagnam
331 2490 433 2522 fuisse
460 2488 673 2521 altitudinem
699 2488 930 2520 aedificiorum
958 2488 1109 2529 Romae,
1140 2488 1229 2521 unde
1255 2488 1434 2530 aliquoties

90 2554 238 2588 cohibita
269 2556 332 2589 fuit
364 2556 406 2588 ab
434 2554 715 2598 imperatoribus,
755 2558 791 2586 ut
817 2558 929 2587 tamen
956 2554 1057 2586 etiam
1083 2555 1131 2587 sic
1157 2557 1345 2586 nostrarum
1371 2553 1433 2584 ‹102-

90 2631 204 2655 muum
231 2622 366 2656 modum
393 2621 533 2655 multum
560 2624 747 2665 superaret,
801 2621 911 2662 Atque
931 2621 1104 2664 Augustus
1126 2619 1230 2664 pedes
1251 2623 1295 2653 70
1317 2619 1435 2652 tollere
