1721 2953
598 133 841 177 TIBULLL
1224 150 1393 175 chxvtl

42 258 82 290 et
111 252 173 302 ΙΙ,
205 256 248 302 1,
275 251 345 291 fin.
376 257 417 290 et
449 251 521 302 IV,
549 256 597 298 2,
628 254 716 302 12.,
760 251 888 291 immo
927 252 1052 291 trium
1094 248 1390 290 adiectivorum

42 326 258 376 similium,
302 340 408 379 quae
450 325 664 378 splendida
703 326 926 366 cumulatio
965 335 1025 367 est
1062 327 1093 376 Ι,
1125 330 1162 376 3,
1192 325 1263 365 fin.
1304 326 1390 364 Hoc

38 417 192 454 precor,
228 403 324 440 hunc
361 403 461 440 illum
500 403 604 441 nobis
636 402 792 442 Aurora
827 406 995 442 nitentem
1033 400 1245 453 Luciferum
1281 404 1393 439 roseis

41 479 207 516 candida
231 485 352 530 portet
383 481 506 531 equiS,
547 477 621 517 ubi
648 478 774 517 habes
802 481 992 527 nitentem,
1030 481 1164 527 roseis,
1209 476 1393 516 candida.

42 552 153 592 Haec
184 552 310 602 igitur
338 566 490 603 genera
523 552 812 592 cumulationis
845 568 944 606 prae
976 553 1065 593 aliis
1102 560 1209 592 amat
1237 551 1395 591 Tibulli

44 627 191 667 oratio.
260 625 457 667 Ceterum
490 641 584 667 cum
619 636 721 667 nota
756 626 922 667 aliunde
952 628 1004 668 sit
1035 629 1078 667 in
1112 626 1395 678 designatione

39 702 121 741 loci
154 699 401 742 adverbialis
431 702 694 755 pronominis
729 701 1040 742 demonstrativi
1073 716 1166 743 cum
1201 703 1395 740 substan-

42 776 126 816 tivo
158 776 416 828 coniunctio,
451 791 491 818 v.
513 792 547 817 c.
574 779 644 817 illio
671 802 728 809 —
758 782 880 817 caecis
909 779 1011 827 locis,
1043 776 1283 817 Huschkius
1314 778 1392 816 hoc

41 864 169 903 genus
204 852 494 894 cumulationis
527 853 706 906 applicat
743 854 785 903 Ι,
819 857 893 904 10,
925 859 994 894 37.
1024 858 1090 895 38.
1101 884 1112 905 ,
1143 852 1214 894 sed
1245 866 1395 906 perpe-

41 942 152 978 ram,
195 928 245 968 de
285 943 368 983 quo
404 929 466 969 ibi
503 927 605 969 dixi.
669 930 884 969 Postremo
922 937 1114 970 notamus
1152 937 1396 982 corruptum

41 1005 181 1044 locum
221 1006 263 1053 Ι,
298 1010 343 1056 7,
377 1009 444 1045 13.
481 1005 556 1045 ubi
600 1005 741 1058 inepta
769 1006 1017 1046 cumulatio:
1064 1006 1126 1045 Aa
1160 1014 1214 1054 te,
1259 1006 1398 1058 Cydne,

44 1094 206 1129 canam,
246 1084 368 1120 tacitis
397 1083 464 1134 qui
493 1082 619 1120 leniter
648 1082 756 1120 undis
783 1082 984 1120 Caeruleus
1012 1082 1172 1135 placidis
1197 1095 1267 1134 per
1293 1082 1398 1120 ouda

41 1159 157 1209 serpis
185 1156 327 1209 aquis?
382 1155 507 1195 Recte
539 1153 644 1193 dixit
671 1158 793 1194 tacitis
820 1156 946 1195 leniter
973 1156 1099 1205 undis,
1139 1154 1210 1195 sed
1241 1156 1401 1209 placidis

45 1233 154 1284 aquis
190 1231 362 1282 insuper
400 1228 498 1268 addi
534 1243 619 1269 non
654 1237 830 1281 poterat.
894 1229 948 1269 Et
976 1231 1043 1270 hic
1077 1229 1245 1283 quidem
1283 1231 1399 1269 locus

45 1313 266 1357 corruptus
303 1312 384 1355 est,
429 1302 667 1356 Lygdamus
705 1311 841 1343 autem
875 1318 974 1345 vere
1011 1303 1175 1344 admisit
1207 1305 1398 1344 vitiosam

46 1378 367 1420 cumulationem
408 1378 760 1418 substantivorum
800 1378 882 1428 ΙΙΙ,
911 1382 959 1428 3,
995 1379 1065 1419 fin.
1122 1381 1188 1419 Me
1227 1388 1326 1419 vocet
1364 1383 1399 1419 r'n

43 1462 165 1494 vastos
205 1468 334 1493 amnes
373 1456 593 1508 nigramque
630 1455 811 1507 paludem
852 1455 961 1494 Dives
1000 1458 1036 1493 in
1079 1458 1216 1506 ignava
1257 1457 1401 1495 Ιιινίᾱιιε

46 1531 167 1571 Orcus
189 1544 307 1585 aqua,
337 1529 411 1569 ubi
432 1528 651 1582 displicent
672 1529 849 1569 adiecta:
878 1533 915 1569 in
937 1533 1074 1580 ignava
1097 1545 1216 1585 aqua.
1263 1532 1398 1585 Atque

45 1608 146 1646 haec
189 1604 358 1660 quidem
400 1604 450 1645 de
493 1604 573 1645 his.
652 1604 754 1645 Non
793 1618 1028 1659 persequor
1069 1607 1209 1646 omnia
1250 1620 1399 1658 genera

47 1681 337 1722 cumulationis
378 1694 485 1734 quae
528 1678 640 1733 apud
681 1680 903 1733 scriptores
944 1681 1215 1733 reperiuntur
1255 1681 1311 1722 sic
1358 1691 1399 1721 ut

45 1770 233 1811 possum,
263 1754 333 1795 sed
355 1756 546 1808 percurri
567 1762 748 1805 tantum,
779 1768 885 1809 quae
908 1753 960 1794 ad
979 1756 1195 1795 Tibullum
1221 1757 1400 1796 maxime

45 1832 324 1886 pertinebant.

130 1984 356 2036 Postquam
383 1979 434 2022 de
463 1989 612 2022 ornatu
644 1995 666 2020 e
694 1980 834 2033 figuris
866 1980 1020 2022 dictum
1048 1990 1248 2037 quantum
1279 1983 1402 2022 huius

46 2059 129 2100 loci
168 2058 414 2108 videbatur,
471 2058 545 2097 ubi
590 2057 890 2110 simplicitatem
934 2058 1092 2098 Tibulli
1133 2060 1402 2108 illustramus,

49 2134 268 2174 dicendum
304 2134 426 2173 etiam
458 2132 507 2173 de
543 2137 771 2188 tropicarum
805 2135 1046 2185 locutionum,
1082 2141 1402 2190 comparationum

47 2219 83 2250 et
103 2209 432 2263 personfficationis
461 2224 549 2259 usu,
575 2209 654 2263 -qui
683 2211 786 2249 alter
817 2217 878 2250 est
901 2210 996 2251 fons
1022 2220 1190 2251 ornatae
1211 2211 1402 2253 dictionis

49 2284 116 2325 hic
146 2283 368 2325 notandus.
425 2283 508 2324 Sed
529 2284 721 2325 Tibullus
747 2286 869 2325 etiam
897 2285 941 2325 in
970 2287 1049 2326 hoc
1073 2301 1223 2338 genere
1253 2287 1402 2341 depre-

48 2358 246 2399 henditur
283 2358 505 2399 admodum
544 2359 732 2412 simplex.
804 2360 1004 2413 Tropicas
1044 2363 1273 2402 locutiones
1311 2364 1403 2404 vide

49 2434 114 2474 his
145 2436 246 2475 locis
278 2435 310 2486 Ι,
341 2438 379 2485 1,
411 2437 478 2474 55.
510 2438 577 2474 56.
608 2438 676 2474 63.
706 2437 774 2474 64.
807 2439 874 2474 75.
912 2436 943 2486 Ι,
973 2441 1013 2486 2,
1046 2440 1098 2476 92
1131 2445 1171 2476 et
1199 2437 1270 2478 fin.
1300 2439 1332 2489 1,
1365 2444 1403 2489 5,

51 2510 124 2551 fin.
162 2512 192 2559 Ι,
223 2516 259 2560 6,
288 2514 330 2552 5.
372 2511 403 2560 Ι,
431 2517 469 2561 8,
498 2514 537 2551 5.
576 2511 626 2561 ΙΙ,
659 2515 696 2561 3,
726 2512 794 2550 34.
838 2512 891 2557 11,
919 2512 958 2563 4,
990 2516 1028 2552 3.
1058 2513 1098 2552 4.
1128 2517 1166 2553 5.
1197 2517 1234 2554 6.
1291 2513 1401 2564 Quid

52 2584 265 2626 invenies?
335 2585 633 2627 Similitudines
668 2601 691 2626 a
722 2586 896 2627 vinculis
927 2596 966 2627 et
998 2588 1143 2640 poenis
1175 2603 1403 2639 servorum,

953 2679 992 2703 Π).
