1721 2953
604 142 850 183 TlBULLL
1329 156 1389 179 cm

42 260 125 299 vim
167 258 364 300 orationis
405 258 525 298 nimis
566 255 636 297 diu
672 258 910 297 continuata
949 256 1222 310 apostrophe,
1265 267 1392 306 quare

41 349 92 373 ne
123 335 349 374 ternarium
378 333 546 386 quidem
575 346 797 372 numerum
826 346 946 384 saepe
974 332 1127 385 posuit.
1150 353 1206 360 —-
1238 329 1393 368 Venia-

39 424 130 449 mus
160 424 268 448 nunc
291 407 339 446 ad
370 411 583 461 repetitionis
610 410 824 457 schemata,
859 422 1038 461 quorum
1067 420 1164 447 usus
1190 405 1393 458 plurimus

38 483 82 521 in
112 496 233 535 prosa
269 482 456 522 oratione
493 491 531 521 et
564 483 702 535 poesi,
748 482 857 522 unde
895 483 977 521 iam
1008 485 1197 522 rhetores
1234 488 1393 520 veteres

40 571 158 608 saepe
189 556 238 595 de
268 556 317 595 iis
348 566 560 597 notarunt.
618 558 730 598 Talis
757 573 858 598 vero
889 567 945 597 est
978 558 1158 610 primum
1182 557 1392 609 anaphora,

39 632 78 670 h.
98 644 131 669 e.
160 631 351 683 repetitio
381 634 494 672 vocis
523 634 806 684 gravissimae,
837 635 1084 686 particulae,
1118 631 1390 684 pronominis,

39 704 245 754 adiectivi‚
275 708 543 758 substantivi,
571 709 690 748 verbi
709 708 752 747 in
773 709 900 748 initiis
923 707 1239 755 sententiarum,
1266 719 1395 743 mem-

40 781 211 820 brorum
263 795 304 821 se
355 782 675 834 excipientium,
754 798 877 823 sensu
929 797 1028 822 vero
1085 781 1394 820 cohaerentium

37 855 191 907 (potest
218 865 353 896 tamen
379 871 465 898 vox
489 858 715 911 repetenda
744 860 865 897 etlam
891 866 985 910 post
1013 857 1173 895 initium
1201 855 1396 896 collocari

36 930 248 971 interdum
286 934 521 985 praemissis
561 935 649 974 aliis
687 935 825 974 verbis
864 930 1110 985 nonnullis),
1179 932 1315 970 Habet
1347 945 1394 969 ea

38 1007 308 1058 alacritatem,
346 1009 554 1060 vigorem,
598 1011 798 1058 calorem,
834 1017 873 1048 et
908 1009 952 1047 in
983 1008 1097 1047 omni
1129 1006 1267 1047 vivida
1300 1020 1393 1044 ora-

39 1081 151 1120 tione
182 1083 292 1121 ultro
325 1096 366 1122 se
399 1085 542 1134 offert,
583 1085 668 1124 sive
701 1084 870 1123 affectus
912 1083 1016 1122 adsit
1050 1082 1218 1135 proprie
1251 1080 1395 1131 dictus,

40 1156 126 1197 sive
158 1158 236 1196 alia
271 1171 393 1197 causa
427 1159 627 1209 alacritts,
668 1160 816 1198 fortius
847 1158 1010 1198 dicendi
1044 1170 1172 1208 genus
1205 1157 1397 1208 postulat,

40 1233 168 1272 veluti
202 1232 325 1271 Hom.
356 1231 504 1286 Odyss.
526 1234 606 1283 ΙΙΙ,
636 1234 718 1272 430
750 1247 839 1286 sqq.
871 1234 911 1272 in
948 1233 1207 1271 narratione:

88 1305 184 1355 ’Ὡς
212 1302 367 1362 ἔφαθ’·
401 1311 446 1350 οἱ·
473 1303 515 1350 δ’
546 1305 630 1364 ἄρα
662 1307 830 1356 πάντες
861 1306 1128 1350 ἐποίπνυον·
1166 1300 1280 1361 ἦλθε
1309 1308 1397 1360 μὲν

346 1378 401 1435 ἂρ
438 1382 552 1436 βοῦς

95 1460 141 1499 ἐκ
178 1455 356 1506 πεδίου,
392 1450 538 1510 ἦλθον
576 1455 621 1499 δὲ
657 1455 773 1511 θοῆς
810 1453 930 1512 παρά
970 1453 1076 1511 νηὸς
1112 1459 1227 1511 ἐΐσης

105 1525 368 1588 Τηλεμάχου
392 1536 538 1586 ἕταροι
559 1527 876 1587 μὲγαλήτορος·
900 1526 1016 1586 ἦλθε
1038 1530 1083 1573 δὲ
1104 1525 1288 1588 χαλκεύς
1305 1546 1395 1584 sqq.

41 1607 116 1646 ubi
140 1607 404 1646 manifestum
429 1615 488 1646 est
513 1615 735 1660 postquam
763 1605 938 1646 dictum:
970 1609 1011 1648 οἱ
1041 1599 1083 1648 δ’
1114 1602 1197 1661 ἄρα
1231 1604 1398 1651 πάντες

42 1680 316 1732 ἐποίπνυον,
358 1683 534 1735 repetito
573 1684 703 1721 verbo
744 1677 890 1736 ἦλθεν
927 1683 1033 1721 hanc
1069 1681 1317 1721 alacritatem
1355 1683 1397 1719 in

43 1755 230 1808 parando
273 1756 470 1796 sacrificio
515 1755 702 1807 depingi,
763 1764 911 1795 natura
951 1765 1094 1806 suapte
1138 1758 1180 1795 vi
1223 1755 1397 1795 ducente

43 1840 231 1884 poetam,
272 1839 316 1870 ut
344 1832 400 1870 ita
437 1840 623 1883 poneret.
692 1832 768 1870 Sed
803 1845 829 1870 a
865 1832 961 1870 nullo
997 1834 1144 1884 saepius
1180 1839 1401 1884 usurpatum

44 1910 113 1947 hoc
144 1908 294 1946 schema
332 1920 446 1960 quam
484 1921 511 1944 a
547 1907 706 1955 Tibullo,
749 1906 865 1946 cuius
906 1907 967 1944 rei
1001 1919 1123 1945 causa
1161 1907 1255 1945 satis
1292 1908 1400 1946 clara

44 1992 138 2037 post
182 1996 254 2032 ea,
309 1995 413 2035 quae
458 1980 507 2021 de
553 1983 694 2033 vigore
739 1995 914 2034 poeseos
956 1982 1217 2022 Tibullianae
1265 1991 1304 2021 et
1349 1982 1398 2022 (le

44 2061 179 2099 forma
215 2057 413 2097 orationis
449 2057 494 2096 in
528 2057 592 2096 his
623 2057 802 2096 distichis
839 2058 1103 2110 praevalente
1139 2072 1265 2110 supra
1296 2057 1402 2098 dicta

46 2142 154 2174 sunt.
220 2132 329 2172 Nam
367 2132 548 2183 primum
587 2131 755 2186 quidem
793 2141 938 2183 regnat
971 2133 1184 2185 anaphora
1225 2141 1262 2171 et
1302 2146 1399 2185 pro-

46 2209 180 2263 priam
213 2205 352 2248 sedem
382 2208 505 2247 habet
542 2207 586 2247 in
624 2207 710 2247 istis
741 2208 990 2256 divisionibus,
1035 2222 1137 2261 quas
1168 2222 1293 2261 supra
1328 2221 1400 2246 ox-

48 2284 201 2340 plicui:

161 2358 232 2399 Illa
262 2357 372 2397 favet
404 2370 475 2395 seu
508 2357 600 2409 quis
630 2356 791 2398 iuvenis
825 2371 933 2397 nova
963 2357 1107 2395 limina
1138 2364 1289 2406 tentat,

186 2453 188 2455 >
218 2433 300 2472 Seu
329 2440 484 2471 reserat
514 2432 598 2472 fixo
631 2431 751 2471 dente
785 2433 922 2483 puella
952 2432 1086 2470 fores:

165 2510 237 2548 Illa
267 2506 384 2547 docet
418 2506 562 2547 furtim
591 2507 708 2547 molli
739 2506 937 2547 decedere
966 2506 1094 2556 lecto,

222 2584 293 2622 Illa
321 2581 467 2635 pedem
501 2584 616 2622 nullo
649 2595 805 2635 ponere
838 2595 957 2634 posse
988 2594 1113 2628 sono,
