1721 2953
265 132 345 168 2015
576 123 946 168 COMMENTAR.
975 128 1033 168 IN
1064 129 1230 169 'l'lfflJL
1240 131 1288 170 LI

268 242 328 284 IV,
354 243 517 283 721sqq.
543 259 588 265 --
635 242 842 277 madidus
878 244 1075 289 Baccho,
1115 245 1147 280 b.
1176 257 1204 280 e.
1241 257 1344 290 sapa,
1382 251 1419 281 ut
1454 250 1606 284 Ovinius

268 307 379 340 docet.
428 306 509 339 Fuit
542 311 656 341 autem
693 319 776 352 sapa
809 315 955 345 mustum
988 312 1168 346 decoctum
1204 323 1310 356 usque
1343 315 1386 348 ad
1421 315 1606 358 dimidium,

267 380 305 407 ut
330 375 457 408 Vumo
482 372 565 407 dicit
587 385 642 419 ap.
667 375 756 409 Non.
782 388 814 410 c.
841 380 894 412 17.
921 390 971 414 nr.
998 382 1075 422 14„
1101 381 1166 414 etsi
1193 381 1345 414 Pmmus
1369 380 1464 423 XIV,
1489 384 1522 414 9.
1546 392 1607 414 us-

267 450 332 481 qne
358 438 401 471 ad
425 439 561 473 tertiam
596 445 727 484 partem
772 442 951 478 decoctum
984 445 1100 479 refert.
1149 446 1200 479 Ac
1225 450 1306 489 puta
1330 445 1472 479 hornum
1496 447 1610 479 vinum

267 505 393 546 fuisse,
417 505 519 540 etiam
546 507 700 540 HEYNm
726 513 903 552 monente,
929 511 1055 554 quippe
1082 511 1173 554 quod
1199 512 1264 544 iam
1291 511 1464 545 biberetur
1487 512 1609 545 Palili-

268 571 341 604 bus.
400 571 559 605 Ceterum
592 572 635 606 de
667 574 838 608 locutione
871 575 1037 607 madidus
1072 576 1151 608 vino
1183 577 1260 610 vide
1294 578 1335 610 ad
1368 578 1394 619 Ι,
1428 580 1462 619 2,
1495 580 1528 610 3.
1563 594 1609 600 --

269 636 515 680 Concinet‚
549 641 753 674 carminibus
779 643 965 686 pastoritiis
991 643 1179 676 celebrabit
1212 643 1334 676 festum
1361 648 1395 676 et
1417 644 1514 677 deam
1540 644 1609 676 Pa-

269 703 346 744 lem,
373 704 477 737 veluti
503 705 534 738 in
563 706 820 741 Ambarvalibus
844 719 944 752 supra
968 709 1012 750 ΙΙ,
1034 712 1066 743 1.
1090 720 1168 742 rura
1195 714 1230 742 et
1255 709 1299 742 dii
1326 710 1456 742 rurales
1481 720 1610 742 canun-

269 773 334 811 tur,
358 775 460 814 poeta
488 772 533 804 ibi
561 773 706 808 faciente
731 775 821 818 quod
848 777 965 809 rustici
992 777 1095 818 vulgo
1116 776 1228 810 facere
1254 776 1420 809 solebant.
1443 795 1478 800 —
1507 780 1612 808 tunc

270 838 431 878 procul
467 842 564 872 este
598 841 714 884 lupi,
752 847 832 876 tunc
857 843 1012 876 desistite
1038 843 1187 876 insidiari
1210 844 1375 885 stabulis,
1402 853 1476 876 cum
1504 844 1607 875 etiam

268 901 311 934 ad
337 912 397 935 vos
418 905 582 939 arcendos
605 906 726 940 Palilia
765 909 966 951 pertineant.
990 928 1035 933 —-
1062 909 1170 951 Ille,
1196 910 1373 943 commode
1399 911 1614 953 oppositione

271 969 478 1011 pronominis
500 974 608 1005 utitur
633 977 710 1017 post
735 975 835 1017 lupos
862 982 1076 1009 memoratos.
1097 995 1143 1000 —
1168 977 1383 1012 solemnis
1409 986 1613 1016 acervos,

271 1032 302 1065 h-
331 1044 362 1069 e.
387 1046 484 1070 more
508 1039 649 1072 solemni
675 1045 871 1084 congestos,
898 1046 1102 1083 exstructos,
1130 1043 1234 1074 veluti
1258 1041 1419 1073 solemnis
1443 1040 1535 1085 ignis
1561 1044 1614 1073 est

273 1101 381 1133 Onu.
416 1102 520 1138 Trist.
556 1104 616 1144 ΠΙ,
656 1108 710 1147 13,
746 1109 801 1138 16.
827 1124 873 1131 —
921 1107 1038 1139 levis
1076 1107 1296 1150 stipulae,
1335 1105 1486 1150 epitheto
1522 1107 1615 1139 vocis

273 1171 458 1210 consueto,
498 1167 551 1202 liic
577 1174 690 1202 tamen
717 1175 754 1203 ut
780 1171 877 1203 simul
905 1171 1002 1204 facile
1030 1173 1185 1215 laeteque
1211 1173 1332 1205 ardens
1358 1173 1482 1216 stipula
1509 1173 1616 1214 sigui-

272 1234 393 1266 ficetur
417 1234 623 1270 adiect0.-
649 1239 907 1280 transiliet,
931 1239 1118 1273 PROPERT.
1144 1240 1203 1281 lv,
1229 1241 1261 1279 4,
1290 1242 1344 1271 77.
1369 1238 1523 1271 laudatus
1548 1239 1615 1272 iam

272 1299 314 1330 ab
340 1299 426 1333 aliis.
452 1318 499 1326 —
540 1301 582 1335 V.
607 1305 650 1335 91
678 1315 752 1346 sqq.
802 1305 966 1346 Sequitur
999 1306 1137 1338 tertium
1164 1305 1335 1337 felicitatis
1361 1305 1515 1348 publicae
1541 1314 1616 1336 mo-

273 1368 435 1399 mentum.
485 1365 622 1400 Erravit
655 1368 828 1401 HEYNtth
865 1368 952 1402 hunc
993 1371 1104 1402 locum
1139 1380 1182 1402 ex
1216 1370 1439 1402 antecedente
1469 1368 1617 1412 pendere

272 1430 426 1473 credens,
450 1432 546 1474 quasi
571 1433 692 1464 Palilia
718 1434 819 1465 etiam
848 1435 1008 1466 matronis
1054 1434 1294 1467 secunditatem
1317 1434 1502 1474 attulerint,
1528 1433 1618 1475 qnod

274 1497 410 1529 nonita
444 1507 519 1529 esse
546 1497 699 1530 viderunt
748 1498 913 1540 vossius,
950 1499 1287 1541 Wrxx‘nssnmcflms,
1327 1499 1548 1532 Hvscuxms.
1572 1517 1619 1523 —

277 1560 397 1595 fetus
427 1563 565 1596 dabit.
614 1565 759 1608 Proprie
785 1565 850 1598 dici
877 1565 961 1599 clare
987 1565 1111 1599 liberos
1140 1567 1182 1599 de
1209 1567 1426 1609 parentibus,
1452 1567 1508 1609 qui
1536 1577 1617 1610 pro-

275 1633 393 1662 creant
416 1630 554 1671 liberos,
580 1634 616 1663 ut
641 1632 802 1664 Cmunr..
831 1632 923 1672 LXI,
942 1635 1022 1664 212.
1072 1632 1393 1666 Wus-nssnmcmvs
1418 1638 1545 1666 monet.
1570 1652 1616 1656 —

276 1696 555 1739 comprensis
589 1696 797 1738 auribus,
835 1701 886 1729 est
924 1707 1107 1740 puerorum
1141 1701 1176 1730 et
1214 1699 1409 1730 amantium.
1467 1698 1618 1731 Potum

277 1759 454 1795 Onomast.
479 1760 523 1802 X,
552 1763 638 1794 100:
676 1761 799 1793 εἰδέναι
832 1762 869 1794 δὲ
903 1758 943 1793 οιῗ
976 1762 1104 1800 φαῦλον
1138 1758 1190 1794 ὅτι
1212 1759 1327 1807 χύτρα
1353 1764 1409 1794 καὶ
1433 1759 1621 1806 φιλήματος

277 1821 364 1863 εἶδος
390 1818 448 1872 ἢν,
483 1823 582 1860 ὁπότε
607 1824 652 1859 Tr}
676 1829 799 1860 παιδία
825 1829 937 1873 φιλοίη
962 1830 1031 1861 τῶν
1058 1826 1152 1861 ὤτων
1177 1827 1481 1871 ἐπιλαμιβανὸμιεω.
1534 1832 1622 1863 ARI-

277 1903 406 1926 STAEN.
438 1892 550 1937 Epist.
582 1893 610 1935 I,
645 1896 685 1926 1:
726 1891 836 1934 Kdym*
868 1897 936 1926 τῶν
970 1891 1065 1926 ὢτων
1100 1895 1268 1939 λαβομένη
1303 1899 1378 1940 τρίς
1411 1907 1446 1928 σε
1479 1892 1622 1939 φιλήσω.

279 1960 428 2004 Copiose
465 1961 676 1993 illustrarunt
704 1970 775 1993 rem
801 1961 981 2002 Smwrrus,
1013 1962 1316 2003 ssnoccxnusms,
1348 1963 1530 2003 Vum’ms,
1568 1962 1624 1994 ubi

280 2027 377 2070 plura
398 2026 487 2061 vide.
536 2026 650 2059 Sentis
683 2037 783 2069 quam
830 2028 874 2060 sit
907 2029 1018 2060 suavis
1052 2027 1106 2061 hic
1140 2029 1246 2063 locus.
1274 2046 1319 2052 —-
1359 2028 1623 2070 advigilare

281 2093 456 2135 nepoti,
481 2091 512 2125 h.
537 2101 567 2125 e.
593 2092 734 2134 vigilare
759 2092 848 2135 apud
875 2092 1099 2126 dormientem
1123 2103 1277 2137 puerum.
1326 2093 1484 2126 Smoems
1509 2091 1620 2126 Theb.

282 2158 309 2200 Ι,
339 2161 413 2192 147.
449 2164 665 2203 comparatus
699 2171 718 2193 a
750 2160 1033 2193 BROUCKHUSlo:
1070 2172 1136 2192 non
1162 2159 1350 2204 impacatis
1376 2172 1496 2204 regum
1521 2158 1624 2192 advi-

279 2224 436 2271 gilantia
454 2225 583 2258 somnis
601 2225 696 2262 Pila,
721 2226 751 2259 h.
775 2237 804 2260 e.
833 2228 956 2260 milites
995 2228 1115 2269 vigiles
1141 2226 1386 2259 dormientibus
1409 2226 1558 2268 regibus.
1579 2243 1624 2249 —

283 2293 325 2326 V.
351 2295 396 2325 95
420 2303 493 2335 sqq.
542 2292 675 2326 Iuvabit
699 2293 853 2327 conferre
893 2294 999 2327 Vina.
1024 2295 1153 2335 Georg.
1175 2293 1220 2334 11,
1250 2295 1319 2325 514
1353 2303 1424 2334 sqq.
1463 2292 1518 2324 ubi
1551 2292 1625 2323 lau-

283 2357 365 2391 dans
391 2363 490 2402 poeta
525 2359 625 2393 vitam
658 2361 839 2402 rusticam,
889 2365 1067 2404 postquam
1095 2361 1137 2394 de
1160 2361 1295 2403 frugum
1323 2363 1487 2404 proventu
1514 2358 1626 2390 foetu-

283 2435 349 2466 que
375 2434 535 2468 pecorum
564 2424 668 2466 dixit,
706 2430 739 2458 et
774 2426 816 2459 de
851 2428 937 2459 natis
978 2427 1103 2459 circum
1130 2427 1245 2459 oscula
1271 2425 1420 2469 parentis
1445 2423 1625 2466 pendenti-

285 2488 349 2520 bus
373 2492 407 2521 et
431 2498 517 2530 quae
542 2493 619 2521 sunt
645 2488 855 2532 huiusmodi,
876 2495 1051 2533 postremo
1077 2491 1181 2523 etiam
1208 2490 1329 2523 festum
1356 2489 1469 2521 rurale
1495 2488 1625 2520 ‹leseri-

286 2552 334 2585 bit
363 2553 469 2586 instar
493 2554 642 2587 omnium
669 2565 789 2596 unum,
826 2554 915 2598 quod
944 2554 1080 2588 Baccho
1112 2558 1189 2598 post
1214 2553 1413 2586 vindemiant
1441 2552 1624 2585 celebrant.

289 2619 374 2652 Nam
400 2619 458 2653 ubi
488 2618 529 2653 de
556 2619 739 2665 felicitate
765 2623 910 2656 rusticae
936 2621 1024 2654 vitae
1059 2621 1189 2663 agitur,
1226 2620 1300 2661 quis
1326 2616 1505 2662 ses-lorum
1531 2627 1626 2650 rura-
