1721 2953
267 177 349 203 xcu
837 169 912 209 DE
942 166 1102 211 POESI

265 293 417 320 nonem
462 294 541 333 pro
581 295 720 322 amore
765 281 968 336 Sulpiciae
1011 292 1051 323 et
1095 283 1282 326 Cerinthi
1326 285 1522 339 scriptum
1563 287 1607 326 in

264 358 456 395 natalitiis
489 357 706 410 Sulpiciae.
770 358 955 400 Exordio
994 369 1186 413 precatur
1222 360 1338 402 deam
1377 370 1520 414 poeta,
1563 370 1607 401 ut

263 430 373 472 dona
399 436 558 486 puellae
584 436 760 486 benigne
785 437 973 490 recipiat,
999 437 1180 478 medium
1205 454 1368 479 carmen
1393 440 1501 493 ipsas
1527 453 1606 492 pro

261 496 340 548 lxo—c
380 524 518 548 amore
560 510 765 551 firmando
810 520 850 552 et
891 512 1044 553 tuendo
1089 529 1230 567 preces
1272 516 1419 565 habet,
1472 516 1605 554 exitus

260 582 438 638 denique
466 586 631 626 tertium
660 591 835 641 repetita
863 589 1125 631 invocatione
1153 593 1380 632 obtestatur
1403 593 1606 631 Iunonem

257 675 333 712 per
362 675 474 701 sacra
505 671 550 702 ut
584 673 759 715 annuat,
800 663 1005 719 descripto
1038 667 1187 706 affectu
1222 668 1385 719 puellae
1415 665 1605 706 disertius

258 735 311 775 ad
344 738 590 778 movendam
622 739 752 780 deam.
819 741 935 781 Nihil
966 742 1087 781 etiam
1116 742 1182 781 hic
1212 742 1312 793 fingi
1341 751 1474 795 potest
1507 756 1605 782 con-

257 815 433 855 cinnIus.
489 816 606 856 Adde
638 832 800 858 carmen
831 819 904 866 IV,
928 822 968 859 5.
1026 818 1208 872 Sulpicia
1234 821 1279 859 in
1307 820 1501 860 natalitiis
1527 819 1604 859 Ce-

253 892 384 930 rinthi
422 901 519 933 vota
559 893 655 933 facit
694 908 772 946 pro
817 908 957 935 amore
998 909 1088 935 suo.
1167 895 1305 949 Atque
1346 896 1390 934 in
1431 895 1604 935 exordio

254 971 417 1009 nuntiat
450 979 636 1011 sanctum
665 972 743 1012 sibi
779 987 942 1025 semper
971 981 1010 1013 et
1038 974 1187 1012 festum
1220 974 1330 1012 hunc
1364 972 1491 1023 diem,
1532 973 1605 1026 qui

254 1045 498 1086 Cerinthum
536 1048 706 1089 dederit.
761 1049 904 1089 Media
933 1065 1030 1103 pars
1065 1051 1256 1090 carminis
1291 1065 1432 1103 preces
1466 1051 1603 1100 habet,

251 1122 470 1162 invocatur
500 1123 656 1164 Genius
689 1133 729 1164 et
757 1127 925 1176 Venus,
969 1134 1015 1164 ut
1043 1126 1209 1166 faveant
1241 1126 1304 1163 his
1336 1126 1488 1165 verbis.
1553 1126 1604 1164 In

253 1198 366 1237 exitu
407 1198 586 1253 denique
629 1202 832 1253 repetitur
872 1202 1080 1242 invocatio
1124 1202 1296 1241 Natalis.
1373 1200 1440 1242 Sic
1482 1202 1603 1241 etiam

250 1275 374 1314 huius
404 1275 595 1316 carminis
625 1276 766 1317 eadem
795 1278 1048 1329 compositio.
1105 1277 1177 1317 Est
1204 1277 1248 1316 iu
1277 1278 1468 1316 omnibus
1494 1278 1603 1316 clara

251 1350 456 1392 distinctio
494 1354 619 1392 trium
664 1363 992 1405 momentorum,
1043 1368 1222 1407 quorum
1263 1363 1464 1395 concentu
1505 1369 1601 1395 con-

249 1425 406 1466 tinetur
448 1429 583 1468 unitas
629 1429 793 1481 elegiae.
873 1429 1101 1469 Videamus
1138 1443 1250 1469 nune
1289 1444 1452 1470 carmen
1487 1431 1527 1479 Ι,
1563 1437 1601 1469 Τ.

252 1501 365 1555 quod
406 1512 444 1543 et
480 1503 613 1555 ipsum
652 1504 900 1555 natalitium,
942 1505 1013 1545 sed
1048 1506 1170 1555 longe
1200 1505 1346 1544 maius.
1406 1504 1599 1543 Celebra-

250 1585 320 1616 tur
347 1579 436 1617 laus
465 1578 680 1618 Messalae.
737 1578 824 1619 Iam
858 1594 1035 1633 quaero:
1073 1580 1159 1621 Ubi
1189 1578 1240 1618 ad
1270 1578 1434 1618 laudem
1463 1581 1601 1631 magni

248 1654 330 1693 viri
359 1653 644 1694 celebrandam
680 1655 853 1694 natalitii
878 1654 970 1694 sesti
999 1654 1256 1695 solemnitate
1282 1655 1432 1703 utaris,
1475 1667 1599 1707 quem

248 1730 372 1779 vulgo
409 1737 605 1782 sequetur
641 1743 804 1769 cursum
839 1728 998 1782 elegia?
1065 1727 1263 1771 Ordietur
1296 1744 1320 1769 a
1353 1731 1598 1769 salutatione

249 1802 352 1855 diei,
395 1807 467 1858 qui
500 1806 627 1846 vitam
665 1805 778 1846 dedit
813 1807 885 1846 tali
922 1808 1036 1857 viro,
1078 1816 1168 1846 tum
1203 1807 1325 1846 latius
1361 1805 1512 1845 diffusa
1548 1806 1600 1846 ad

248 1881 551 1931 expositionem
584 1881 776 1921 disertam
804 1880 974 1921 laudum
1003 1890 1168 1934 perget,
1200 1881 1246 1921 in
1277 1883 1392 1922 exitu
1421 1882 1597 1934 denique

248 1955 466 1994 contractis
503 1957 604 1995 velis
642 1964 739 1996 vota
780 1957 899 1996 faciet
934 1969 1010 2008 pro
1044 1957 1186 1995 futura
1217 1957 1421 1997 felicitate.
1491 1956 1598 1996 Vide

248 2043 359 2068 nunc
396 2030 624 2070 Tibullum.
700 2030 804 2070 Cum
842 2032 1022 2070 Messala
1057 2045 1194 2084 nuper
1231 2031 1322 2083 ipso
1368 2030 1432 2070 die
1473 2032 1599 2071 natali

246 2105 419 2146 fudisset
447 2108 676 2161 Aquitanos
705 2123 852 2160 magno
882 2109 1065 2161 proelio,
1096 2117 1219 2161 poeta
1247 2110 1291 2148 in
1318 2107 1490 2148 exordio
1516 2122 1596 2161 pro

247 2184 493 2233 generaliori
519 2183 641 2224 laude
667 2183 749 2223 diei
775 2186 908 2224 statim
936 2186 1042 2225 hanc
1067 2185 1281 2225 victoriam
1309 2184 1439 2237 ipsam
1464 2186 1595 2236 ponit,

247 2265 293 2295 ut
340 2259 516 2297 maxime
567 2260 782 2312 proprium
832 2261 1035 2300 honorem
1082 2269 1122 2300 et
1171 2261 1458 2300 salutationem
1504 2259 1596 2301 diei.

248 2331 364 2381 Quae
391 2335 561 2385 pulchra
588 2336 772 2375 inventio
804 2345 886 2386 est3
920 2337 1110 2388 specialia
1139 2336 1404 2384 substituere,
1435 2335 1506 2374 ubi
1530 2349 1595 2375 res

247 2408 344 2456 sert,
373 2409 619 2458 generaliori
649 2411 804 2450 formae
837 2420 944 2450 amat
972 2411 1122 2463 poesis.
1181 2410 1262 2450 Sed
1291 2410 1388 2464 quid
1413 2409 1594 2449 medium

248 2497 409 2522 carmen
446 2484 596 2523 habet?
657 2486 823 2526 Ceteras
855 2501 920 2526 res
948 2497 1078 2538 gestas
1105 2488 1204 2538 viri,
1237 2487 1320 2527 sive
1351 2487 1594 2527 remotiores

247 2558 389 2599 laudes
420 2562 562 2600 natalis
593 2560 688 2611 diei,
721 2564 908 2603 oratione
933 2579 1042 2604 nunc
1070 2564 1111 2603 in
1140 2563 1381 2615 ampliorem
1405 2575 1593 2613 campum

249 2644 498 2676 transeunte.
558 2637 661 2678 Cum
689 2647 824 2679 autem
855 2641 897 2680 iu
926 2641 1149 2681 maioribus
1177 2639 1312 2690 elegiis
1339 2638 1464 2688 vulgo
1491 2638 1591 2677 duas
