<?xml version="1.0" encoding="UTF-8"?>
<!DOCTYPE html PUBLIC "-//W3C//DTD XHTML 1.0 Transitional//EN"
    "http://www.w3.org/TR/xhtml1/DTD/xhtml1-transitional.dtd">
<html xmlns="http://www.w3.org/1999/xhtml" xml:lang="en" lang="en">
 <head>
  <title>
</title>
<meta http-equiv="Content-Type" content="text/html;charset=utf-8" />
  <meta name='ocr-system' content='tesseract 3.04.00' />
  <meta name='ocr-capabilities' content='ocr_page ocr_carea ocr_par ocr_line ocrx_word'/>
</head>
<body>
  <div class='ocr_page' id='page_1' title='image "./carminaexrecensi00tibuuoft_0043.png"; bbox 0 0 1721 2953; ppageno 0'>
   <div class='ocr_carea' id='block_1_1' title="bbox 451 641 1114 689">
    <p class='ocr_par' dir='ltr' id='par_1_1' title="bbox 451 641 1114 689">
     <span class='ocr_line' id='line_1_1' title="bbox 451 641 1114 689; baseline -0.009 -2"><span class='ocrx_word' id='word_1_1' title='bbox 451 647 535 687; x_wconf 93' lang='lat' dir='ltr'>DE</span> <span class='ocrx_word' id='word_1_2' title='bbox 579 643 777 689; x_wconf 90' lang='lat' dir='ltr'>POESI</span> <span class='ocrx_word' id='word_1_3' title='bbox 814 641 1114 685; x_wconf 86' lang='lat' dir='ltr'><strong>TIBULLI.</strong></span> 
     </span>
    </p>
   </div>
   <div class='ocr_carea' id='block_1_2' title="bbox 106 779 1464 1549">
    <p class='ocr_par' dir='ltr' id='par_1_2' title="bbox 106 779 1464 1549">
     <span class='ocr_line' id='line_1_2' title="bbox 107 779 1461 860; baseline -0.01 -12"><span class='ocrx_word' id='word_1_4' title='bbox 107 779 358 860; x_wconf 80' lang='lat' dir='ltr'>Postquam</span> <span class='ocrx_word' id='word_1_5' title='bbox 398 803 447 845; x_wconf 83' lang='lat' dir='ltr'>de</span> <span class='ocrx_word' id='word_1_6' title='bbox 484 804 568 846; x_wconf 87' lang='lat' dir='ltr'>vita</span> <span class='ocrx_word' id='word_1_7' title='bbox 603 802 761 844; x_wconf 84' lang='lat' dir='ltr'>Tibulli</span> <span class='ocrx_word' id='word_1_8' title='bbox 800 800 953 842; x_wconf 89' lang='lat' dir='ltr'>dictum</span> <span class='ocrx_word' id='word_1_9' title='bbox 994 806 1073 850; x_wconf 76' lang='lat' dir='ltr'>est,</span> <span class='ocrx_word' id='word_1_10' title='bbox 1114 796 1296 838; x_wconf 83' lang='lat' dir='ltr'>dicemus</span> <span class='ocrx_word' id='word_1_11' title='bbox 1339 797 1461 836; x_wconf 86' lang='lat' dir='ltr'>etiam</span> 
     </span>
     <span class='ocr_line' id='line_1_3' title="bbox 110 873 1460 936; baseline -0.01 -11"><span class='ocrx_word' id='word_1_12' title='bbox 110 884 159 924; x_wconf 90' lang='lat' dir='ltr'>de</span> <span class='ocrx_word' id='word_1_13' title='bbox 189 885 355 936; x_wconf 86' lang='lat' dir='ltr'>ingenio</span> <span class='ocrx_word' id='word_1_14' title='bbox 388 891 427 922; x_wconf 91' lang='lat' dir='ltr'>et</span> <span class='ocrx_word' id='word_1_15' title='bbox 456 880 574 935; x_wconf 87' lang='lat' dir='ltr'>poesi</span> <span class='ocrx_word' id='word_1_16' title='bbox 604 881 705 921; x_wconf 84' lang='lat' dir='ltr'>eius.</span> <span class='ocrx_word' id='word_1_17' title='bbox 771 878 1052 931; x_wconf 84' lang='lat' dir='ltr'>Disputarunt</span> <span class='ocrx_word' id='word_1_18' title='bbox 1081 877 1284 916; x_wconf 88' lang='lat' dir='ltr'>nonnulla</span> <span class='ocrx_word' id='word_1_19' title='bbox 1323 873 1373 913; x_wconf 84' lang='lat' dir='ltr'>de</span> <span class='ocrx_word' id='word_1_20' title='bbox 1413 888 1460 912; x_wconf 88' lang='lat' dir='ltr'>ea</span> 
     </span>
     <span class='ocr_line' id='line_1_4' title="bbox 106 952 1460 1014; baseline -0.01 -11"><span class='ocrx_word' id='word_1_21' title='bbox 106 977 151 1003; x_wconf 87' lang='lat' dir='ltr'>re</span> <span class='ocrx_word' id='word_1_22' title='bbox 181 964 427 1014; x_wconf 82' lang='lat' dir='ltr'>interpretes</span> <span class='ocrx_word' id='word_1_23' title='bbox 457 959 570 1000; x_wconf 89' lang='lat' dir='ltr'>Albii</span> <span class='ocrx_word' id='word_1_24' title='bbox 600 966 640 997; x_wconf 89' lang='lat' dir='ltr'>et</span> <span class='ocrx_word' id='word_1_25' title='bbox 669 956 888 1009; x_wconf 88' lang='lat' dir='ltr'>scriptores</span> <span class='ocrx_word' id='word_1_26' title='bbox 916 955 1111 995; x_wconf 82' lang='lat' dir='ltr'><strong>historiae</strong></span> <span class='ocrx_word' id='word_1_27' title='bbox 1135 952 1355 1003; x_wconf 70' lang='lat' dir='ltr'>litei-ariae,</span> <span class='ocrx_word' id='word_1_28' title='bbox 1387 965 1460 991; x_wconf 90' lang='lat' dir='ltr'>nec</span> 
     </span>
     <span class='ocr_line' id='line_1_5' title="bbox 110 1031 1460 1087; baseline -0.009 -8"><span class='ocrx_word' id='word_1_29' title='bbox 110 1052 196 1079; x_wconf 88' lang='lat' dir='ltr'>non</span> <span class='ocrx_word' id='word_1_30' title='bbox 228 1036 495 1078; x_wconf 85' lang='lat' dir='ltr'>Wielandius</span> <span class='ocrx_word' id='word_1_31' title='bbox 527 1035 580 1076; x_wconf 87' lang='lat' dir='ltr'>ad</span> <span class='ocrx_word' id='word_1_32' title='bbox 609 1035 773 1075; x_wconf 81' lang='lat' dir='ltr'>Horatii</span> <span class='ocrx_word' id='word_1_33' title='bbox 812 1035 1026 1087; x_wconf 86' lang='lat' dir='ltr'>epistolam</span> <span class='ocrx_word' id='word_1_34' title='bbox 1054 1032 1153 1071; x_wconf 85' lang='lat' dir='ltr'>libri</span> <span class='ocrx_word' id='word_1_35' title='bbox 1181 1031 1305 1083; x_wconf 85' lang='lat' dir='ltr'>primi</span> <span class='ocrx_word' id='word_1_36' title='bbox 1337 1044 1460 1082; x_wconf 82' lang='lat' dir='ltr'>quar-</span> 
     </span>
     <span class='ocr_line' id='line_1_6' title="bbox 108 1108 1461 1167; baseline -0.008 -11"><span class='ocrx_word' id='word_1_37' title='bbox 108 1125 192 1156; x_wconf 87' lang='lat' dir='ltr'>tam</span> <span class='ocrx_word' id='word_1_38' title='bbox 222 1124 262 1156; x_wconf 85' lang='lat' dir='ltr'>et</span> <span class='ocrx_word' id='word_1_39' title='bbox 290 1129 426 1167; x_wconf 81' lang='lat' dir='ltr'>nuper</span> <span class='ocrx_word' id='word_1_40' title='bbox 455 1116 721 1154; x_wconf 87' lang='lat' dir='ltr'>Hermannus</span> <span class='ocrx_word' id='word_1_41' title='bbox 751 1111 972 1153; x_wconf 87' lang='lat' dir='ltr'>Paldamus</span> <span class='ocrx_word' id='word_1_42' title='bbox 1000 1111 1044 1149; x_wconf 89' lang='lat' dir='ltr'>in</span> <span class='ocrx_word' id='word_1_43' title='bbox 1072 1110 1235 1158; x_wconf 83' lang='lat' dir='ltr'>libello,</span> <span class='ocrx_word' id='word_1_44' title='bbox 1272 1108 1338 1147; x_wconf 88' lang='lat' dir='ltr'>cui</span> <span class='ocrx_word' id='word_1_45' title='bbox 1364 1108 1461 1145; x_wconf 79' lang='lat' dir='ltr'>titu-</span> 
     </span>
     <span class='ocr_line' id='line_1_7' title="bbox 107 1182 1461 1238; baseline -0.008 -7"><span class='ocrx_word' id='word_1_46' title='bbox 107 1194 195 1232; x_wconf 84' lang='lat' dir='ltr'>lus:</span> <span class='ocrx_word' id='word_1_47' title='bbox 226 1190 448 1230; x_wconf 70' lang='lat' dir='ltr'>Romische</span> <span class='ocrx_word' id='word_1_48' title='bbox 478 1189 640 1238; x_wconf 85' lang='lat' dir='ltr'>Erotik,</span> <span class='ocrx_word' id='word_1_49' title='bbox 668 1188 839 1226; x_wconf 87' lang='lat' dir='ltr'>uberius</span> <span class='ocrx_word' id='word_1_50' title='bbox 870 1199 971 1226; x_wconf 88' lang='lat' dir='ltr'>vero</span> <span class='ocrx_word' id='word_1_51' title='bbox 1004 1186 1146 1224; x_wconf 88' lang='lat' dir='ltr'>ceteris</span> <span class='ocrx_word' id='word_1_52' title='bbox 1175 1182 1461 1236; x_wconf 74' lang='lat' dir='ltr'>imprimisque</span> 
     </span>
     <span class='ocr_line' id='line_1_8' title="bbox 109 1258 1464 1320; baseline -0.009 -12"><span class='ocrx_word' id='word_1_53' title='bbox 109 1271 316 1320; x_wconf 76' lang='lat' dir='ltr'>eleganter</span> <span class='ocrx_word' id='word_1_54' title='bbox 362 1267 460 1306; x_wconf 89' lang='lat' dir='ltr'>olim</span> <span class='ocrx_word' id='word_1_55' title='bbox 505 1266 655 1305; x_wconf 81' lang='lat' dir='ltr'>Mauso</span> <span class='ocrx_word' id='word_1_56' title='bbox 704 1265 748 1303; x_wconf 89' lang='lat' dir='ltr'>in</span> <span class='ocrx_word' id='word_1_57' title='bbox 794 1262 1094 1302; x_wconf 85' lang='lat' dir='ltr'>Additamentis</span> <span class='ocrx_word' id='word_1_58' title='bbox 1140 1258 1192 1298; x_wconf 82' lang='lat' dir='ltr'>ad</span> <span class='ocrx_word' id='word_1_59' title='bbox 1242 1258 1464 1298; x_wconf 84' lang='lat' dir='ltr'>Sulzerum</span> 
     </span>
     <span class='ocr_line' id='line_1_9' title="bbox 109 1339 1463 1398; baseline -0.009 -10"><span class='ocrx_word' id='word_1_60' title='bbox 109 1350 228 1388; x_wconf 89' lang='lat' dir='ltr'>Tom.</span> <span class='ocrx_word' id='word_1_61' title='bbox 257 1347 309 1398; x_wconf 85' lang='lat' dir='ltr'>II,</span> <span class='ocrx_word' id='word_1_62' title='bbox 348 1346 446 1385; x_wconf 89' lang='lat' dir='ltr'>fasc.</span> <span class='ocrx_word' id='word_1_63' title='bbox 477 1348 523 1395; x_wconf 81' lang='lat'>13</span> <span class='ocrx_word' id='word_1_64' title='bbox 567 1342 639 1383; x_wconf 88' lang='lat' dir='ltr'>sed</span> <span class='ocrx_word' id='word_1_65' title='bbox 675 1356 798 1382; x_wconf 89' lang='lat' dir='ltr'>nemo</span> <span class='ocrx_word' id='word_1_66' title='bbox 831 1343 983 1381; x_wconf 88' lang='lat' dir='ltr'>horum</span> <span class='ocrx_word' id='word_1_67' title='bbox 1021 1353 1164 1379; x_wconf 87' lang='lat' dir='ltr'>omnes</span> <span class='ocrx_word' id='word_1_68' title='bbox 1201 1339 1463 1392; x_wconf 81' lang='lat' dir='ltr'>quaestiones</span> 
     </span>
     <span class='ocr_line' id='line_1_10' title="bbox 109 1417 1463 1477; baseline -0.008 -14"><span class='ocrx_word' id='word_1_69' title='bbox 109 1430 348 1477; x_wconf 85' lang='lat' dir='ltr'>persecutus</span> <span class='ocrx_word' id='word_1_70' title='bbox 381 1429 440 1461; x_wconf 91' lang='lat' dir='ltr'>est</span> <span class='ocrx_word' id='word_1_71' title='bbox 471 1419 622 1474; x_wconf 84' lang='lat' dir='ltr'>quibus</span> <span class='ocrx_word' id='word_1_72' title='bbox 642 1431 772 1471; x_wconf 85' lang='lat' dir='ltr'>opus,</span> <span class='ocrx_word' id='word_1_73' title='bbox 803 1418 837 1457; x_wconf 89' lang='lat' dir='ltr'>si</span> <span class='ocrx_word' id='word_1_74' title='bbox 865 1417 1031 1470; x_wconf 88' lang='lat' dir='ltr'>penitus</span> <span class='ocrx_word' id='word_1_75' title='bbox 1054 1417 1260 1456; x_wconf 85' lang='lat' dir='ltr'>illustrare</span> <span class='ocrx_word' id='word_1_76' title='bbox 1291 1418 1463 1467; x_wconf 85' lang='lat' dir='ltr'>scripto-</span> 
     </span>
     <span class='ocr_line' id='line_1_11' title="bbox 107 1493 1462 1549; baseline -0.009 -9"><span class='ocrx_word' id='word_1_77' title='bbox 107 1515 197 1540; x_wconf 86' lang='lat' dir='ltr'>rem</span> <span class='ocrx_word' id='word_1_78' title='bbox 225 1498 409 1549; x_wconf 84' lang='lat' dir='ltr'>studeas3</span> <span class='ocrx_word' id='word_1_79' title='bbox 441 1511 515 1549; x_wconf 84' lang='lat' dir='ltr'>ego</span> <span class='ocrx_word' id='word_1_80' title='bbox 543 1510 644 1537; x_wconf 90' lang='lat' dir='ltr'>vero</span> <span class='ocrx_word' id='word_1_81' title='bbox 674 1497 732 1537; x_wconf 85' lang='lat' dir='ltr'>ita</span> <span class='ocrx_word' id='word_1_82' title='bbox 760 1509 850 1535; x_wconf 88' lang='lat' dir='ltr'>rem</span> <span class='ocrx_word' id='word_1_83' title='bbox 878 1503 1053 1535; x_wconf 88' lang='lat' dir='ltr'>tractare</span> <span class='ocrx_word' id='word_1_84' title='bbox 1087 1493 1289 1543; x_wconf 88' lang='lat' dir='ltr'>conabor,</span> <span class='ocrx_word' id='word_1_85' title='bbox 1320 1505 1462 1544; x_wconf 85' lang='lat' dir='ltr'>quem-</span> 
     </span>
    </p>
   </div>
   <div class='ocr_carea' id='block_1_3' title="bbox 108 1570 1463 1622">
    <p class='ocr_par' dir='ltr' id='par_1_3' title="bbox 108 1570 1463 1622">
     <span class='ocr_line' id='line_1_12' title="bbox 108 1570 1463 1622; baseline -0.01 -5"><span class='ocrx_word' id='word_1_86' title='bbox 108 1575 333 1617; x_wconf 81' lang='lat' dir='ltr'>admodum</span> <span class='ocrx_word' id='word_1_87' title='bbox 373 1574 496 1613; x_wconf 84' lang='lat' dir='ltr'>etiam</span> <span class='ocrx_word' id='word_1_88' title='bbox 533 1574 642 1614; x_wconf 79' lang='lat' dir='ltr'>iusta</span> <span class='ocrx_word' id='word_1_89' title='bbox 679 1571 987 1611; x_wconf 85' lang='lat' dir='ltr'>hermeneutica</span> <span class='ocrx_word' id='word_1_90' title='bbox 1024 1570 1226 1622; x_wconf 83' lang='lat' dir='ltr'>postulat,</span> <span class='ocrx_word' id='word_1_91' title='bbox 1271 1575 1318 1606; x_wconf 87' lang='lat' dir='ltr'>ut</span> <span class='ocrx_word' id='word_1_92' title='bbox 1356 1580 1463 1620; x_wconf 82' lang='lat' dir='ltr'>quae</span> 
     </span>
    </p>
   </div>
   <div class='ocr_carea' id='block_1_4' title="bbox 71 1642 1464 1708">
    <p class='ocr_par' dir='ltr' id='par_1_4' title="bbox 71 1642 1464 1708">
     <span class='ocr_line' id='line_1_13' title="bbox 71 1642 1464 1708; baseline -0.009 -15"><span class='ocrx_word' id='word_1_93' title='bbox 71 1667 74 1670; x_wconf 89' lang='grc'><em>·</em></span> <span class='ocrx_word' id='word_1_94' title='bbox 107 1653 278 1708; x_wconf 87' lang='lat' dir='ltr'>propria</span> <span class='ocrx_word' id='word_1_95' title='bbox 309 1650 570 1691; x_wconf 88' lang='lat' dir='ltr'>Tibullianae</span> <span class='ocrx_word' id='word_1_96' title='bbox 599 1660 773 1701; x_wconf 80' lang='lat' dir='ltr'>poeseos</span> <span class='ocrx_word' id='word_1_97' title='bbox 806 1654 845 1685; x_wconf 89' lang='lat' dir='ltr'>et</span> <span class='ocrx_word' id='word_1_98' title='bbox 880 1645 931 1686; x_wconf 88' lang='lat' dir='ltr'>ad</span> <span class='ocrx_word' id='word_1_99' title='bbox 963 1658 1106 1686; x_wconf 86' lang='lat' dir='ltr'>veram</span> <span class='ocrx_word' id='word_1_100' title='bbox 1135 1643 1337 1684; x_wconf 84' lang='lat' dir='ltr'>rationem</span> <span class='ocrx_word' id='word_1_101' title='bbox 1376 1642 1464 1681; x_wconf 86' lang='lat' dir='ltr'>eius</span> 
     </span>
    </p>
   </div>
   <div class='ocr_carea' id='block_1_5' title="bbox 109 1720 1464 1855">
    <p class='ocr_par' dir='ltr' id='par_1_5' title="bbox 109 1720 1464 1855">
     <span class='ocr_line' id='line_1_14' title="bbox 111 1720 1464 1778; baseline -0.008 -10"><span class='ocrx_word' id='word_1_102' title='bbox 111 1724 436 1778; x_wconf 79' lang='lat' dir='ltr'>cognoscendam</span> <span class='ocrx_word' id='word_1_103' title='bbox 479 1724 717 1765; x_wconf 79' lang='lat' dir='ltr'>necessaria·</span> <span class='ocrx_word' id='word_1_104' title='bbox 749 1720 908 1770; x_wconf 87' lang='lat' dir='ltr'>iudico,</span> <span class='ocrx_word' id='word_1_105' title='bbox 957 1734 1102 1760; x_wconf 90' lang='lat' dir='ltr'>eorum</span> <span class='ocrx_word' id='word_1_106' title='bbox 1144 1720 1308 1772; x_wconf 90' lang='lat' dir='ltr'>potiora</span> <span class='ocrx_word' id='word_1_107' title='bbox 1353 1732 1464 1758; x_wconf 85' lang='lat' dir='ltr'>com-</span> 
     </span>
     <span class='ocr_line' id='line_1_15' title="bbox 109 1793 1462 1855; baseline -0.004 -16"><span class='ocrx_word' id='word_1_108' title='bbox 109 1803 267 1855; x_wconf 84' lang='lat' dir='ltr'>plectar</span> <span class='ocrx_word' id='word_1_109' title='bbox 296 1799 456 1845; x_wconf 87' lang='lat' dir='ltr'>omnia,</span> <span class='ocrx_word' id='word_1_110' title='bbox 496 1797 751 1836; x_wconf 84' lang='lat' dir='ltr'>refutaturus</span> <span class='ocrx_word' id='word_1_111' title='bbox 789 1796 868 1834; x_wconf 89' lang='lat' dir='ltr'>hoc</span> <span class='ocrx_word' id='word_1_112' title='bbox 906 1793 1032 1833; x_wconf 89' lang='lat' dir='ltr'>modo</span> <span class='ocrx_word' id='word_1_113' title='bbox 1067 1796 1190 1833; x_wconf 90' lang='lat' dir='ltr'>simul</span> <span class='ocrx_word' id='word_1_114' title='bbox 1220 1807 1381 1834; x_wconf 85' lang='lat' dir='ltr'>errores</span> <span class='ocrx_word' id='word_1_115' title='bbox 1413 1793 1462 1833; x_wconf 92' lang='lat' dir='ltr'>de</span> 
     </span>
    </p>
   </div>
   <div class='ocr_carea' id='block_1_6' title="bbox 110 1871 1466 2154">
    <p class='ocr_par' dir='ltr' id='par_1_6' title="bbox 110 1871 1466 2154">
     <span class='ocr_line' id='line_1_16' title="bbox 111 1871 1465 1929; baseline -0.006 -12"><span class='ocrx_word' id='word_1_116' title='bbox 111 1887 196 1917; x_wconf 85' lang='lat' dir='ltr'>arte</span> <span class='ocrx_word' id='word_1_117' title='bbox 236 1883 381 1929; x_wconf 84' lang='lat' dir='ltr'>poetae</span> <span class='ocrx_word' id='word_1_118' title='bbox 417 1875 542 1924; x_wconf 81' lang='lat' dir='ltr'>vulgo</span> <span class='ocrx_word' id='word_1_119' title='bbox 580 1886 799 1926; x_wconf 77' lang='lat' dir='ltr'>perperam</span> <span class='ocrx_word' id='word_1_120' title='bbox 837 1884 1014 1926; x_wconf 70' lang='lat' dir='ltr'>sparsos,</span> <span class='ocrx_word' id='word_1_121' title='bbox 1072 1871 1220 1911; x_wconf 83' lang='lat' dir='ltr'>Dicam</span> <span class='ocrx_word' id='word_1_122' title='bbox 1248 1885 1350 1911; x_wconf 83' lang='lat' dir='ltr'>vero</span> <span class='ocrx_word' id='word_1_123' title='bbox 1378 1872 1465 1923; x_wconf 88' lang='lat' dir='ltr'>pri-</span> 
     </span>
     <span class='ocr_line' id='line_1_17' title="bbox 110 1948 1465 2002; baseline -0.005 -9"><span class='ocrx_word' id='word_1_124' title='bbox 110 1967 223 1993; x_wconf 87' lang='lat' dir='ltr'>mum</span> <span class='ocrx_word' id='word_1_125' title='bbox 253 1951 303 1991; x_wconf 91' lang='lat' dir='ltr'>de</span> <span class='ocrx_word' id='word_1_126' title='bbox 330 1958 571 2002; x_wconf 83' lang='lat' dir='ltr'>argumento</span> <span class='ocrx_word' id='word_1_127' title='bbox 600 1962 773 2002; x_wconf 85' lang='lat' dir='ltr'>poeseos</span> <span class='ocrx_word' id='word_1_128' title='bbox 804 1948 1077 1996; x_wconf 84' lang='lat' dir='ltr'>Tibullianae,</span> <span class='ocrx_word' id='word_1_129' title='bbox 1108 1960 1192 2001; x_wconf 79' lang='lat' dir='ltr'>quo</span> <span class='ocrx_word' id='word_1_130' title='bbox 1222 1948 1308 1986; x_wconf 83' lang='lat' dir='ltr'>fere</span> <span class='ocrx_word' id='word_1_131' title='bbox 1338 1949 1465 1999; x_wconf 83' lang='lat' dir='ltr'>perti-</span> 
     </span>
     <span class='ocr_line' id='line_1_18' title="bbox 110 2022 1465 2080; baseline -0.004 -12"><span class='ocrx_word' id='word_1_132' title='bbox 110 2038 210 2069; x_wconf 82' lang='lat' dir='ltr'>nent</span> <span class='ocrx_word' id='word_1_133' title='bbox 240 2028 537 2080; x_wconf 79' lang='lat' dir='ltr'>disputationes</span> <span class='ocrx_word' id='word_1_134' title='bbox 566 2025 775 2076; x_wconf 76' lang='lat' dir='ltr'>laudatae,</span> <span class='ocrx_word' id='word_1_135' title='bbox 806 2023 955 2064; x_wconf 90' lang='lat' dir='ltr'>deinde</span> <span class='ocrx_word' id='word_1_136' title='bbox 985 2022 1035 2063; x_wconf 88' lang='lat' dir='ltr'>de</span> <span class='ocrx_word' id='word_1_137' title='bbox 1063 2023 1197 2062; x_wconf 84' lang='lat' dir='ltr'>forma</span> <span class='ocrx_word' id='word_1_138' title='bbox 1229 2032 1268 2062; x_wconf 86' lang='lat' dir='ltr'>et</span> <span class='ocrx_word' id='word_1_139' title='bbox 1298 2036 1465 2075; x_wconf 86' lang='lat' dir='ltr'>compo-</span> 
     </span>
     <span class='ocr_line' id='line_1_19' title="bbox 110 2098 1466 2154; baseline -0.007 -9"><span class='ocrx_word' id='word_1_140' title='bbox 110 2105 258 2146; x_wconf 84' lang='lat' dir='ltr'>sitione</span> <span class='ocrx_word' id='word_1_141' title='bbox 288 2104 437 2144; x_wconf 78' lang='lat' dir='ltr'>harum</span> <span class='ocrx_word' id='word_1_142' title='bbox 470 2101 713 2154; x_wconf 75' lang='lat' dir='ltr'>elegiarum,</span> <span class='ocrx_word' id='word_1_143' title='bbox 748 2098 927 2153; x_wconf 83' lang='lat' dir='ltr'>denique</span> <span class='ocrx_word' id='word_1_144' title='bbox 960 2098 1009 2139; x_wconf 92' lang='lat' dir='ltr'>de</span> <span class='ocrx_word' id='word_1_145' title='bbox 1043 2099 1275 2139; x_wconf 87' lang='lat' dir='ltr'>elocutione</span> <span class='ocrx_word' id='word_1_146' title='bbox 1306 2106 1466 2152; x_wconf 82' lang='lat' dir='ltr'>poetae.</span> 
     </span>
    </p>
   </div>
   <div class='ocr_carea' id='block_1_7' title="bbox 242 2267 1325 2308">
    <p class='ocr_par' dir='ltr' id='par_1_7' title="bbox 242 2267 1325 2308">
     <span class='ocr_line' id='line_1_20' title="bbox 242 2267 1325 2308; baseline -0.005 0"><span class='ocrx_word' id='word_1_147' title='bbox 242 2276 268 2308; x_wconf 88' lang='grc' dir='ltr'>Ι.</span> <span class='ocrx_word' id='word_1_148' title='bbox 318 2273 381 2307; x_wconf 91' lang='lat' dir='ltr'>DE</span> <span class='ocrx_word' id='word_1_149' title='bbox 408 2271 717 2307; x_wconf 85' lang='lat' dir='ltr'><strong>ARGUMENTO</strong></span> <span class='ocrx_word' id='word_1_150' title='bbox 741 2270 960 2305; x_wconf 81' lang='lat' dir='ltr'>POESEOS</span> <span class='ocrx_word' id='word_1_151' title='bbox 986 2267 1325 2304; x_wconf 80' lang='lat' dir='ltr'><strong>TIBULLIANAE.</strong></span> 
     </span>
    </p>
   </div>
   <div class='ocr_carea' id='block_1_8' title="bbox 116 2371 1465 2587">
    <p class='ocr_par' dir='ltr' id='par_1_8' title="bbox 116 2371 1465 2587">
     <span class='ocr_line' id='line_1_21' title="bbox 225 2371 1465 2427; baseline -0.007 -7"><span class='ocrx_word' id='word_1_152' title='bbox 225 2380 370 2420; x_wconf 87' lang='lat' dir='ltr'>Albius</span> <span class='ocrx_word' id='word_1_153' title='bbox 398 2378 602 2427; x_wconf 85' lang='lat' dir='ltr'>Tibullus,</span> <span class='ocrx_word' id='word_1_154' title='bbox 632 2386 780 2417; x_wconf 82' lang='lat' dir='ltr'>natura</span> <span class='ocrx_word' id='word_1_155' title='bbox 809 2377 966 2417; x_wconf 87' lang='lat' dir='ltr'>alienus</span> <span class='ocrx_word' id='word_1_156' title='bbox 997 2390 1020 2415; x_wconf 89' lang='lat' dir='ltr'>a</span> <span class='ocrx_word' id='word_1_157' title='bbox 1049 2376 1175 2415; x_wconf 84' lang='lat' dir='ltr'>rebus</span> <span class='ocrx_word' id='word_1_158' title='bbox 1205 2371 1394 2427; x_wconf 82' lang='lat' dir='ltr'>gerendis</span> <span class='ocrx_word' id='word_1_159' title='bbox 1428 2381 1465 2412; x_wconf 85' lang='lat' dir='ltr'>et</span> 
     </span>
     <span class='ocr_line' id='line_1_22' title="bbox 116 2452 1464 2508; baseline -0.005 -12"><span class='ocrx_word' id='word_1_160' title='bbox 116 2457 239 2508; x_wconf 83' lang='lat' dir='ltr'>magis</span> <span class='ocrx_word' id='word_1_161' title='bbox 269 2457 313 2495; x_wconf 92' lang='lat' dir='ltr'>in</span> <span class='ocrx_word' id='word_1_162' title='bbox 342 2455 530 2495; x_wconf 87' lang='lat' dir='ltr'>mollium</span> <span class='ocrx_word' id='word_1_163' title='bbox 560 2469 757 2495; x_wconf 88' lang='lat' dir='ltr'>sensuum</span> <span class='ocrx_word' id='word_1_164' title='bbox 788 2453 999 2494; x_wconf 81' lang='lat' dir='ltr'>desideriis</span> <span class='ocrx_word' id='word_1_165' title='bbox 1031 2462 1071 2493; x_wconf 89' lang='lat' dir='ltr'>et</span> <span class='ocrx_word' id='word_1_166' title='bbox 1099 2452 1314 2494; x_wconf 83' lang='lat' dir='ltr'>affectibus</span> <span class='ocrx_word' id='word_1_167' title='bbox 1348 2452 1464 2491; x_wconf 86' lang='lat' dir='ltr'>habi-</span> 
     </span>
     <span class='ocr_line' id='line_1_23' title="bbox 117 2530 1465 2587; baseline -0.004 -15"><span class='ocrx_word' id='word_1_168' title='bbox 117 2542 206 2574; x_wconf 81' lang='lat' dir='ltr'>tans</span> <span class='ocrx_word' id='word_1_169' title='bbox 239 2548 363 2587; x_wconf 82' lang='lat' dir='ltr'>quam</span> <span class='ocrx_word' id='word_1_170' title='bbox 392 2532 443 2572; x_wconf 84' lang='lat' dir='ltr'>ad</span> <span class='ocrx_word' id='word_1_171' title='bbox 472 2531 659 2572; x_wconf 78' lang='lat' dir='ltr'>militiam</span> <span class='ocrx_word' id='word_1_172' title='bbox 695 2541 734 2572; x_wconf 85' lang='lat' dir='ltr'>et</span> <span class='ocrx_word' id='word_1_173' title='bbox 765 2534 973 2572; x_wconf 85' lang='lat' dir='ltr'>honorum</span> <span class='ocrx_word' id='word_1_174' title='bbox 1004 2530 1286 2571; x_wconf 81' lang='lat' dir='ltr'>contentiones</span> <span class='ocrx_word' id='word_1_175' title='bbox 1326 2530 1465 2575; x_wconf 77' lang='lat' dir='ltr'>sactus,</span> 
     </span>
    </p>
   </div>
   <div class='ocr_carea' id='block_1_9' title="bbox 122 2603 1465 2662">
    <p class='ocr_par' dir='ltr' id='par_1_9' title="bbox 122 2603 1465 2662">
     <span class='ocr_line' id='line_1_24' title="bbox 122 2603 1465 2662; baseline -0.004 -15"><span class='ocrx_word' id='word_1_176' title='bbox 122 2618 162 2648; x_wconf 79' lang='lat' dir='ltr'>ut</span> <span class='ocrx_word' id='word_1_177' title='bbox 204 2612 432 2662; x_wconf 83' lang='lat' dir='ltr'>puellarum</span> <span class='ocrx_word' id='word_1_178' title='bbox 472 2608 681 2649; x_wconf 86' lang='lat' dir='ltr'>amoribus</span> <span class='ocrx_word' id='word_1_179' title='bbox 725 2616 810 2647; x_wconf 73' lang='lat'>1010</span> <span class='ocrx_word' id='word_1_180' title='bbox 853 2615 1018 2661; x_wconf 80' lang='lat' dir='ltr'>pectore</span> <span class='ocrx_word' id='word_1_181' title='bbox 1061 2605 1220 2646; x_wconf 88' lang='lat' dir='ltr'>deditus</span> <span class='ocrx_word' id='word_1_182' title='bbox 1263 2612 1368 2649; x_wconf 69' lang='lat' dir='ltr'>crat,</span> <span class='ocrx_word' id='word_1_183' title='bbox 1412 2603 1465 2641; x_wconf 73' lang='lat' dir='ltr'>ila</span> 
     </span>
    </p>
   </div>
  </div>
 </body>
</html>
