1721 2953
252 139 302 173 66
561 124 932 171 COMMENTAR.
961 127 1020 168 IN
1051 126 1280 169 TIBULLI

257 247 368 282 dinem
394 245 578 280 faustorum
604 251 843 286 responsorum
867 245 902 276 et
926 242 1076 277 ominum
1102 242 1306 286 respicitur,
1328 239 1453 284 quibus
1477 240 1598 275 nihilo-

258 314 366 348 minus
392 321 458 345 nou
491 309 590 353 plane
623 305 824 341 confidebat.
874 308 925 341 Ac
961 308 1168 353 pertinaciae
1203 308 1332 352 optime
1367 308 1470 341 etiam
1505 319 1598 339 nun-

259 390 364 425 quam
398 376 566 410 convenit.
590 392 638 399 —
676 374 947 418 respiceret,
984 385 1062 408 cum
1097 375 1164 408 iam
1200 374 1374 417 ingressus
1407 377 1500 408 esset
1533 374 1599 407 iter

258 446 426 479 TibulluS.
450 459 497 468 —
532 441 575 476 V.
600 444 657 476 15.
705 441 809 485 lpse
844 451 928 484 ego
960 442 1157 484 solator,
1185 446 1290 486 atque
1316 443 1390 486 ipse
1415 442 1518 475 etiam
1542 441 1600 483 qui

258 510 458 545 consolabar
482 509 649 553 puellam,
685 518 754 542 non
790 518 883 541 eram
917 505 996 542 sine'
1015 508 1242 542 sollicitudine
1267 508 1412 552 quadam
1439 511 1475 541 et
1498 516 1600 550 prae-

255 578 411 613 sensione
436 575 552 610 futuri.
601 574 738 609 Etenim
766 574 897 608 duabus
921 575 1074 619 partibus
1099 578 1234 609 constat
1252 575 1346 608 locus
1369 575 1403 607 in
1428 583 1495 616 quo
1522 581 1600 605 ver-

255 654 379 678 samur.
427 643 580 676 Primum
604 641 723 674 Deliae
748 641 953 673 anxietatem
979 639 1171 683 descripsit,
1197 650 1285 673 nunc
1305 649 1401 673 suam
1424 636 1600 671 describit·

254 714 367 754 Atque
401 709 556 754 gradatio
588 712 640 742 est
664 709 699 741 in
731 706 796 742 hoc
829 707 959 741 ordine.
1007 707 1170 740 Ceterum
1196 705 1240 739 de
1270 716 1302 739 v.
1329 703 1464 738 solator
1488 703 1531 737 cf.
1557 701 1601 735 ad

255 779 283 822 1,
308 782 342 821 2,
366 782 424 813 78.
449 795 493 803 ·—-
528 777 734 815 mandata
768 775 1008 809 dedissem.
1057 775 1251 818 Usurpatur
1286 773 1431 807 formula
1463 771 1507 805 de
1538 770 1602 804 ab-

256 847 415 882 euntibus
448 850 508 880 aut
537 845 780 887 morientibus,
826 853 903 878 cum
938 843 1056 877 dicunt
1089 842 1170 886 quid
1207 845 1286 887 post
1322 841 1509 874 discessum
1543 841 1602 872 aut

253 919 399 950 mortem
423 915 496 949 fieri
516 913 640 955 velint3
663 913 766 946 etiam
790 912 833 945 de
856 910 1121 952 remanentibus,
1147 919 1225 943 cum
1244 907 1496 942 discedentibus
1520 904 1601 948 quid

255 982 327 1015 fieri
353 981 467 1023 velint,
493 979 717 1025 praecipiunt.
765 977 853 1013 Vide
877 977 1207 1011 Wunussnmcumxu
1233 975 1277 1009 ad
1302 974 1334 1008 h.
1360 974 1382 1007 l.
1407 990 1453 999 -
1478 973 1521 1008 V.
1545 975 1600 1006 17.

256 1053 486 1090 causatus,
518 1052 556 1081 ut
580 1048 769 1081 Pnopssn'r.
799 1045 861 1087 IV,
889 1046 923 1087 4,
951 1046 1018 1077 23:
1054 1044 1167 1087 Saepe
1191 1041 1257 1074 illa
1281 1039 1476 1073 immeritae
1513 1049 1602 1070 cau-

255 1123 338 1149 sata
372 1121 425 1148 est
462 1113 578 1147 omina
610 1115 746 1146 Lunae.
796 1111 894 1146 Adde
929 1111 1038 1144 Ovln.
1073 1110 1205 1143 Amorr.
1241 1109 1270 1150 I,
1304 1110 1338 1148 9,
1373 1109 1428 1140 13.
1477 1105 1601 1147 Porro,

255 1192 459 1225 quamquam
491 1190 552 1225 per
584 1180 734 1223 linguam
769 1178 871 1212 etiam
896 1176 939 1211 ad
964 1186 1071 1211 aves
1096 1179 1132 1210 ct
1157 1176 1301 1209 omina
1332 1173 1426 1207 dira
1459 1173 1600 1206 verbum

256 1248 459 1283 tenuisse
485 1245 572 1281 trahi
597 1245 716 1290 possit,
742 1244 847 1278 veluti
862 1244 942 1278 le.
960 1242 1124 1284 XXXVI,
1144 1244 1201 1278 43.
1226 1241 1328 1274 dicit:
1352 1238 1494 1272 Livium
1510 1237 1602 1284 ,Deli

251 1329 317 1362 per
343 1316 482 1362 aliquot
506 1314 579 1347 dies
603 1311 744 1346 aduersi
769 1310 865 1345 venti
889 1315 1100 1347 tenuerant,
1125 1314 1239 1343 tamen
1263 1308 1385 1342 melius
1409 1306 1602 1339 'WUNDER-

257 1394 402 1418 mcnms
438 1382 600 1416 variatam
631 1379 686 1414 hic
719 1379 1007 1413 constructionem
1042 1381 1076 1410 et
1113 1377 1257 1420 primum
1283 1374 1512 1409 accusativum
1537 1383 1601 1407 nu-

257 1450 347 1491 dum,
375 1447 498 1482 deinde
522 1446 750 1481 accusativum
778 1454 855 1478 cum
879 1443 1042 1476 infinitivo
1066 1443 1217 1476 iunctum
1240 1441 1345 1475 verbo
1366 1438 1510 1472 causari
1531 1441 1602 1472 sta-

257 1517 330 1549 tuit.
381 1514 600 1548 Continuatio
633 1513 767 1556 longior
802 1511 956 1545 eiusdem
989 1510 1251 1544 constructionis
1285 1508 1443 1553 displicet
1477 1507 1601 1551 poetis,

257 1587 291 1617 et
319 1583 443 1616 diutius
470 1580 621 1625 pendens
644 1579 842 1623 imperfecta
867 1579 1057 1619 senteutia3
1081 1576 1315 1610 suavissimum
1337 1585 1419 1609 vero
1439 1578 1474 1608 et
1492 1574 1602 1607 maxi-

255 1660 309 1684 me
337 1650 507 1693 poeticum
532 1645 682 1680 secundo
708 1645 822 1678 versui
846 1643 1000 1676 additum
1025 1652 1148 1676 novum
1174 1641 1325 1682 verbum,
1349 1645 1388 1674 ut
1415 1641 1515 1683 vigor
1538 1650 1602 1673 no-

256 1727 317 1749 vus
342 1714 483 1748 accedat
506 1712 664 1746 orationi.
713 1711 765 1744 De
791 1721 857 1753 qua
881 1720 919 1743 re
944 1719 1048 1753 saepe
1073 1718 1261 1742 monemus.
1310 1706 1365 1740 Ad
1390 1707 1603 1750 propositum

256 1782 367 1814 locum
403 1780 491 1813 bene
520 1777 675 1812 conferas
709 1787 797 1820 quae
822 1775 1142 1809 WUNnssnnlchs
1178 1774 1293 1807 laudat
1327 1773 1472 1807 HoRAT.
1498 1772 1542 1814 ΙΙ,
1569 1775 1602 1814 9,

259 1850 315 1881 19.
357 1847 466 1881 Vlne.
494 1846 580 1879 Aen.
614 1844 675 1885 lv,
712 1845 793 1876 469.
844 1841 941 1875 Adde
967 1840 1094 1873 Tibull.
1120 1840 1166 1882 II,
1191 1842 1225 1881 3,
1251 1841 1308 1872 46.
1346 1842 1382 1872 et
1414 1838 1602 1872 Pnopswr.

256 1913 319 1954 III,
344 1914 377 1954 4,
402 1915 465 1945 15:
508 1911 618 1955 Inque
651 1907 731 1940 sinu
766 1906 873 1939 nixus
907 1912 1069 1951 spectare
1098 1903 1243 1950 puellae
1268 1903 1434 1948 incipiam
1458 1922 1506 1928 —
1530 1901 1605 1934 tela

249 1977 403 2026 sagacis
427 1975 507 2022 equi
531 1981 565 2007 et
593 1972 750 2006 braccati
774 1971 898 2005 militis
922 1983 1042 2009 arma,
1068 1977 1103 2003 et
1129 1969 1250 2004 subter
1273 1975 1397 2014 capros
1422 1979 1523 2001 arma
1548 1979 1603 1999 se·-

259 2046 337 2079 dere
363 2045 476 2080 daces,
503 2047 538 2076 et
561 2042 606 2083 ΙΙ,
631 2044 664 2082 1,
686 2043 743 2073 22.
772 2043 807 2073 et
831 2040 893 2082 111,
917 2042 951 2081 3,
977 2042 1033 2074 12.
1082 2039 1244 2071 ΒΑοΗιυε
1268 2037 1401 2071 cousert
1423 2035 1602 2069 momen.

256 2113 379 2158 Epigr.
405 2111 466 2145 lX.
492 2107 629 2143 Antliol.
656 2109 782 2141 Graec.
805 2107 899 2150 Lips.
926 2106 1027 2139 Tom.
1052 2105 1114 2139 ΙΙΙ.
1140 2117 1173 2149 p.
1199 2107 1257 2139 61.
1282 2104 1441 2138 Jacobs:
1476 2103 1603 2136 Λὶτέο-

256 2192 320 2219 μαι
343 2174 376 2210 δ’
401 2171 526 2212 aziz-ode
559 2169 647 2206 καλὶὶ
672 2169 764 2206 πώεα
790 2174 846 2204 καὶ
871 2168 972 2204 καλὸν
999 2167 1102 2210 οἶνον,
1135 2170 1211 2203 Καὶ
1236 2166 1339 2203 καλόν
1363 2166 1494 2214 α’μῆσαι
1519 2181 1602 2213 καρ-

257 2241 320 2279 πόν
346 2239 404 2275 ἀπ’
427 2237 621 2282 ἀσταχύων.
646 2255 691 2264 -
733 2239 917 2271 Saturni
953 2241 1028 2270 aut
1060 2247 1233 2270 sacram
1269 2236 1396 2270 diem.
1445 2236 1497 2269 De
1524 2245 1603 2279 par-

256 2312 360 2345 ticula
394 2314 461 2341 aut
494 2306 685 2351 postposita
715 2307 804 2340 conf.
830 2307 1169 2339 WuNnssnmchM.
1219 2303 1299 2337 Fuit
1324 2307 1438 2336 autem
1463 2301 1603 2335 Saturni

257 2377 313 2411 die
336 2376 515 2410 sabbatum
540 2372 739 2413 Iudaicum,
776 2372 820 2406 cf.
845 2372 974 2405 TACIT.
999 2371 1088 2404 Hist.
1114 2370 1156 2411 V,
1181 2372 1217 2403 4.
1252 2372 1355 2412 atque
1380 2370 1477 2401 erant
1502 2367 1603 2401 etiam

254 2447 349 2481 inter
373 2442 558 2481 Romanos,
583 2439 640 2482 qui
667 2438 847 2483 peregrina
873 2438 1038 2480 religione
1063 2436 1145 2469 tacti
1172 2433 1235 2468 hoc
1263 2432 1318 2466 die
1343 2431 1424 2465 nihil
1449 2436 1604 2474 agerent,

256 2511 300 2545 cf.
327 2509 469 2542 HonA’r.
496 2506 599 2540 Satir.
625 2504 655 2546 Ι,
677 2507 710 2546 9,
736 2507 793 2539 69.
827 2504 954 2537 ΙυνΕΝ.
979 2502 1076 2543 XIV,
1102 2503 1203 2541 105.‚
1238 2498 1302 2531 etsi
1333 2507 1353 2530 a
1378 2497 1502 2530 ceteris
1526 2498 1602 2531 riti-

257 2577 319 2610 bus
343 2573 454 2608 alieni.
504 2570 602 2605 Adde
634 2571 741 2604 Ovm.
775 2571 847 2603 Art.
877 2570 951 2602 Am.
979 2568 1007 2609 1,
1033 2569 1066 2608 4,
1092 2568 1158 2599 15:
1200 2564 1349 2609 Quaque
1377 2561 1430 2595 die
1456 2562 1604 2596 redeunt

256 2640 361 2676 rebus
386 2639 499 2674 minus
533 2643 620 2683 apta
645 2636 804 2682 gerendis
829 2634 929 2669 culta
953 2631 1162 2667 Palaestino
1194 2630 1343 2676 septima
1373 2641 1477 2664 sacra
1502 2631 1606 2680 Syro,
