1721 2953
315 143 394 178 332
621 136 992 182 COMMENTAR.
1024 141 1085 184 IN
1116 143 1346 187 TIBULLI

313 252 374 285 sed
400 252 594 294 coniugium
618 250 774 287 Neaerae
806 255 859 289 vel
885 266 1036 300 paupere
1062 258 1165 291 cuitu.
1224 258 1312 291 Inde
1336 258 1498 304 sequitur
1523 258 1652 304 repeti—

309 317 360 350 tio
385 317 665 350 antecedentium
697 330 774 351 cum
807 320 906 354 exitu
939 321 1002 356 hoc
1026 333 1148 357 sensu:
1184 325 1228 357 At
1263 324 1293 357 si
1328 335 1393 358 non
1427 324 1543 358 audiat
1567 325 1651 358 deus

309 386 408 424 vota,
441 392 505 417 nec
529 382 667 418 divitiae
692 385 826 429 iuvant,
861 389 920 422 sed
947 391 1048 434 cupio
1074 395 1228 424 mortem.
1278 391 1316 424 In
1343 392 1451 436 prima
1476 396 1572 436 parte
1597 394 1650 425 lo-

307 458 367 481 cus
394 448 437 481 de
470 449 595 482 divitiis
627 451 807 485 manifesto
840 453 929 487 iusto
965 455 1100 498 longior
1135 460 1209 498 est,
1243 467 1354 500 neque
1387 468 1473 501 opus
1507 462 1579 490 erat
1612 461 1648 490 ut

306 515 417 547 omnia
443 514 513 548 fere
538 527 664 559 genera
691 524 969 564 recenserentur,
1004 523 1077 555 auri
1103 524 1255 567 pondus,
1294 525 1490 566 latifundia,
1527 524 1648 558 domb-

303 589 377 612 rum
404 580 495 613 varia
528 583 798 626 magnificentia,
834 584 979 629 denique
1005 589 1210 630 margaritae
1244 593 1279 622 et
1307 600 1498 634 purpureae
1521 594 1645 626 vestes.

301 645 372 678 Sed
398 645 552 681 dabimus
578 647 663 682 hoc:
696 661 772 683 cum
799 652 970 694 praeferat
996 653 1121 686 divitiis
1148 655 1343 697 coniugium
1369 655 1544 697 Neaerae,
1579 667 1644 689 non

299 712 411 746 solum
435 712 478 746 de
503 713 628 748 divitiis
653 715 719 749 dici
745 716 911 760 debebat,
943 717 1004 752 sed
1030 719 1131 752 etiam
1161 719 1203 752 de
1235 721 1383 763 coniugii
1410 719 1506 754 huius
1532 721 1645 756 sutura

298 779 471 823 felicitate,
497 782 780 824 quemadmodum
806 785 872 818 iam
898 786 1051 818 Vossms
1077 786 1202 828 sensit3
1228 787 1274 820 ita
1301 792 1335 820 et
1360 787 1536 821 commoda
1557 799 1643 832 poe-

296 851 351 880 tae
378 849 631 893 praecipiebant
655 855 690 884 et
715 854 927 886 tractationis
954 854 1111 897 poeticae
1136 853 1363 897 concinnitas',
1387 866 1474 898 quae
1500 856 1642 899 opposi-

296 918 369 948 tum
394 916 507 949 locum
540 918 668 961 pariter
702 925 901 954 exornatum
935 922 1090 964 requirit.
1140 921 1240 954 Nunc
1272 926 1385 955 autem
1419 922 1499 965 quid
1532 923 1640 957 facit?

292 980 437 1025 Repetit
461 983 648 1016 identidem
674 994 712 1017 se
737 984 877 1018 divitem
903 986 976 1019 sine
1010 986 1147 1020 Neaera
1181 997 1257 1020 esse
1290 988 1401 1029 nolle,
1439 998 1565 1032 cupere
1599 1000 1638 1021 ea

292 1049 437 1092 coniuge
462 1050 527 1083 frui
553 1051 653 1085 etiam
679 1053 712 1085 in
739 1056 961 1096 paupertate,
993 1063 1103 1096 neque
1129 1058 1240 1087 tamen
1266 1053 1530 1097 descriptionem
1556 1064 1638 1098 pro-

290 1118 386 1160 ponit
408 1117 517 1151 felicis
540 1120 652 1162 vitae,
678 1131 777 1163 quam
804 1121 1026 1163 imaginatur,
1050 1124 1088 1153 ut
1113 1125 1278 1164 appareat
1303 1125 1428 1163 quanto
1454 1120 1537 1154 haec
1562 1132 1635 1155 me-

289 1183 354 1215 lior
377 1184 422 1216 sit
446 1183 581 1218 divitiis.
631 1185 785 1229 Nempe,
810 1189 849 1218 ut
874 1186 1010 1229 saepius
1034 1195 1176 1226 moneo,
1204 1186 1376 1219 nesciebat
1402 1187 1481 1219 talia
1507 1186 1636 1220 descri-

287 1249 369 1283 bere
394 1250 616 1294 Lygdamus3
650 1253 761 1286 locum
789 1252 831 1286 de
858 1253 983 1286 divitiis
1007 1253 1121 1286 multis
1150 1253 1263 1286 verbis
1288 1256 1431 1294 tractat,
1467 1254 1546 1295 quia
1571 1252 1635 1286 de-

285 1315 432 1349 lectatur
456 1315 648 1351 huiusmodi
674 1318 798 1361 rebus,
825 1319 904 1352 licet
929 1322 1138 1352 contemtum
1168 1329 1284 1352 earum
1310 1319 1434 1360 iactet,
1459 1319 1524 1351 alia
1550 1329 1631 1352 vero

285 1392 386 1424 quam
412 1383 561 1416 externa
594 1395 658 1417 nec
683 1385 864 1428 descripsit
889 1396 951 1418 nec
976 1385 1170 1418 describere
1197 1385 1318 1428 potuit.
1378 1385 1515 1418 Fuisset
1541 1386 1626 1418 ordo

282 1458 396 1481 rerum
421 1448 641 1492 commodus,
675 1451 704 1483 si
734 1454 812 1495 post
837 1450 1062 1494 descriptam,
1099 1462 1199 1493 quam
1224 1451 1382 1495 sperabat
1407 1452 1442 1485 in
1468 1453 1628 1495 coniugio

281 1512 458 1556 Neaerae,
491 1515 709 1557 felicitatem,
744 1516 792 1549 sic
818 1517 1043 1560 perrexisset:
1086 1518 1114 1548 Ο
1139 1517 1297 1554 niveam,
1324 1530 1414 1564 quae
1438 1524 1474 1550 te
1492 1519 1629 1563 poterit

282 1579 369 1610 mihi
396 1579 558 1616 reddere,
591 1579 729 1612 lucem!
768 1582 797 1612 Ο
833 1581 919 1613 milii
947 1581 1091 1626 felicem
1129 1588 1250 1628 terque
1285 1590 1479 1630 quaterque
1514 1586 1628 1619 diem!

280 1645 393 1678 Adsis
412 1651 446 1677 et
468 1645 758 1690 timidis-faveas,
781 1646 966 1682 Saturnia,
991 1646 1084 1679 votis
1099 1648 1148 1678 Et
1163 1646 1297 1692 faveas
1317 1649 1458 1685 conc-lta,
1486 1651 1627 1694 Cypria,

277 1716 381 1743 recta
406 1716 485 1742 tua.
533 1710 615 1743 Aut
639 1710 672 1742 si
688 1710 782 1755 fata
807 1717 940 1756 negant
963 1711 1117 1744 reditum
1143 1716 1209 1746 etc.
1259 1712 1359 1747 Nunc
1385 1718 1498 1748 autem
1524 1716 1623 1759 piena

278 1777 389 1809 omnia
415 1776 537 1809 ieiunis
560 1776 821 1819 repetitionibus
846 1781 936 1819 sunt,
961 1788 1025 1811 nec
1045 1778 1229 1821 quidquam
1249 1779 1398 1814 deterius
1420 1786 1455 1815 et
1476 1782 1624 1826 ineptius

276 1843 359 1884 fingi
392 1845 506 1885 potest
531 1842 637 1875 altera
670 1847 767 1886 parte
799 1842 968 1878 carminis.
1019 1843 1108 1877 Vide
1142 1845 1245 1878 modo
1274 1850 1352 1889 post
1386 1847 1462 1881 illa:
1499 1848 1555 1881 At
1579 1848 1621 1885 si,

270 1919 337 1952 pro
364 1907 459 1939 dulci
484 1907 600 1941 reditu
628 1921 856 1955 quaecunque
882 1916 1072 1947 voventur,
1105 1911 1249 1944 Audiat
1275 1924 1402 1946 aversa
1427 1925 1496 1946 non
1525 1927 1621 1948 meus

275 1983 363 2004 aure
390 1972 495 2010 (leus,
528 1974 601 2006 Nec
633 1985 685 2006 me
716 1986 827 2019 regna
860 1974 988 2007 iuvant
1017 1988 1078 2008 nec
1102 1976 1243 2022 Lydius
1269 1979 1409 2025 aurzser
1435 1980 1548 2013 amnis
1572 1999 1618 2005 —-

272 2038 361 2073 hunc
396 2041 546 2074 exitum:
584 2040 667 2074 Aut
702 2040 734 2074 si
764 2041 859 2087 fata
893 2049 1027 2088 negant
1060 2043 1215 2077 reditum
1251 2045 1443 2092 tristesque
1468 2058 1612 2083 sorores,

270 2106 436 2139 Stamina
454 2118 545 2153 quae
569 2106 703 2139 ducunt
729 2119 888 2154 quaeque
907 2108 1046 2154 futura
1071 2116 1211 2156 regunt,
1237 2112 1298 2144 Me
1320 2117 1416 2144 vocet
1437 2111 1474 2143 in
1497 2118 1618 2144 vastos

269 2182 390 2204 amnes
415 2171 623 2218 nigramque
643 2173 813 2218 paludem
839 2177 970 2213 Orcus,
1006 2178 1063 2211 ubi
1093 2177 1212 2211 eadem
1238 2179 1337 2222 plane
1365 2179 1510 2223 protasis
1538 2190 1614 2213 cum

269 2238 401 2273 diversa
426 2239 588 2284 apodosi,
618 2239 681 2275 iiec
706 2253 792 2287 opus
817 2247 870 2277 est
893 2248 930 2277 ut
956 2245 1054 2289 plura
1079 2245 1252 2279 addamus.
