1721 2953
514 153 657 192 LIBR.
690 153 721 190 Ι.
779 152 937 192 ELEG.
968 153 1021 192 ΙΙ.
1381 154 1432 191 59

92 266 190 300 victis
224 270 258 299 et
291 266 443 309 captivis.
501 264 548 297 Et
583 275 671 298 nunc
696 264 833 307 quidem
862 269 1003 298 catenae
1028 268 1107 299 sunt
1129 262 1248 297 vincla
1277 262 1432 301 Veneris,

91 336 249 374 tanquam
275 331 409 374 captivo
433 330 577 363 iniectae
602 341 622 362 a
647 329 723 371 dea,
748 333 787 362 ut
811 339 831 362 a
858 331 971 373 puella
995 342 1050 374 ap.
1074 331 1262 364 Pnopnnw.
1287 329 1348 370 111,
1376 331 1434 370 15,

93 400 166 441 ¹0²„
183 408 245 429 nec
262 395 404 441 femina
424 400 506 439 post
533 400 568 427 te
598 393 676 426 ulla
701 393 797 425 dedit
824 393 911 426 collo
936 394 1055 427 dulcia
1079 394 1197 428 vincla
1222 405 1304 428 meo.
1352 394 1430 435 lugi

91 462 373 505 comparationem
403 461 544 495 subesse
573 466 689 495 tamen
712 461 833 494 statuit
855 461 1087 495 Mmsenmur.
1113 461 1155 494 ad
1180 460 1302 494 Horat.
1323 459 1351 502 Ι,
1372 462 1431 499 33,

91 527 146 558 11.
172 544 216 549 -
242 526 330 560 sibi
357 537 651 570 componere,
675 526 978 570 praemeditantem
1002 537 1118 560 secum
1139 535 1312 560 sermones
1336 536 1430 559 ama-

88 592 203 634 torios,
227 596 266 626 ut
288 593 420 627 Vunpn
445 594 558 627 verbis
583 597 670 627 utar.
695 612 742 618 —
766 593 963 627 tremula
987 603 1113 635 voce,
1138 595 1176 626 ut
1200 592 1341 625 Hom'r.
1367 590 1427 632 lv,

89 659 143 699 13,
168 660 210 691 52
248 664 357 692 cantu
383 659 543 694 trezmclo.
567 679 614 685 -—-
651 660 836 703 fingere
859 660 999 702 velle,
1034 658 1066 694 h.
1093 669 1122 692 e.
1148 658 1263 692 conari
1287 658 1428 700 tingere,

86 732 172 764 quae
198 723 285 757 bene
309 724 391 767 fingi
416 735 481 759 non
517 726 659 769 possint.
709 725 769 760 Sic
794 729 847 759 est
871 735 921 769 pr.
950 728 1091 758 tentare.
1129 724 1238 758 Ovm.
1263 723 1357 756 Fast.
1381 721 1427 764 ΙΙ,

84 789 165 821 262.
193 804 235 815 —
276 791 489 825 ancillam
525 790 811 833 detinuisse,
848 790 1003 824 detinere
1040 794 1076 824 et
1109 800 1207 823 orare
1231 793 1269 822 ut
1294 789 1429 833 puellae

84 854 233 889 favorem
275 856 338 889 sibi
376 861 600 900 compararet.
634 874 681 880 —-
734 856 1047 897 circumterit,
1088 856 1307 889 circumstans
1348 863 1428 898 pre-

83 919 170 954 mit.
208 921 321 954 STAT.
347 921 431 957 Silv.
455 922 483 964 I,
508 924 542 963 2,
565 923 658 955 237:
698 920 807 954 omnis
827 919 962 965 plebeio
989 919 1120 953 teritur
1140 926 1334 964 praetexta
1366 925 1429 952 tu—

82 986 209 1023 multu,
235 988 292 1022 ubi
317 988 382 1022 vid.
409 989 622 1022 BARTflmM,
638 1006 685 1013 -—
710 989 895 1033 despuit
919 987 962 1021 ad
986 986 1208 1020 avertendum
1232 989 1428 1029 portentum

83 1058 118 1088 et
143 1059 181 1089 ut
204 1057 362 1100 contagia
385 1061 541 1099 regerat,
577 1056 863 1100 quemadmodum
898 1056 1054 1089 Pmmns
1079 1054 1243 1096 XXVIII,
1269 1055 1302 1086 4.
1334 1052 1427 1086 dicit.

82 1123 142 1155 Sic
177 1127 229 1156 est
262 1134 317 1167 ap.
349 1123 609 1159 Tnssopnmsw.
648 1122 805 1157 Charact.
839 1122 957 1156 XVI.:
991 1116 1190 1160 μαινόμενόν
1224 1132 1261 1152 τε
1295 1115 1377 1151 ἰδών
1409 1114 1430 1162 ἢ

84 1189 268 1232 ἐπίληπτον
288 1191 407 1234 φρίξας
428 1192 472 1227 εἰς
496 1187 620 1223 κόλπον
638 1187 777 1224 πτύσαι.
821 1189 909 1224 Vide
931 1189 1066 1223 omnino
1086 1198 1189 1232 supra
1206 1186 1249 1220 ad
1266 1197 1297 1220 V.
1312 1188 1369 1219 56.
1385 1202 1428 1210 —

81 1255 242 1288 molles
272 1256 409 1289 sinus.
467 1256 553 1289 Cum
588 1256 692 1298 vulgo
726 1255 925 1298 simpliciter
960 1254 1132 1287 dicerent:
1169 1252 1202 1285 in
1227 1252 1338 1284 sinum
1365 1249 1430 1283 de-

78 1330 212 1364 spuere,
238 1330 326 1354 nunc
351 1321 463 1364 posito
488 1321 610 1364 plurali
635 1324 669 1353 et
693 1320 828 1353 adiecto
855 1318 1008 1362 epitheto
1034 1318 1147 1360 magis
1175 1317 1311 1360 poetica
1335 1315 1425 1350 sacta

80 1392 132 1420 est
165 1388 287 1421 oratio.
312 1406 359 1412 —
393 1391 458 1429 et,
494 1388 528 1420 in
562 1387 767 1431 principium
801 1385 971 1419 secundae
1007 1385 1113 1429 partis
1139 1383 1343 1429 pentametri
1370 1393 1426 1416 re·-

78 1453 224 1495 iectum‚
248 1457 287 1486 ut
310 1453 337 1495 Ι,
362 1455 397 1496 3,
422 1455 480 1486 82.
501 1452 561 1495 IV,
585 1454 619 1494 4,
642 1455 700 1485 26.
725 1470 772 1476 -
809 1451 864 1484 At
889 1449 996 1484 mihi
1020 1460 1180 1494 parce,
1205 1453 1241 1482 at
1266 1460 1341 1491 me,
1366 1449 1425 1491 qui

78 1530 145 1553 non
169 1519 334 1553 contemsi
358 1523 404 1561 te,
436 1519 505 1552 noli
530 1518 656 1569 diutius
680 1518 904 1551 inclementer
928 1519 1086 1558 tractare,
1111 1515 1172 1549 sed
1198 1515 1322 1549 adiuva
1346 1519 1426 1549 vota

77 1587 312 1621 ardentissima
336 1590 371 1620 et
395 1586 530 1631 patefac
554 1585 683 1619 aditum
705 1585 748 1619 ad
772 1585 916 1619 Deliam.
942 1585 1050 1617 Ovm.
1079 1583 1225 1617 Heroid.
1246 1583 1307 1624 IV,
1334 1585 1423 1617 148:

77 1653 148 1698 Qui
171 1654 256 1686 milzi
279 1665 373 1686 nunc
396 1652 522 1689 saevit,
556 1652 607 1685 sic
631 1651 696 1684 tibi
715 1658 848 1696 parcat
872 1651 994 1684 Amor.
1021 1668 1067 1676 —
1092 1651 1240 1684 servit
1265 1660 1429 1694 praesens

77 1726 141 1763 est,
167 1731 234 1754 non
257 1721 447 1765 perfectum
467 1719 584 1754 servit.
633 1721 684 1752 Ac
707 1719 814 1752 multo
835 1717 956 1751 fortius
975 1722 1027 1750 est
1049 1727 1222 1760 praesens.
1238 1735 1284 1740 —-
1310 1715 1424 1751 Quid

74 1797 246 1820 messes
279 1787 375 1820 uris
410 1786 537 1819 tuas?
587 1785 679 1821 Quid
706 1785 816 1819 saevis
842 1784 876 1817 in
902 1784 1064 1817 clientem
1089 1787 1184 1816 tuum
1211 1786 1245 1816 et
1270 1781 1331 1816 tibi
1363 1781 1429 1825 ipsi

74 1853 231 1887 damnum
257 1853 387 1887 affers?
422 1853 534 1887 Vnae.
561 1854 645 1886 Aen.
674 1851 713 1894 V,
741 1855 832 1885 672:
863 1857 1001 1884 vestras
1026 1862 1104 1895 spes
1130 1849 1255 1886 uritis,
1280 1852 1427 1883 notante

73 1921 236 1955 Hermo.
294 1919 414 1952 Simile
446 1922 500 1954 est
532 1918 772 1963 proverbium:
818 1916 940 1950 vineta
974 1927 1042 1949 sua
1079 1915 1241 1954 caedere,
1278 1915 1426 1956 Hom‘r,

73 1987 182 2032 Epist.
208 1986 252 2030 ΙΙ,
279 1990 312 2030 1,
337 1990 420 2021 220.
447 2003 492 2013 -
