1721 2953
281 156 303 178 L
824 141 899 181 DE
931 139 1087 184 POESI

284 258 374 312 quis
420 256 579 298 dubitet
619 257 808 298 lasciviae
856 259 1030 299 multum
1074 259 1198 299 fuisse
1238 261 1361 300 etiam
1399 261 1441 300 in
1485 269 1629 313 poetae

284 349 375 375 cum
405 333 571 374 Nemesi
599 346 692 373 usu.
757 334 947 374 Profecto
981 334 1247 387 deplorabilis
1277 335 1474 378 dicendus
1505 352 1632 387 amor,

281 412 352 466 qui
394 411 577 464 corporis
618 410 826 464 animique
865 412 973 453 vires
1018 412 1173 464 pariter
1215 413 1253 452 ei
1293 413 1425 464 fregit.
1494 413 1630 467 Atque

281 488 404 526 animi
435 500 651 525 aerumnas
679 500 780 539 quas
812 488 971 539 tulerit,
999 487 1095 527 hinc
1129 487 1261 528 disce:

392 563 427 606 Ο
460 578 533 616 ego
563 578 615 603 ne
645 564 798 617 possim
828 573 963 605 tantos
995 564 1145 605 sentire
1177 564 1352 615 dolores,

448 638 580 689 Quam
612 641 773 679 mallem
805 639 848 678 in
877 639 1018 691 gelidis
1051 641 1261 680 montibus
1291 653 1377 680 esse
1408 640 1522 693 lapis,

392 717 508 757 Stare
538 718 604 757 vel
630 717 784 756 insanis
814 724 950 756 cautes
978 716 1161 755 obnoxia
1189 715 1334 765 ventis,

447 792 659 844 Naufraga
689 807 811 846 quam
842 793 945 834 vasti
976 791 1170 833 tunderet
1199 790 1311 831 unda
1341 789 1486 831 maris!

387 868 509 908 Nunc
539 877 578 908 et
607 883 745 908 amara
775 868 859 908 dies
891 876 931 908 et
958 868 1088 908 noctis
1121 868 1301 907 amarior
1329 867 1477 905 umbra
1507 874 1577 915 est,

445 943 594 985 Omnia
626 959 721 983 nam
752 944 857 983 tristi
885 952 1073 996 tempora
1103 944 1197 982 selle
1230 941 1409 981 madent.

272 1022 526 1062 Accenderat
553 1022 761 1072 Nemesis,
802 1030 846 1062 ut
872 1020 1056 1072 videtur,
1087 1019 1240 1059 callidis
1270 1032 1381 1058 nunc
1409 1018 1622 1069 promissis

271 1115 381 1140 nunc
415 1100 699 1151 negationibus
740 1098 791 1138 ad
830 1107 983 1138 tantam
1024 1098 1105 1138 vim
1144 1104 1288 1149 poetae
1321 1095 1436 1146 ignes
1465 1103 1511 1134 ut
1546 1108 1621 1133 nec

270 1176 410 1226 sugere
441 1182 589 1227 posset,

380 1252 520 1306 Iuravi
549 1250 738 1304 quotiens
766 1248 997 1289 rediturum
1028 1247 1080 1287 ad
1107 1248 1251 1288 limina
1280 1263 1507 1302 nunquam,

440 1328 545 1367 Cum
574 1329 679 1366 bene
708 1326 850 1372 iuravi
875 1339 945 1378 pes
976 1335 1114 1365 tamen
1143 1327 1230 1378 ipse
1260 1326 1378 1375 redit»,

269 1419 342 1444 nec
373 1404 452 1442 alio
484 1401 608 1442 modo
640 1402 772 1442 obniti
801 1401 896 1440 huic
932 1401 1096 1440 affectui
1137 1409 1177 1440 et
1206 1400 1435 1454 deprimere
1467 1401 1617 1452 cogita-

266 1480 419 1519 tionem
445 1479 619 1531 puellae.
677 1477 876 1518 Nondum
908 1477 959 1518 ad
988 1492 1193 1518 summum
1223 1485 1405 1517 creverat
1435 1478 1618 1524 morbus,

267 1570 358 1594 cum
395 1555 562 1606 elegiam
593 1554 756 1594 tertiam
791 1555 1010 1603 scriberet,
1053 1553 1229 1592 necdum
1265 1551 1404 1605 prodit
1435 1552 1495 1591 ibi
1525 1560 1616 1590 tan-

267 1640 350 1670 tum
374 1644 618 1679 moerorem,
652 1638 852 1683 quantum
882 1629 923 1668 in
951 1630 1242 1681 sequentibus:
1273 1629 1398 1668 immo
1420 1628 1616 1667 liberiore

265 1707 403 1746 volatu
434 1705 671 1757 phantasiae
706 1704 755 1744 ad
786 1704 964 1757 mythica
989 1703 1096 1743 redit
1128 1712 1167 1743 et
1195 1704 1239 1743 in
1271 1705 1416 1743 talium
1447 1717 1614 1756 quoque

262 1796 403 1820 rerum
441 1781 785 1832 contemplatione
826 1788 937 1819 tenet
983 1779 1181 1818 animum.
1248 1779 1381 1818 Simul
1422 1779 1613 1817 ultimum

262 1858 341 1896 hoc
372 1871 536 1896 carmen
568 1865 627 1896 est
660 1857 729 1896 ubi
759 1856 953 1896 rusticam
989 1856 1115 1896 vitam
1145 1863 1184 1895 et
1215 1869 1374 1895 amores
1405 1869 1522 1905 suos,
1563 1857 1613 1895 li-

263 1942 326 1973 cet
353 1934 470 1972 aliter
499 1947 623 1985 quam
654 1946 800 1985 supra,
838 1932 1101 1971 consociavit.
1158 1932 1266 1971 Nam
1297 1945 1390 1970 cum
1418 1932 1540 1970 Delia
1568 1940 1614 1972 ut

262 2009 371 2048 socia
402 2009 538 2047 vivere
578 2009 743 2047 volebat
778 2008 819 2046 in
854 2006 1023 2060 praedio
1065 2021 1163 2057 suo,
1205 2008 1301 2047 huic
1335 2008 1488 2048 servire
1524 2010 1612 2049 vult

261 2093 302 2123 ut
345 2083 534 2123 dominae
579 2084 619 2122 in
669 2084 810 2122 alicnis
851 2085 968 2135 agris.
1041 2083 1142 2123 Inde
1181 2098 1280 2124 vero
1321 2085 1449 2124 crevit
1485 2085 1609 2125 tristis

259 2163 441 2201 morbus.
501 2159 607 2209 Quid
631 2162 816 2200 acerbius
838 2170 877 2200 et
898 2161 1151 2214 desperatius
1174 2170 1322 2214 quarta
1343 2162 1481 2213 elegia,
1508 2162 1608 2215 quid

261 2238 435 2277 flebilius
464 2236 609 2278 sexta?
672 2239 801 2279 Totus
831 2254 940 2278 nunc
970 2238 1015 2278 in
1043 2239 1214 2291 proprio
1247 2238 1390 2278 dolore
1418 2248 1608 2281 versatur

259 2315 439 2362 animus,
485 2329 559 2353 nec
600 2314 778 2354 abscedit
821 2329 843 2353 a
883 2315 1090 2367 praesenti
1138 2313 1372 2354 conditione
1418 2315 1604 2366 cogitatio

257 2400 414 2443 poetae.
480 2388 613 2437 Quam
655 2390 707 2430 sit
749 2406 858 2430 nunc
901 2406 1019 2443 aeger
1058 2406 1219 2443 amore,
1258 2391 1354 2431 inde
1395 2394 1604 2444 intelligas,

257 2466 368 2519 quod
411 2467 475 2505 xcl
517 2466 643 2506 avitas
677 2466 794 2506 sedes
824 2467 1001 2506 vendere
1035 2467 1133 2508 velit
1164 2467 1197 2507 si
1234 2468 1375 2507 iubeat
1404 2468 1603 2517 Nemesis,

256 2542 404 2594 quibus
437 2541 538 2579 nihil
570 2542 702 2579 carius
739 2543 938 2582 habuerat
968 2557 1044 2594 per
1074 2550 1200 2582 totam
1230 2542 1376 2591 vitam,
1418 2551 1454 2581 et
1488 2542 1600 2595 quod

253 2618 334 2657 leto
366 2618 445 2655 iam
478 2618 598 2655 xitam
633 2616 846 2656 finiturum
878 2618 1004 2656 fuisso
1037 2631 1077 2657 se
1110 2617 1226 2662 dicit,
1270 2617 1348 2657 nisi
1384 2632 1474 2670 spes
1503 2620 1600 2658 reti-
