1721 2953
467 169 611 212 LIBR.
640 168 692 210 11.
748 169 909 211 ELEG.
938 171 1010 211 Vl.
1318 173 1395 207 303

63 294 135 327 bitu
160 291 211 326 sui
238 290 336 335 plane
361 288 512 321 dissimili
540 287 623 330 fingi
648 285 751 319 debet
778 284 949 318 incedens.
1010 287 1118 320 Geret
1145 285 1250 329 igitur
1275 283 1399 329 phare-

62 365 148 393 tram
183 363 218 391 et
249 367 364 390 arcum
398 365 496 388 suum
531 357 568 385 ut
603 363 663 397 par
698 356 769 392 est,
806 356 841 384 et
869 361 956 394 quae
990 351 1041 386 his
1066 351 1268 386 conveniunt
1293 360 1399 382 arma.

63 425 179 460 Quare
202 433 267 455 non
293 421 388 454 dabis
413 420 445 452 ei
472 422 607 452 scutum
633 421 668 451 et
701 417 827 461 pilum,
853 422 889 450 at
915 419 1069 460 galeam,
1099 429 1213 452 ensem
1239 417 1401 450 leviorem

63 492 97 522 et
122 497 279 531 parmam.
329 485 381 518 Ita
414 484 519 526 igitur
553 484 624 517 sere
657 482 719 516 tibi
755 492 825 515 rem
862 483 964 525 finge.
1014 486 1123 517 Geret
1150 482 1340 527 pharetram
1366 482 1400 514 in

62 553 220 592 humero,
245 560 429 594 appensam
455 550 529 582 loro
556 559 598 582 ex
624 549 733 591 collo,
758 553 796 582 ut
822 549 1056 583 Priorem-ms
1083 550 1125 583 de
1152 550 1319 594 Cupidine
1346 548 1400 581 di-

61 617 107 649 cit
140 616 185 657 11,
221 618 274 656 12,
302 617 367 647 10:
411 620 446 646 et
480 613 657 658 pharetra
690 625 733 645 ex
771 613 914 646 humero
951 615 1080 647 Gnosia
1112 622 1262 661 utroque
1297 614 1401 646 iacet.

62 682 171 714 Geret
196 685 375 725 praeterea
401 682 534 723 galeam
560 681 592 713 in
631 685 770 724 pectore
806 681 1008 724 pendentem
1038 686 1071 715 et
1097 693 1211 715 ensem
1237 682 1269 714 in
1296 682 1402 714 latere

60 750 175 782 balteo
199 752 400 781 sustentum.
451 748 548 781 Haec
572 748 677 790 igitur
706 749 796 781 collo
822 750 932 791 gerit3
972 750 1050 782 nolo
1075 749 1200 782 addere
1226 759 1312 791 quae
1337 747 1403 781 hu·-

62 825 157 848 mero
187 814 441 847 sustinebantur
469 825 489 846 a
514 814 671 847 Romano
698 814 825 856 milite,
851 815 958 847 vallos
984 819 1018 847 et
1044 816 1206 848 sarcinas.
1254 817 1300 848 At
1330 826 1406 849 ma-

63 892 124 914 nus
149 881 284 914 sinistra
315 891 431 913 arcum
465 879 553 913 feret
580 883 614 912 et
644 879 820 913 brachium
852 880 1033 913 sustinebit
1067 891 1228 923 parmam.
1288 881 1403 914 Lusus

64 949 115 982 hic
136 952 187 981 est
212 947 419 992 phantasiae,
443 946 504 980 sed
529 950 641 980 tamen
668 947 771 980 etiam
798 948 890 980 lusus
915 948 992 981 talis
1018 948 1128 990 legem
1155 953 1282 982 certam
1307 949 1406 992 sequi

62 1015 186 1057 debet3
218 1016 276 1048 lex
300 1025 381 1047 vero
407 1023 496 1046 nunc
521 1018 572 1047 est
597 1025 677 1047 usus
703 1015 857 1048 militaris
882 1025 975 1047 arma
1001 1015 1132 1048 serendi
1158 1015 1190 1048 in
1218 1017 1338 1049 itinere
1362 1016 1403 1057 is,

63 1093 164 1125 quem
199 1082 309 1114 discas
344 1091 363 1113 e
400 1081 557 1113 columna
584 1081 731 1114 Traiana
766 1093 820 1124 ap.
856 1081 1010 1114 Luasmm
1037 1082 1079 1114 de
1111 1082 1209 1114 Milit.
1234 1082 1335 1115 Rom.
1361 1082 1405 1123 V,

64 1150 120 1188 11,
144 1159 176 1190 p.
207 1149 288 1179 182.
311 1164 358 1169 —
394 1146 437 1179 V.
462 1148 483 1177 3
508 1156 559 1188 sq.
598 1147 732 1188 longa
768 1150 925 1179 terrae
958 1147 1045 1188 via,
1085 1147 1202 1179 itinera
1231 1147 1407 1179 terrestria

66 1213 237 1254 legionum
271 1212 304 1244 in
331 1215 479 1244 remotas
506 1211 715 1253 provincias,
754 1210 795 1244 cf.
822 1211 1120 1244 Mmscnnnmmr.
1146 1212 1186 1244 ad
1215 1212 1335 1245 Horat.
1360 1211 1407 1252 II,

65 1280 100 1318 6,
128 1282 159 1310 7.
185 1296 232 1301 —
270 1287 385 1319 vaga
420 1287 638 1318 aequora,
677 1281 715 1308 ut
753 1288 867 1320 vagus
894 1283 1029 1319 pontus
1055 1277 1098 1318 Π,
1124 1281 1157 1318 3,
1183 1280 1239 1309 39.
1266 1288 1406 1320 compa-

64 1345 160 1374 rante
185 1342 496 1374 XVUNDERLICHIO.
545 1340 611 1372 Est
643 1341 731 1373 enim
763 1340 938 1383 epitheton
974 1341 1016 1373 ad
1043 1346 1171 1374 motum
1203 1349 1406 1386 perpetuum

66 1407 228 1439 fluctuum
267 1409 302 1438 et
333 1405 485 1448 pericula
522 1405 624 1437 maris
661 1404 889 1439 referendum.
939 1406 1079 1438 Alienus
1118 1417 1198 1439 vero
1238 1412 1339 1441 nauta
1377 1420 1404 1441 s.

62 1477 231 1507 mercator
257 1484 372 1517 vagus
398 1472 440 1504 ab
465 1472 617 1505 HEYNIO
648 1476 682 1505 et
709 1472 901 1505 Huscffluo
927 1479 1154 1517 comparatus.
1182 1493 1225 1498 —-
1265 1475 1315 1508 ad
1349 1477 1408 1509 la—

64 1545 135 1573 tus
169 1540 253 1580 ire,
289 1541 327 1570 ut
361 1538 547 1570 commilito
584 1541 619 1571 et
652 1539 766 1571 socius
802 1538 942 1572 itineris.
967 1558 1015 1563 -—
1062 1540 1102 1573 V.
1129 1543 1150 1573 5
1176 1552 1250 1583 sqq.
1298 1542 1406 1575 Immo

64 1616 145 1639 vero
170 1615 246 1638 cum
270 1614 337 1636 una
360 1603 410 1636 ire
437 1607 471 1636 et
498 1602 588 1636 ferre
613 1602 748 1635 labores
781 1604 865 1636 istos
899 1613 965 1636 non
1000 1605 1131 1646 possis,
1166 1605 1301 1638 retrahe
1328 1607 1407 1639 Ma-

66 1682 160 1704 crum
196 1674 228 1702 et
262 1679 386 1702 revoca
420 1678 462 1700 ex
499 1668 630 1700 militia.
656 1685 698 1691 —
740 1668 827 1700 Ure
860 1667 902 1700 de
938 1670 1090 1701 cruciatu
1116 1675 1150 1702 et
1176 1681 1285 1713 poena
1313 1674 1408 1705 acci-

69 1734 230 1779 piendum
264 1736 303 1765 ut
336 1732 363 1773 I,
391 1735 424 1773 9,
449 1735 506 1764 21.
555 1731 648 1764 otia
685 1735 776 1773 tua,
814 1732 915 1765 vitam
949 1733 1088 1767 liberam
1120 1735 1291 1769 laboribus
1326 1739 1407 1771 belli

65 1807 100 1835 et
126 1803 158 1834 in
184 1810 298 1833 amore
324 1802 508 1843 peractam.
550 1798 690 1841 ferus,
716 1797 747 1832 h.
763 1809 792 1832 e.
820 1801 876 1841 qui
901 1800 1046 1833 animum
1074 1801 1265 1835 obfirmavit
1293 1809 1327 1836 et
1354 1806 1408 1837 in-

65 1869 200 1901 duravit
224 1867 386 1899 adversus
411 1866 475 1898 vim
500 1866 644 1908 amoris,
680 1869 717 1899 ut
743 1876 818 1899 cum
847 1867 1144 1900 Wunnnnmcfflo
1172 1870 1299 1911 loquar.
1352 1871 1405 1903 Cf.

64 1934 91 1975 1,
117 1937 150 1975 5,
176 1936 208 1966 5.
234 1950 280 1956 —-
319 1942 421 1964 erro
447 1934 497 1963 est
522 1931 579 1973 qui
604 1941 623 1963 a
656 1931 784 1973 signis,
824 1931 886 1963 sub
913 1932 1034 1972 quibus
1060 1933 1202 1974 militat,
1237 1934 1407 1968 discessit.

65 2000 172 2040 Signa
204 2002 316 2031 autem
349 1996 484 2030 Amoris
518 1995 600 2029 dicit
634 1996 804 2037 suaviter,
841 1995 923 2030 haec
957 1998 1158 2031 militaribus
1186 1999 1266 2033 belli
1301 2001 1409 2043 signis

64 2074 252 2108 opponens,
302 2063 351 2096 Ac
377 2067 457 2095 nota
481 2062 678 2107 metaphora
708 2063 849 2096 militiae
883 2064 1071 2097 amatoriae
1096 2065 1123 2106 I,
1153 2068 1182 2107 l,
1208 2069 1264 2099 75.
1303 2067 1347 2109 11,
1373 2071 1407 2110 3,

65 2131 122 2163 34.
149 2147 195 2154 —
238 2128 365 2165 Quod
397 2129 433 2162 si
473 2138 649 2172 parces,
690 2128 811 2171 quodsi
847 2128 962 2162 videro
997 2133 1032 2163 te
1070 2141 1211 2174 parcere
1236 2132 1410 2166 militibus.

67 2196 163 2239 Ergo
195 2201 289 2229 recte
320 2195 421 2228 habet
458 2195 608 2228 futurum
644 2196 807 2240 simplest,
847 2196 938 2238 quod
971 2197 1220 2230 Pissnnffms
1253 2199 1341 2232 male
1375 2199 1409 2231 in

63 2260 183 2306 Parsis
208 2271 260 2304 pr·
287 2260 481 2304 peperceris
506 2260 678 2302 mutabat,
705 2261 858 2295 Vossms
884 2261 917 2294 in
941 2273 1087 2305 parcas.
1138 2264 1298 2296 Ceterum
1327 2275 1410 2297 cave

67 2338 169 2372 supra
198 2328 298 2360 etiam
325 2326 489 2359 ducent
515 2337 564 2370 pr.
593 2326 759 2359 duxerint
784 2328 941 2371 accipias.
1002 2329 1090 2361 Sunt
1118 2329 1219 2362 etiam
1244 2330 1290 2362 ibi
1317 2330 1410 2372 paria

67 2398 220 2436 tempora
246 2396 338 2425 recte
365 2392 495 2435 posita,
519 2392 684 2433 siquidem
710 2392 793 2425 dens
819 2393 1037 2426 comitabitur
1063 2394 1219 2428 Macrum
1247 2395 1327 2428 dum
1353 2394 1407 2428 hic

68 2459 138 2491 ibit.
162 2477 208 2483 —-
241 2460 326 2492 Mox
354 2457 419 2491 hic
445 2462 497 2490 est
521 2469 597 2500 eg0,
625 2463 661 2491 ut
685 2470 800 2503 saepe.
837 2460 947 2494 Vme..
973 2462 1058 2493 Aen.
1084 2461 1146 2503 lX,
1172 2464 1253 2495 205.
1303 2462 1409 2495 Plura

72 2527 235 2559 Vmaems
258 2525 383 2559 attulit.
432 2525 505 2558 Res
530 2529 622 2557 nota.
651 2543 694 2549 ——
732 2526 836 2570 lpse
862 2528 993 2569 galea
1027 2528 1102 2570 qui
1135 2528 1223 2561 sibi
1255 2532 1410 2572 portet

68 2604 243 2637 aquam,
279 2592 310 2628 h.
337 2605 366 2627 e.
393 2593 573 2636 gregarius
599 2593 707 2626 miles.
757 2592 852 2625 Malo
877 2596 910 2625 et
936 2593 1028 2636 ipse,
1056 2594 1124 2636 ait,
1151 2595 1202 2627 vel
1229 2596 1409 2637 gregarius

69 2660 164 2694 miles
189 2660 274 2702 fieri,
299 2660 327 2693 si
354 2659 416 2694 hoc
441 2658 542 2694 modo
568 2660 703 2694 Amoris
729 2661 794 2694 vim
820 2660 974 2703 effugere.
999 2660 1091 2695 licet.
1141 2661 1269 2695 Galeae
1295 2665 1407 2695 autem
