1721 2953
1 0 7 290 ἓ

0 360 2 384 t

10 2807 11 2811 „
0 395 18 2781 *WMV
0 321 1 342 „l

654 144 896 186 TIBULLI.
1391 155 1443 178 ιν

98 267 167 304 bet
194 265 262 304 ille
292 260 459 303 manus!
518 262 568 301 Et
599 274 719 300 mox:
752 260 818 299 Ah
846 259 1002 308 miseri,
1036 271 1139 311 quos
1169 255 1235 296 hie
1265 255 1443 306 graviter

99 341 197 381 deus
225 336 362 390 urget!
421 336 617 377 Similiter
645 336 767 375 etiam
797 334 987 388 quintum
1016 345 1201 380 carmen,
1230 330 1441 370 celebrans

95 414 449 466 inaugurationem
478 410 712 460 Messalini,
741 423 827 449 non
857 416 965 448 caret
996 408 1179 447 tristibus
1209 405 1358 453 verbis,
1387 404 1441 443 si-

95 488 259 543 quidem
288 501 374 528 non
402 489 537 527 solum
569 486 680 526 rixas
710 485 979 538 lacrimasque
1008 482 1223 535 agrestium
1253 493 1442 521 amorum

92 572 259 615 tractat,
300 563 373 604 sed
405 563 527 603 etiam
564 560 615 602 ad
653 574 694 601 se
730 561 868 613 ipsum
900 559 1045 599 transit
1073 566 1112 598 et
1141 570 1262 597 sunm
1290 556 1441 596 vulnus

93 640 302 694 queritur,
343 653 366 678 a
405 638 573 678 Nemesi
611 636 813 677 sauciatus
844 633 956 688 quod
993 635 1075 673 iam
1112 641 1247 673 totum
1287 644 1442 670 annum

89 718 231 756 iaceat.
288 716 422 770 Atque
451 715 507 754 ita
538 714 690 767 ubique
720 711 832 753 vides
859 713 1022 765 qualem
1048 708 1136 748 dixi
1157 705 1442 747 tractationem

93 796 341 834 eroticarum
369 807 530 843 rerum,
573 793 693 831 etiam
725 792 775 840 II,
805 791 841 839 4,
874 790 925 827 45
957 801 1047 840 sqq.
1085 782 1198 839 quod
1226 783 1268 822 in
1298 795 1441 821 cumu-

90 870 176 907 lum
204 867 322 917 addo,
353 869 425 908 ubi
451 869 586 907 bonae
615 866 777 919 puellae
806 862 949 903 laudes
982 868 1252 914 opponuntur
1282 869 1441 904 avarae,

91 946 222 985 luctus
247 954 315 995 est,
349 959 473 1000 quem
495 942 698 993 describit,
727 950 766 982 et
793 943 927 982 honos
952 947 1151 980 mortuae.
1209 934 1291 977 Sed
1321 935 1440 974 etiam

90 1023 212 1062 latius
241 1030 350 1075 patet
379 1022 559 1075 querela.
617 1020 808 1059 Rusticae
837 1032 902 1058 res
935 1032 1011 1070 per
1040 1031 1082 1057 se
1113 1017 1266 1067 laetae3
1303 1022 1437 1053 tamen

93 1112 186 1136 cum
222 1098 267 1136 in
310 1097 444 1150 primo
491 1097 670 1135 carmine
711 1096 807 1134 libri
849 1094 971 1146 primi
1013 1093 1142 1132 felicis
1189 1090 1286 1130 olim
1330 1102 1440 1127 nunc

91 1173 285 1225 pauperis
314 1172 401 1223 agri
429 1180 467 1211 et
497 1173 654 1223 pecoris
687 1172 824 1222 exigui
851 1169 1006 1210 mentio
1036 1169 1101 1219 fit,
1129 1167 1250 1207 etiam
1277 1166 1342 1206 hic
1372 1179 1441 1205 su-

91 1250 216 1302 spiria
249 1249 374 1288 infert
405 1246 562 1299 gaudiis
596 1248 755 1286 rusticis
788 1245 1035 1285 desiderium
1074 1245 1283 1282 bonorum
1321 1240 1442 1279 antis-

92 1341 254 1375 sornm,
289 1326 331 1363 in
364 1323 520 1364 decimo
551 1331 686 1362 antem
717 1321 878 1361 tristitia
913 1327 993 1369 est,
1023 1331 1115 1358 cum
1147 1317 1265 1357 abeat
1293 1316 1438 1355 milita-

89 1410 177 1441 tum
210 1415 232 1439 a
261 1397 432 1452 praedio
463 1399 572 1438 avito
605 1405 642 1436 et
672 1395 968 1436 consuetudine
995 1408 1089 1433 cara
1116 1393 1224 1433 vitae
1252 1392 1439 1431 rusticae.

92 1476 158 1516 Sic
199 1475 369 1514 omnino
407 1472 489 1513 duo
530 1471 686 1512 tantum
731 1471 912 1510 carmina
944 1477 1101 1509 restant
1138 1469 1180 1507 iu
1221 1469 1285 1508 his
1324 1467 1440 1505 libris

93 1553 260 1604 querela
291 1565 440 1600 vacua3
488 1564 535 1589 ea
574 1548 664 1588 dIco
706 1562 811 1602 quae
852 1548 894 1586 in
933 1546 1124 1586 natalitiis
1162 1545 1362 1585 Messalae
1401 1551 1440 1582 et

93 1627 280 1666 Cerinthi
313 1626 477 1678 scripta.
541 1626 652 1664 Haec
684 1626 804 1663 unica
834 1632 928 1663 sunt
965 1623 1039 1662 ubi
1077 1622 1179 1661 nihil
1219 1621 1329 1660 triste
1364 1620 1439 1658 im-

95 1703 280 1742 mixtum.
336 1702 545 1741 'Nimirum
584 1703 796 1750 Tibullus,
837 1708 883 1740 ut
912 1713 1022 1739 nunc
1057 1699 1177 1738 etiam
1218 1696 1267 1736 de
1309 1697 1439 1735 causis

93 1779 215 1817 huius
251 1778 312 1816 rei
343 1777 536 1824 dicamus,
569 1789 661 1814 cum
687 1775 745 1812 ita
774 1782 955 1813 censeret
987 1787 1080 1811 cum
1108 1772 1327 1823 plerisque,
1359 1772 1440 1808 elc-

93 1856 181 1905 giae
208 1854 407 1905 imprimis
437 1853 566 1891 tristia
602 1851 822 1891 convenire
858 1858 897 1890 et
926 1849 1076 1888 amoris
1107 1846 1270 1887 dolores
1303 1847 1438 1897 potius

95 1928 298 1968 canendos
342 1942 465 1981 quam
508 1925 677 1978 gaudia,
712 1933 854 1978 postea
897 1925 947 1963 ab
989 1922 1137 1965 Ovidio
1178 1922 1356 1960 maxime
1396 1922 1435 1959 in

94 2005 293 2043 Amorum
322 2003 438 2041 libris
470 2001 618 2041 diserte
649 2000 853 2053 exposita,
883 2008 1021 2039 tamen
1050 1999 1170 2038 etiam
1201 2006 1344 2049 suopte
1374 1997 1437 2035 in·-

93 2081 211 2133 genio
246 2079 371 2131 magis
406 2077 455 2117 ad
486 2079 592 2117 seria
625 2085 661 2116 et
691 2076 842 2124 tristia,
885 2089 1008 2129 quam
1039 2074 1090 2113 ad
1121 2074 1314 2121 hilarem,
1356 2074 1438 2111 lae-

93 2166 174 2196 tam
212 2156 355 2209 poesin
384 2155 621 2194 inclinabah
676 2153 848 2192 Minime
877 2151 1047 2192 dicimus
1077 2151 1257 2191 alienum
1294 2151 1344 2188 ab
1376 2149 1439 2187 1ιί-

93 2234 272 2280 laritate,
310 2232 434 2271 immo
466 2230 663 2270 dederant
694 2229 750 2269 dii
786 2239 914 2269 artem
944 2228 1130 2277 fruendi,
1171 2235 1216 2266 ut
1243 2226 1438 2266 Horatius

94 2307 211 2358 dicit,
258 2306 555 2360 (Hieronymus
600 2305 905 2346 Alexandrinus
950 2305 992 2344 iu
1038 2305 1122 2344 vita
1169 2317 1295 2356 supra
1334 2304 1438 2341 lecta

93 2386 229 2436 ignota
258 2382 423 2438 quidem
455 2383 692 2422 auctoritate
725 2396 818 2421 eum
849 2394 934 2420 non
963 2387 1171 2419 austerum
1209 2386 1249 2419 et
1279 2378 1436 2417 tristem

93 2462 273 2512 vultum,
326 2458 397 2499 sed
434 2459 606 2498 hilarem
649 2467 688 2497 et
724 2454 948 2496 iucundum
986 2469 1080 2507 erga
1115 2468 1257 2495 omnes
1298 2454 1435 2493 scribit

95 2534 324 2589 habuisse);
355 2543 392 2574 at
426 2536 495 2574 ubi
521 2533 621 2588 quid
650 2534 745 2573 laeti
773 2534 996 2583 configerat
1025 2533 1068 2571 in
1099 2545 1249 2580 amore,
1280 2530 1435 2583 placide

95 2615 308 2654 fruebatur
337 2628 473 2654 secum
508 2613 695 2653 felicitate
727 2612 872 2661 animi,
909 2611 1049 2665 requie
1078 2625 1292 2659 curarum,
1323 2623 1436 2650 suam
