1721 2953
243 102 318 138 1⁵5
554 95 923 141 COMMENTAR.
956 101 1012 142 m
1046 101 1271 144 'l'IBULLl

238 216 261 253 ¹2
292 215 369 246 477.
398 230 440 237 -—
480 212 663 247 clausas
700 220 802 258 post
838 215 979 259 fores,
1017 216 1118 251 intus.
1180 219 1329 252 Vossws
1365 219 1510 263 puellam
1545 223 1585 252 ad

236 279 379 312 amantis
403 276 506 312 aedes
533 279 668 321 venire,
702 290 743 313 ac
771 280 901 315 foribus
926 283 1086 316 reseratis
1118 284 1298 318 intromitti
1323 285 1366 318 ab
1391 284 1585 329 insperante

235 344 364 376 statuit.
415 344 460 376 At
485 354 584 378 nemo
608 344 752 387 dixerit,
791 346 901 390 inquit
927 348 1268 392 WUNDERI.Ic}11US‚
1302 354 1381 384 ante
1406 351 1497 384 sores
1523 353 1587 384 ad-

233 414 379 442 stantem
402 408 515 442 latere
534 416 618 454 post
635 410 752 456 fores.
799 412 896 446 Idem
920 413 1092 448 Hermus
1118 416 1269 457 monuit,
1303 416 1359 458 qui
1385 426 1498 450 veram
1524 426 1586 450 ex-

235 474 451 517 plicationem
477 475 544 509 loci
569 475 696 509 dudum
723 475 941 513 indicaverat.
967 497 1012 504 —-
1049 479 1292 524 adoperta,
1317 482 1431 515 velato
1456 482 1581 525 capite,

233 539 325 582 quod
351 542 438 575 male
462 545 567 585 negat
592 542 935 586 WUNDancnws3
961 554 1025 578 nec
1049 545 1140 589 apud
1163 546 1353 581 Pnopem.
1378 547 1424 587 II,
1446 549 1505 589 21,
1527 550 1583 581 45.

231 607 401 642 adiectum
437 612 491 642 est
523 615 654 654 caput,
687 621 788 653 quem
819 611 932 645 locum
958 611 1168 645 laudavimus
1193 612 1236 645 ad
1268 613 1296 654 l,
1318 615 1353 654 3,
1377 616 1435 648 30.
1483 613 1587 647 Venit

232 673 348 715 puella
366 674 478 707 velata
503 684 523 707 e
548 675 706 709 cubiculo
729 679 765 709 et
789 677 1004 721 exspectavit
1029 681 1214 712 amatorem
1235 680 1344 712 latens
1366 679 1466 713 intus.
1518 679 1585 712 Ubi

235 737 360 773 deinde
393 740 551 783 querelas
589 741 663 774 eius
697 741 848 784 audivit,
885 746 1028 786 repente
1064 744 1279 788 necopinanti
1315 744 1406 778 fores
1440 745 1581 789 aperuit.

231 805 340 838 Posse
366 804 558 849 adopertas
583 817 633 851 pr.
657 807 897 849 absconditus,
922 807 1059 841 abditus
1084 809 1173 851 dici,
1201 813 1240 843 ut
1264 810 1583 844 me-nssnmcnms

231 871 493 915 interpretatur,
519 882 585 906 non
611 873 727 907 credo.
744 890 792 899 —
817 874 921 907 Tum
947 875 1084 908 miser
1108 876 1286 918 interii,
1313 881 1384 910 tum
1408 877 1581 911 interitum

230 935 311 970 mihi
335 937 408 981 ipse
434 940 562 983 paravi,
588 944 666 984 post
690 942 770 975 talia
797 941 910 976 officia
936 943 994 986 qui
1019 953 1160 977 securus
1185 953 1252 977 non
1276 943 1457 977 credebam
1483 954 1537 978 me
1563 957 1583 978 a
1625 975 1628 978 ,

230 1007 263 1034 te
290 1002 471 1048 deceptum
495 1004 536 1038 iri
561 1015 722 1049 unquam.
747 1025 795 1031 -
819 1007 872 1041 ad
897 1008 1087 1052 laqueos
1113 1013 1236 1051 tuos,
1265 1010 1306 1042 ad
1333 1009 1469 1043 fraudes
1495 1015 1582 1053 tuas,

228 1070 283 1110 qui
310 1080 365 1103 me
397 1071 446 1104 sic
470 1070 643 1105 induxisti.
696 1073 831 1107 Graeca
857 1075 1015 1118 exempla
1041 1076 1272 1109 GssnnARmss
1298 1080 1486 1119 comparat.
1535 1076 1581 1110 Et

227 1140 388 1170 cautus
428 1137 481 1171 ad
513 1137 609 1172 vides
643 1149 739 1174 esse:
785 1146 907 1174 cautus
938 1140 1123 1183 adversus,
1165 1145 1285 1175 cautus
1318 1141 1361 1175 ad
1396 1142 1577 1177 vitandum.

231 1201 336 1235 Vme.
363 1203 449 1237 Aen.
473 1202 518 1245 II,
542 1205 633 1238 443:
671 1203 721 1236 acl
743 1203 818 1236 tela
841 1205 1011 1249 protecti.
1060 1206 1216 1250 Denique
1247 1217 1341 1242 nam
1366 1208 1513 1242 refertur
1537 1210 1581 1242 ad

227 1271 440 1305 stulte.—
466 1272 508 1306 V.
526 1275 572 1306 47
592 1283 668 1316 sqq.
692 1273 893 1307 attonita
917 1278 1086 1317 mente,
1111 1285 1292 1319 percussus
1316 1285 1444 1310 amore.
1471 1278 1580 1312 Ovm.

226 1339 297 1370 Art.
323 1339 398 1371 Am.
423 1338 468 1380 11,
493 1341 581 1373 295:
618 1340 690 1372 Sed
712 1346 767 1382 te,
792 1340 987 1387 cuicunque
1005 1348 1060 1375 est
1085 1342 1291 1376 retinendae
1315 1355 1404 1377 cura
1422 1344 1581 1389 puellae,

225 1404 421 1436 attonitum
447 1404 574 1450 forma
599 1406 672 1452 fac
701 1413 810 1451 putet
843 1420 916 1441 esse
950 1420 1032 1445 sua.
1081 1409 1244 1443 Ceterum
1269 1410 1470 1444 interierunt
1495 1410 1580 1445 haec

225 1472 384 1504 carmina.
411 1491 456 1497 —
489 1474 544 1506 At
567 1483 629 1507 me
660 1483 772 1508 nunc
797 1474 944 1518 pudet.
994 1475 1117 1510 Lectio
1141 1482 1197 1514 et,
1222 1477 1251 1511 si
1279 1488 1379 1520 vera,
1403 1479 1576 1522 significa-

224 1538 289 1570 bit:
329 1541 441 1582 Atque
466 1539 523 1573 ita.
574 1539 660 1573 Cum
687 1541 775 1574 enim
800 1552 853 1572 me
875 1541 1024 1585 positum
1049 1546 1130 1576 ante
1157 1554 1252 1575 nunc
1276 1544 1342 1585 sit,
1378 1545 1469 1587 quod
1495 1556 1577 1589 pro»

224 1613 347 1636 nomen
382 1602 435 1636 hic
468 1614 533 1637 non
569 1609 621 1637 est
652 1604 902 1648 empllaticum,
935 1610 1031 1649 patet
1055 1606 1257 1650 particulam
1281 1609 1443 1644 initialem
1468 1612 1580 1655 ipsam

219 1674 396 1704 accentum
431 1669 636 1705 rhetoricum
671 1670 815 1715 habere,
854 1674 954 1716 eique
987 1673 1177 1708 adiuvando
1209 1675 1418 1719 subiectam,
1455 1682 1494 1710 ut
1527 1678 1577 1720 fit,

220 1737 410 1770 encliticam
436 1737 605 1771 voculam.
653 1737 725 1771 Sed
750 1739 850 1772 nimis
875 1738 988 1773 debile
1012 1745 1074 1778 εἰς
1111 1741 1321 1785 probabilius
1345 1749 1387 1775 at
1415 1755 1466 1776 me
1490 1746 1574 1779 scri-

220 1803 327 1846 psisse
351 1807 508 1847 poetam,
535 1803 626 1847 quod
652 1805 757 1847 vulgo
780 1805 925 1847 legitur,
953 1805 1035 1839 licet
1059 1806 1189 1841 incerto
1213 1812 1365 1842 auctore.
1424 1810 1576 1854 Compa-

219 1869 344 1903 randus
370 1870 470 1903 etiam
496 1880 590 1913 supr.
615 1871 711 1904 locus
745 1882 776 1904 v.
802 1874 861 1906 29.
887 1874 967 1915 30.,
1002 1873 1060 1906 ubi
1092 1873 1274 1908 manifesto
1300 1880 1341 1906 at
1366 1876 1574 1919 cogitatione

217 1935 453 1979 supplendum.
503 1935 665 1969 Ceterum
691 1936 866 1970 Pieridum
894 1937 1021 1981 pudet,
1059 1939 1149 1981 quod
1174 1939 1273 1972 donis
1294 1950 1411 1974 eorum
1437 1941 1479 1974 ad
1505 1946 1574 1976 tam

216 2002 394 2044 indignum
427 2013 570 2046 puerum
605 2003 809 2037 laudandum
842 2015 923 2038 usus
958 2009 1020 2038 est.
1046 2023 1092 2029 —-
1133 2006 1347 2049 Torreat,
1383 2007 1572 2043 comburat.

219 2070 327 2103 OHD.
356 2069 464 2113 Epist.
492 2080 535 2103 ex
563 2071 677 2104 Ponto
702 2071 747 2113 Il,
773 2074 807 2114 9,
832 2074 898 2105 44:
937 2072 1076 2118 Quique
1101 2079 1310 2117 repertorem
1335 2074 1468 2106 torruit
1494 2081 1573 2108 arte
1683 2099 1690 2126 ζμ

216 2146 285 2168 sua
312 2134 487 2178 (Phalaris
510 2137 707 2183 Perillam).
726 2157 771 2162 —
798 2139 976 2182 liquida
1000 2151 1066 2173 non
1091 2141 1248 2174 otiosum.
1298 2142 1366 2174 Aut
1391 2140 1572 2184 diluantur,

215 2201 282 2243 ait,
317 2205 352 2234 et
385 2200 562 2235 deleantur
593 2214 694 2246 aqua.
744 2205 857 2247 Atque
888 2206 1083 2249 oppositum
1118 2210 1171 2239 est
1201 2205 1339 2252 liquida
1367 2217 1398 2240 v.
1424 2213 1570 2242 torreat.

217 2268 378 2301 Ceterum
408 2268 479 2310 igni
503 2271 561 2301 aut
585 2280 673 2311 aqua
699 2269 804 2303 deleri
831 2275 883 2304 est
907 2281 980 2304 sors
1006 2272 1167 2304 librorum
1193 2271 1374 2304 infeliciter
1401 2276 1567 2306 natorum.

220 2332 304 2365 Vide
327 2342 413 2375 quae
438 2334 686 2367 Ptssmzmus
711 2336 853 2369 notavit.
879 2355 924 2360 —-
958 2337 1071 2378 Atque
1098 2335 1181 2370 llaec
1206 2336 1343 2379 quidem
1369 2334 1569 2382 obiurgatio

217 2405 278 2431 cst.
329 2397 428 2431 Nunc
454 2398 497 2431 ad
523 2400 663 2433 alteram
692 2411 802 2434 rerum
831 2405 961 2445 partem
989 2402 1123 2446 pergit,
1149 2401 1192 2435 ad
1212 2413 1410 2446 poenarum
1434 2400 1571 2434 denan-

217 2463 399 2496 {lationem
415 2486 422 2500 ,
448 2476 467 2497 a
493 2476 521 2498 v.
549 2468 591 2499 51
608 2470 694 2500 -74.
720 2488 766 2494 —

311 2531 359 2563 Ac
386 2531 528 2574 primum
555 2544 586 2564 v.
607 2537 663 2567 51.
689 2537 745 2568 52.
775 2536 849 2569 side
876 2547 975 2579 quam
999 2547 1105 2580 puero
1132 2545 1273 2579 poenam
1301 2534 1477 2568 decernat:
1505 2536 1568 2569 'l'u

217 2597 375 2637 procul
413 2595 514 2630 hinc
556 2598 687 2634 absim
739 2601 816 2636 §on
854 2603 920 2634 mit
956 2601 1059 2645 igitur
1092 2611 1160 2634 rem
1187 2599 1309 2635 habere
1337 2602 1369 2634 in
1396 2605 1567 2645 posterum
