1721 2953
634 157 872 198 'tlt-tunm.
1338 170 1416 195 cvu

69 273 348 313 tractationem
372 273 541 323 habeat3
574 285 677 326 quae
703 285 767 311 res
792 272 959 312 omnino
985 271 1178 324 frequens
1200 270 1243 309 in
1267 269 1416 320 elegiis,

69 358 115 389 ut
159 357 217 388 est
259 349 457 389 naturalis
501 349 704 398 maxime,
762 356 848 388 tum
890 348 1146 401 potissimum
1192 347 1415 385 attentione

69 422 208 475 digna,
237 424 310 462 ubi
341 437 591 475 congruens,
626 424 699 464 etsi
727 423 915 476 propria,
951 423 1075 464 medii
1104 423 1293 462 carminis
1320 435 1417 460 con-

69 499 270 539 formatio.
336 500 473 554 Atque
512 504 568 540 ita
610 500 755 541 accidit
793 501 837 540 in
876 501 1003 552 elegia
1031 501 1088 550 ΙΙ,
1119 503 1158 539 3.
1230 497 1417 538 Nemesis

69 589 158 615 cum
193 576 359 615 homine
391 575 514 616 divite
546 576 588 614 in
620 590 690 615 rus
720 575 979 625 discesserat,
1023 590 1106 629 quo
1138 576 1245 615 sacto
1273 574 1418 614 Tibul-

66 653 129 692 lus
173 652 365 706 adspectu
410 662 449 692 et
495 667 571 693 usu
617 655 781 706 puellae
827 653 1055 693 carissimae
1099 653 1284 705 privatus
1329 651 1418 702 ipse

67 728 187 768 etiam
223 729 267 768 in
303 743 420 782 agros
450 744 678 783 properare
715 732 804 771 vult
835 739 874 770 et
902 730 1066 769 labores
1095 727 1268 768 rusticos
1297 739 1419 779 para-

68 811 131 843 tus
163 813 223 844 est
256 805 314 845 ibi
343 806 453 846 ferre
485 807 606 846 etiam
638 805 787 855 duros,
827 805 861 845 si
890 804 1014 845 modo
1044 804 1252 844 dominam
1284 815 1418 842 caram

68 878 277 932 adspicere
320 881 463 933 possit.
546 883 654 935 Ergo
697 884 852 924 servire
899 884 987 923 vult
1038 880 1147 933 apud
1196 879 1419 928 dominam,

68 963 189 1008 atque
220 957 299 998 hoc
330 965 390 998 est
421 959 559 998 thema
590 958 762 1010 elegiae,
806 957 917 1012 quod
956 957 1000 995 in
1039 955 1242 1009 principio
1283 953 1421 1006 prodit

68 1040 106 1071 et
133 1033 336 1084 repetitur
364 1047 541 1075 nervose
579 1035 624 1074 in
653 1035 750 1079 fine.
813 1035 860 1074 In
898 1031 1032 1073 medio
1064 1040 1198 1070 autem
1239 1030 1419 1069 carmine

66 1114 189 1157 poeta
217 1108 386 1148 uberius
413 1109 587 1150 illustrat
610 1120 649 1148 et
673 1117 849 1149 exornat
872 1110 1127 1161 praeclaram
1152 1108 1259 1145 hane
1284 1104 1420 1144 ideam

69 1182 218 1221 amoris
257 1182 518 1223 incommoda
556 1184 726 1237 quaevis
763 1196 840 1236 pro
880 1196 1039 1222 summo
1072 1182 1153 1221 fine
1193 1180 1420 1229 tolerantis,

68 1256 193 1310 idque
240 1258 372 1299 tribus
420 1258 606 1311 partibus
650 1259 729 1298 hoc
774 1257 926 1297 modo:
985 1256 1192 1296 Describit
1239 1256 1420 1308 primum

69 1331 294 1384 mythicum
323 1332 424 1372 illud
455 1333 668 1373 servitium
697 1331 903 1384 Apollinis
934 1331 1043 1383 apud
1068 1330 1309 1382 Admetum,
1349 1331 1420 1384 qui

67 1407 218 1447 relictis
250 1406 398 1449 divinis
435 1408 666 1448 honoribus
707 1407 759 1447 ad
788 1407 971 1447 infimam
1005 1405 1283 1447 conditionem
1312 1407 1420 1447 vitae

69 1481 298 1534 descendit,
347 1492 435 1523 tum
473 1484 649 1536 opponit
687 1491 725 1522 et
765 1483 941 1534 exagitat
978 1496 1172 1535 praesens
1211 1483 1421 1522 saeculum

68 1568 106 1600 et
130 1559 375 1600 hodiernam
399 1561 609 1600 luxuriam
639 1568 679 1599 et
705 1561 936 1609 avaritiam,
967 1559 1039 1599 ubi
1066 1558 1201 1613 pretio
1226 1557 1421 1600 venditur

69 1651 185 1678 amor
214 1645 255 1677 et
287 1637 322 1678 is
354 1639 536 1691 puellam
568 1638 714 1686 habet,
754 1637 827 1690 qui
855 1636 1034 1676 maxima
1064 1635 1174 1676 dona
1208 1636 1307 1684 fert,
1344 1648 1422 1687 po-

68 1721 219 1755 stremo
260 1713 311 1753 ad
348 1715 506 1766 priscae
547 1714 814 1766 simplicitatis
852 1712 1016 1752 laudem
1047 1713 1127 1752 alio
1160 1710 1283 1751 modo
1317 1710 1423 1750 redit

71 1798 110 1829 et
152 1790 302 1829 amoriS
341 1790 520 1828 liberum
561 1804 681 1829 usum
721 1788 928 1841 praedicat
968 1789 1009 1827 in
1047 1787 1161 1826 tenui
1196 1795 1280 1825 tum
1310 1786 1419 1825 victu

71 1868 288 1920 cultuque:
318 1880 443 1919 quam
468 1866 778 1906 collocationem
802 1865 981 1917 partium
1005 1872 1043 1902 et
1066 1860 1422 1914 interpositionem

69 1957 192 1995 supra
219 1944 298 1981 iam
328 1942 577 1982 notavimus.
635 1941 716 1982 Sed
743 1942 808 1981 hic
835 1941 887 1980 ad
917 1941 1037 1981 totius
1069 1939 1218 1991 elegiae
1246 1940 1420 1979 sormam

68 2017 244 2058 attende.
313 2018 369 2057 Ut
407 2018 518 2057 enim
555 2018 688 2057 exitus
729 2017 780 2057 ad
821 2015 1039 2056 exordium
1071 2013 1196 2063 redit,
1236 2013 1422 2053 similiter

68 2093 110 2131 in
142 2091 279 2133 medio
320 2094 501 2132 carmine
534 2093 654 2132 tertia
690 2106 786 2144 pars
823 2100 914 2144 post
953 2081 1170 2130 interiecta
1201 2090 1278 2129 alia
1316 2087 1422 2127 redit

69 2166 120 2205 ad
149 2168 323 2219 primam
355 2165 429 2221 (sic
458 2176 579 2219 puta:
609 2164 888 2219 ABCBA),
928 2180 1033 2220 quae
1065 2174 1124 2206 est
1152 2180 1297 2217 magna
1325 2167 1420 2203 har-

69 2242 208 2281 monia
236 2250 486 2292 structurae,
518 2257 653 2296 neque
682 2251 817 2282 tamen
846 2242 956 2282 iusto
984 2242 1263 2291 artificiosior‚
1292 2242 1421 2294 siqui-

70 2315 162 2356 dem
199 2317 244 2357 hi
284 2316 440 2358 reditus
486 2316 535 2357 ad
575 2318 721 2358 similia
760 2331 835 2372 per
874 2331 917 2357 se
959 2331 1089 2371 aeque
1130 2317 1336 2356 naturales
1378 2316 1420 2354 in

69 2394 217 2434 affectu
262 2394 478 2445 videntur,
531 2409 654 2448 quam
695 2395 792 2435 alias
833 2409 1072 2448 progressus
1114 2395 1212 2434 recti
1252 2394 1301 2434 ad
1344 2395 1421 2433 alia

71 2479 192 2524 atque
233 2472 324 2511 alia.
402 2472 472 2511 Est
517 2481 652 2511 tamen
693 2474 949 2526 frequentius
994 2474 1164 2512 alterum
1210 2473 1339 2510 altero
1380 2473 1419 2509 in

73 2548 437 2600 compositionibus
465 2550 665 2601 elegiaciS‚
702 2559 745 2590 ut
773 2551 893 2590 etiam
924 2551 987 2590 hic
1017 2563 1208 2589 recensus
1237 2545 1423 2587 ostendit.

76 2622 206 2675 &tque
246 2623 346 2664 haee
385 2625 594 2666 hactenus.
666 2625 803 2665 Restat
845 2634 885 2664 ut
923 2630 1064 2665 tertitme
1105 2637 1232 2674 genus
1272 2623 1421 2672 repeti-
