1721 2953
64 2524 78 2536 9

477 187 621 228 LIBR.
648 188 722 228 IV.
780 187 947 230 CARM.
975 190 1048 231 ΙΙΙ.
1346 194 1427 233 435

90 301 135 333 ita
163 299 306 334 divisum
331 304 461 344 totum,
495 305 533 335 ut
557 301 740 346 primum
767 302 917 345 pericula
951 303 1140 339 detestetur
1169 306 1282 341 iuveni
1316 309 1426 342 immi-

88 367 220 409 nentia,
257 367 421 401 deinde
454 369 594 401 alteram
624 368 785 402 maiorem
820 374 950 412 partem
987 371 1112 405 doloris
1146 376 1270 407 tractet
1303 377 1427 419 puella,

88 434 179 476 quod
196 437 310 467 careat
327 433 450 467 blanda
471 434 659 478 praesentia
676 434 787 475 amati,
803 445 868 468 non
891 435 1020 470 fruatur
1036 447 1151 471 amore
1171 441 1338 482 castisque
1354 451 1429 474 am-

88 500 244 542 plexibus
269 499 360 541 eius‚
386 499 571 533 accedente
597 499 698 532 etiam
723 500 919 543 zelotypiae
943 505 1055 544 metu3
1082 514 1166 546 ergo
1186 504 1300 548 priori
1323 507 1426 551 parti

87 565 243 598 carminis
268 565 385 598 altera
408 567 499 600 aliud
522 577 646 600 novum
671 565 765 600 addit
790 572 994 602 momentum
1021 580 1144 604 rerum.
1194 571 1321 607 Totum
1345 584 1428 608 vero

87 630 216 664 claudit
241 631 413 674 exitus,
451 633 681 676 complectens
708 633 826 676 paucis
851 633 1074 677 desiderium,
1112 637 1202 680 quod
1231 639 1294 672 toti
1327 641 1426 676 inest.

87 696 221 740 Nempe
246 697 357 740 qualis
381 697 464 731 alias
496 697 530 730 in
564 696 814 741 antistrophicis
848 701 1168 745 compositionibus,
1202 704 1279 737 talis
1304 707 1429 749 passim

88 763 189 796 etiam
223 764 257 796 in
291 763 412 805 elegiis
437 763 574 806 ponitur
597 762 717 796 divisio
743 765 944 806 argumenti.
992 767 1176 801 Praeterea
1208 774 1261 803 est
1293 782 1427 807 carmen

89 829 266 871 egregium
294 829 395 862 etiam
421 829 586 862 varietate
611 828 794 862 affectuum
822 830 989 864 notabile:
1014 832 1108 865 vides
1133 838 1258 868 metum
1280 846 1322 869 ne
1346 848 1430 881 aper

87 899 230 936 noceat,
267 894 529 927 detestationem
554 894 760 936 venationis,
796 894 1029 930 fortitudinem
1055 899 1178 932 amoris
1203 901 1314 934 omnia
1339 903 1429 936 tole-

85 960 208 1001 raturi,
242 960 435 1003 zelotypiae
460 970 622 1002 angorem
655 962 690 992 et
714 960 809 992 iram.
862 961 930 995 Qui
955 961 1146 996 ubertatem
1171 965 1203 997 in
1231 964 1280 999 his
1305 968 1428 1001 carmi-

86 1024 183 1057 nibus
209 1024 423 1068 desiderant,
448 1029 487 1058 ut
509 1025 690 1067 Bmflms,
716 1035 782 1058 non
808 1025 984 1069 legerunt,
1009 1028 1124 1063 cred0.

577 1317 932 1361 EXPLICATIO.

176 1485 219 1519 V.
247 1486 363 1517 1-10.
412 1483 559 1517 Prima
583 1493 688 1526 pars
713 1483 941 1518 carminis.
984 1484 1105 1517 Metu
1128 1486 1304 1529 agitata
1330 1489 1428 1521 Sul—

83 1552 200 1595 picia
226 1551 274 1585 ad
299 1561 450 1595 aprum
482 1550 616 1583 verba
648 1550 780 1591 facit,
815 1562 866 1584 ne
900 1552 1112 1586 vulneret
1143 1560 1334 1589 amatum
1370 1558 1430 1589 iu-

83 1629 255 1659 venem,
290 1622 376 1650 tum
404 1617 574 1650 omnino
599 1609 744 1649 silvas
774 1620 818 1649 et
843 1619 1126 1653 venationem
1153 1621 1424 1671 detestatur.

176 1686 219 1719 V.
246 1687 263 1717 1
289 1695 364 1727 sqq.
412 1685 549 1718 Parce
582 1693 675 1716 meo
709 1683 874 1716 iuveni.
925 1684 989 1717 Cui
1021 1686 1198 1727 ignoratur
1221 1701 1347 1733 „quem
1372 1689 1428 1722 ni-

83 1763 184 1783 veum
209 1750 384 1797 quondam
407 1749 594 1794 percussit,
621 1749 769 1785 Adonis,
803 1750 996 1783 Venantem
1019 1752 1136 1785 Idalio
1161 1754 1290 1786 verlice
1317 1755 1429 1788 durus

85 1816 215 1860 aper‚“
250 1817 438 1850 Pnopmzr.
463 1815 507 1857 ΙῘ,
536 1818 590 1857 13,
617 1815 693 1849 53?
718 1834 762 1840 —-—
807 1816 917 1850 bona
950 1828 1116 1861 pascua
1152 1821 1314 1864 campi,
1348 1827 1428 1855 sunt

82 1887 180 1926 prata
207 1883 367 1916 convallis
390 1884 478 1916 inter
499 1887 642 1925 montes,
668 1886 826 1917 monente
852 1884 991 1926 Vossro,
1017 1889 1052 1918 at
1071 1886 1270 1920 umbrosi
1297 1887 1427 1922 devia

84 1951 252 1982 montis
277 1949 431 1991 intellige
456 1949 579 1981 saltum
604 1949 635 1981 in
662 1948 776 1981 arduis
800 1949 969 1982 montibus
994 1949 1146 1993 densum,
1172 1962 1239 1994 quo
1262 1954 1353 1985 nulla
1374 1954 1430 1986 via

88 2014 192 2049 ducit.
241 2014 329 2048 Nam
355 2018 487 2048 montes
513 2018 547 2047 et
571 2014 675 2047 valles
701 2014 832 2047 clausas
856 2015 1008 2049 incolunt
1033 2018 1117 2060 apri.
1141 2036 1189 2043 ·—
1228 2018 1320 2052 Nec
1344 2021 1428 2053 tibi

83 2080 164 2121 sit,
202 2090 265 2113 nec
301 2080 362 2113 tibi
396 2079 529 2113 accidat
563 2083 598 2112 et
632 2080 743 2113 veniat
777 2081 809 2113 in
844 2085 990 2115 mentem
1025 2086 1063 2115 ut
1095 2093 1196 2116 acuas
1222 2084 1276 2127 (es
1302 2085 1429 2118 komme

83 2145 139 2177 dir
165 2144 262 2177 m'clzt
289 2143 372 2188 hei),
398 2146 478 2185 noli,
503 2148 541 2177 ut
565 2145 752 2179 Pnopmw.
779 2145 840 2186 111,
867 2148 901 2187 3,
926 2148 983 2180 41.
1033 2147 1260 2183 Locutionem
1286 2151 1430 2185 vidimus

85 2222 187 2255 supra
213 2211 240 2252 I,
265 2215 298 2253 6,
321 2213 378 2244 24.
429 2211 512 2244 Aliis
538 2212 622 2244 locis
647 2216 717 2246 est:
755 2222 798 2245 ne
824 2213 943 2254 liceat,
969 2217 1004 2246 et
1027 2213 1075 2246 sit
1101 2215 1188 2247 mihi
1212 2226 1262 2259 pr.
1291 2217 1427 2249 contin-

86 2282 146 2320 gat
171 2276 261 2311 milii.
311 2278 475 2311 Similiter
499 2279 625 2312 Graeci
650 2280 711 2323 εἴη,
735 2276 783 2323 μή
809 2280 868 2323 εἴη,
905 2284 942 2313 ut
966 2281 1088 2315 ibidem
1115 2286 1276 2316 notatum.
1327 2283 1428 2317 Nunc

83 2343 174 2375 aliud
201 2354 307 2385 genus
334 2343 466 2377 dicendi
491 2345 600 2387 addo,
625 2346 682 2378 ubi
710 2349 889 2387 styma-vm
913 2358 987 2380 cum
1017 2349 1194 2393 participio
1220 2351 1306 2383 alius
1331 2352 1425 2386 verbi

83 2410 253 2452 iungitur,
293 2414 332 2442 ut
364 2411 473 2444 Sora.
503 2411 555 2444 Αἰ.
580 2414 669 2444 588:
708 2411 862 2450 invoi'vmu
886 2409 933 2457 μή
958 2410 1107 2458 προδούς
1132 2410 1219 2458 ἡμᾶς
1243 2416 1343 2460 γένῃ,
1383 2427 1427 2449 ne

85 2478 144 2510 fiat
169 2482 206 2510 ut
231 2488 292 2510 nos
320 2477 455 2521 prodas,
480 2478 593 2511 Pnivr.
621 2477 770 2522 Sopliist.
797 2482 923 2523 p.217‚
942 2480 988 2513 C:
1025 2477 1072 2525 μή
1097 2478 1309 2527 ιῖπαριιηθεὶς
1335 2485 1425 2528 γένῃ,

85 2543 142 2576 ubi
167 2543 425 2576 Hnmnonmus
452 2544 554 2577 etiam
580 2544 687 2578 Somf.
711 2544 856 2581 Philoct.
883 2550 961 2581 773.
987 2548 1137 2583 confert:
1164 2547 1212 2594 μή
1239 2547 1364 2582 σαυτόν
1391 2547 1428 2583 θ’

86 2602 156 2646 ἅμα
183 2605 265 2647 κιῖμὲ
282 2629 323 2634 --
346 2613 477 2647 uuluae
501 2612 591 2655 γίνῃ.
645 2612 786 2646 Minime
811 2618 888 2646 sunt
913 2613 974 2648 hae
999 2615 1114 2649 inanes
1139 2616 1425 2660 circumscriptio-

83 2684 162 2717 nes,
196 2678 233 2708 ut
257 2676 360 2720 vulgo
385 2687 524 2713 censere
565 2678 738 2723 videntur,
769 2680 829 2716 sed
855 2682 925 2715 suis
949 2682 1032 2715 locis
1064 2683 1193 2726 positae
1220 2684 1342 2717 eximie
1367 2684 1427 2717 ad-

966 2753 1020 2788 28
1037 2747 1052 2766 *
