1721 2953
651 133 890 175 'l'lssULLL
1328 142 1442 167 xxvi·

100 257 211 297 micis
251 258 307 296 De
345 255 530 308 Lygdum-i
570 246 814 299 carminibus,
859 263 956 303 qnae
987 262 1101 300 nuper
1131 247 1320 299 appellata
1355 253 1449 291 sinti,

100 349 195 373 ann.
235 336 356 371 1819.
397 334 519 370 1823.
561 331 684 368 1824.
730 328 802 369 ubi
841 330 1015 380 primam
1057 333 1096 365 et
1136 331 1324 378 quartam
1368 322 1450 360 ele-

97 411 205 460 giam
243 405 474 458 diligentius
513 405 783 453 examinavit,
824 402 971 442 deinde
1009 401 1226 442 Passovius
1267 400 1310 438 in
1343 397 1449 436 Cen-

99 500 195 525 sura
228 498 353 538 supra
380 482 559 533 laudata,
589 492 629 522 et
655 482 947 522 Laehmannus
979 481 1077 520 olim
1100 478 1151 518 ad
1173 477 1449 529 Propertium,

98 574 234 613 nuper
259 573 358 601 vero
389 559 578 612 pluribus
612 558 748 599 verbis
778 558 822 596 in
852 556 1132 596 Annotatione
1162 555 1374 607 praeclara
1402 553 1452 591 li-

99 641 174 678 bro
216 639 336 678 tertio
378 636 603 690 praemissa
643 636 688 674 in
728 635 791 675 sui
836 634 994 674 Tibulli
1036 632 1237 680 editione,
1280 630 1452 681 repetita

101 715 222 755 etiam
252 715 296 754 in
325 723 476 764 nostra,
505 721 718 766 praeterea
749 712 830 752 alii.
886 712 1022 763 Atque
1054 723 1127 760 ego
1159 721 1324 761 quoque
1352 706 1455 745 nihil

102 792 249 831 certius
282 791 438 839 habeo,
467 788 654 843 quamvis
686 788 807 826 etiam
840 784 1078 825 defensores
1107 785 1296 835 vulgatae
1328 780 1454 820 tradi-

104 868 227 908 tionis
259 867 510 915 exstiterint,
556 867 706 918 quibus
740 863 933 903 commoti
969 862 1086 901 multi
1115 859 1239 900 hodie
1270 857 1457 897 dubitant

102 945 144 983 in
182 957 228 984 re
267 957 353 983 non
390 942 511 982 nimis
545 943 748 992 ambigua.
806 942 865 981 Ae
903 940 1091 993 plerique
1122 937 1337 977 Tibullum
1370 947 1456 973 cre-

105 1018 208 1058 dunt
237 1019 357 1058 etiam
383 1019 449 1058 hie
484 1032 580 1058 suos
612 1031 796 1067 amores,
840 1015 911 1056 sed
941 1016 1017 1056 sub
1047 1012 1249 1067 Lygdami
1279 1011 1458 1057 nomine,

107 1095 310 1143 cecinisse,
340 1102 386 1132 ut
416 1095 616 1143 Bauerus,
644 1093 835 1142 Baebius,
865 1091 1087 1144 Spohnius,
1122 1090 1203 1128 alii.
1263 1087 1342 1127 Cui
1371 1088 1459 1139 opi-

108 1170 224 1210 nioni
253 1168 351 1223 quid
387 1170 542 1218 obstet,
578 1169 661 1206 iam
691 1167 835 1206 dicam.
903 1166 1088 1205 Primum
1119 1171 1242 1216 poeta
1269 1163 1356 1215 ipse
1387 1175 1460 1200 na-

109 1248 208 1287 tales
238 1259 334 1285 suos
362 1243 517 1284 indicat
544 1245 613 1293 ΙΙΙ,
639 1247 675 1292 5,
701 1247 765 1282 17.
797 1247 862 1282 18.
894 1242 972 1294 qui=
996 1254 1128 1280 annus
1150 1252 1243 1279 cum
1272 1252 1357 1278 non
1384 1252 1461 1291 po-

109 1324 234 1362 tuerit
263 1322 419 1361 Tibulli
449 1334 535 1360 esse
567 1320 732 1368 natalis,
771 1318 915 1357 eiicere
947 1318 1170 1356 voluerunt
1201 1317 1360 1365 locum,
1390 1313 1462 1354 sed

108 1395 435 1450 repugnantibus
471 1395 628 1446 legibus
672 1407 794 1433 sanae
835 1392 1018 1442 criticae,
1058 1391 1217 1431 videbis
1254 1391 1298 1430 in
1339 1390 1463 1431 Com-

109 1473 312 1513 mentario
335 1471 557 1512 vanitatem
581 1469 932 1521 argumentorum.
991 1466 1190 1507 Notatum
1219 1464 1367 1505 deinde
1394 1475 1463 1515 est,

112 1550 162 1587 ab
194 1546 344 1589 Ovidio
372 1545 534 1598 saepius
564 1558 805 1598 expressum
830 1542 1089 1596 Lygdamum
1123 1551 1169 1583 ut
1198 1544 1296 1582 alias
1318 1543 1463 1582 Tibul-

111 1626 220 1673 lum,
261 1621 373 1677 quod
407 1620 565 1662 verum.
624 1623 670 1661 In
700 1619 896 1673 Epieedio
930 1619 1094 1675 quidem
1128 1620 1292 1658 Amorr.
1322 1619 1394 1668 ΙΙΙ,
1427 1621 1463 1666 9,

117 1705 165 1742 51
200 1714 290 1754 sqq.
337 1713 422 1739 non
466 1699 629 1751 respicit
669 1696 927 1750 Lygdamum
969 1697 1038 1744 ΙΙΙ,
1078 1700 1115 1743 2,
1160 1690 1339 1733 1'1—13.
1392 1692 1464 1733 sed

117 1775 329 1814 Tibullum
358 1775 387 1823 Ι,
418 1778 455 1823 3,
485 1778 507 1811 5
539 1788 629 1826 sqq.
687 1775 740 1811 V.
771 1777 837 1811 17.
883 1769 1050 1823 Epieed.
1077 1770 1286 1821 Spohnius
1316 1783 1464 1822 perpe-

116 1865 206 1891 ram
234 1850 411 1902 explicat
447 1864 488 1901 p.
520 1854 595 1888 70:
637 1847 769 1897 „idem
797 1848 866 1886 ille
895 1847 1085 1886 Tibullus
1118 1846 1242 1893 iacet,
1286 1845 1358 1897 qui
1388 1857 1464 1885 nos

117 1927 166 1975 II,
189 1925 342 1976 5,114.
373 1937 508 1963 sacros
538 1931 663 1972 vateS,
692 1924 762 1971 HI,
784 1923 821 1972 4,
844 1922 910 1960 43.
943 1935 1083 1960 curam
1113 1919 1235 1960 deum
1269 1917 1466 1959 dixerat.“

116 2002 258 2043 Potius
281 2015 403 2043 verus
426 2014 593 2040 sensus:
624 2000 811 2039 Attamen
843 1998 1020 2038 dicimur
1048 2007 1086 2037 et
1114 1997 1320 2037 credimur
1342 1998 1465 2049 vulgo

119 2079 223 2118 sacri
262 2086 301 2118 et
342 2092 441 2117 cura
472 2077 666 2127 deorum,
710 2090 784 2115 nee
815 2074 867 2114 ad
897 2075 1041 2124 unius,
1080 2074 1149 2114 sed
1189 2073 1240 2114 ad
1281 2075 1466 2114 omnium

117 2163 368 2208 provocatur
396 2154 690 2193 auctoritatem.
749 2151 942 2191 Ceterum
973 2166 1058 2191 non
1088 2164 1213 2201 nego,
1249 2164 1341 2190 eum
1372 2148 1465 2189 ede-

118 2241 181 2272 ret
219 2232 347 2271 libros
387 2245 482 2271 suos
526 2229 720 2279 Ovidius,
760 2230 942 2282 potuisse
985 2231 1034 2268 ab
1075 2242 1122 2267 eo
1160 2218 1308 2279 respici
1346 2227 1467 2265 simul

120 2310 246 2349 verba
266 2308 422 2348 Tibulli
452 2308 502 2357 ΙΙ,
525 2312 561 2356 5,
586 2311 678 2346 113.
703 2307 808 2358 114„
837 2307 909 2345 ubi
936 2313 1042 2346 certe
1074 2303 1123 2342 de
1152 2303 1236 2344 vita
1265 2309 1305 2340 et
1335 2309 1465 2340 morte

121 2399 276 2435 sermo,
306 2399 398 2424 eum
425 2384 534 2437 apud
563 2383 820 2437 Lygdamum
851 2383 920 2430 III,
950 2382 987 2429 4,
1017 2381 1083 2420 43.
1113 2379 1235 2432 plane
1267 2378 1343 2417 alia
1374 2390 1465 2415 sen-

121 2464 249 2503 tentia
269 2463 331 2502 sit.
391 2462 496 2501 Satis
527 2469 667 2502 eontra
697 2460 941 2514 Spolmium.
999 2456 1085 2497 Nee
1115 2464 1223 2496 certa
1255 2468 1466 2506 compara·

125 2542 180 2580 tio
216 2541 403 2580 locorum
438 2539 568 2592 Lygd.
599 2540 667 2587 ΠΙ,
700 2544 735 2588 6,
768 2540 834 2577 49.
865 2541 930 2576 50.
968 2544 1005 2576 et
1047 2533 1167 2576 Ovid.
1202 2535 1287 2572 Art.
1317 2533 1407 2571 Am.
1439 2532 1467 2577 Ι,

130 2618 222 2654 633.
254 2616 346 2653 634.
387 2629 475 2653 eum
518 2615 636 2656 etium
668 2614 762 2653 talia
800 2626 919 2665 saepe
953 2620 989 2650 et
1021 2627 1041 2650 a
1072 2611 1209 2650 multis
1241 2609 1345 2648 dieta
1376 2607 1465 2645 sint.
