1721 2953
252 110 270 146 1
279 110 300 144 9
309 109 330 143 2
564 98 934 142 COMMENTAR.
964 97 1023 136 IN
1055 98 1245 138 TIEUM
1255 100 1282 137 ,Ι

248 223 340 262 tant,
366 219 407 252 ad
432 216 522 260 quod
549 220 618 250 tum
645 216 860 260 profecturus
887 217 989 250 fuerit
1014 221 1135 260 poeta3
1173 216 1235 250 sed
1261 215 1324 251 hoc
1349 227 1438 252 nuuc
1463 216 1593 252 refuta·

250 289 341 320 tione
366 284 527 318 uberiore
553 293 620 316 nou
646 286 746 325 eget,
777 287 957 327 postquam
984 286 1156 326 repertum
1183 282 1275 325 quod
1300 283 1372 316 sine
1397 287 1595 317 controver-

250 356 297 386 sia
325 363 452 386 verum.

342 417 554 451 Accedamus
590 427 678 450 nunc
715 416 853 461 propius
887 417 930 451 ad
966 428 1102 452 carmen
1136 418 1267 462 ipsum,
1302 417 1391 461 quod
1418 418 1595 461 egregium

247 489 320 526 est,
345 484 427 517 licet
451 483 494 516 ab
519 483 738 516 adolescente
763 482 938 525 scriptum.
988 483 1075 516 Nam
1101 484 1237 526 ingenia
1262 494 1342 517 vere
1367 484 1502 527 poetica
1523 483 1596 517 jam

248 552 281 584 in
316 550 549 584 adolescentia
575 549 724 593 produnt
759 549 872 591 qualia
905 548 991 590 sint,
1027 559 1091 582 nec
1122 548 1240 582 dubito
1266 548 1408 582 formam
1433 554 1468 581 et
1493 549 1597 582 ratio-

249 627 326 650 nem
354 617 512 650 carminis
545 616 610 648 iam
644 620 714 648 tum
742 615 788 647 ita
825 614 1045 658 compositam
1082 617 1120 646 ut
1155 613 1336 655 habemns,
1371 615 1434 647 etsi
1467 618 1597 657 postea,

247 695 324 717 cum
358 687 450 716 totus
488 683 574 715 liber
608 682 736 725 primus
775 681 955 722 ederetur,
994 681 1099 713 dictio
1134 679 1187 714 liic
1222 681 1290 713 illic
1327 680 1435 712 limari
1475 681 1597 722 potuit.

249 750 478 784 Vehementer
501 749 607 791 igitur
629 752 806 789 errarunt,
843 748 900 789 qui
927 748 1048 779 librum
1072 747 1208 779 tertium
1234 745 1487 779 adolescentiae
1513 757 1598 789 poe-

249 821 306 851 tae
330 817 542 856 tribuerunt,
580 816 676 858 quasi
703 820 783 847 tunc
817 820 884 848 tarn
920 813 1121 857 imperfecta
1147 818 1182 847 et
1207 814 1258 846 sui
1286 813 1460 846 dissimilia
1486 813 1598 846 facere

249 884 411 926 potnerit.
472 881 599 915 Confer
624 892 710 924 quae
737 881 802 913 alio
819 864 904 913 'loco
931 879 1098 923 disputavi
1135 879 1177 912 de
1212 880 1320 923 primo
1353 880 1491 921 Hymno
1517 880 1599 912 Pin-

250 948 343 990 dari,
380 951 416 981 et
448 947 536 980 adde
570 957 673 980 carm.
711 946 813 988 Pytli.
837 946 903 987 X.,
941 945 1032 988 quod
1059 945 1177 988 viginti
1211 956 1316 978 annos
1342 949 1442 978 natus
1465 946 1601 988 scripsit

250 1012 434 1046 Thebanus
469 1017 592 1056 poeta3
628 1022 670 1045 ne
705 1012 770 1044 alia
804 1021 892 1044 nuuc
928 1011 1024 1054 plura
1053 1011 1085 1043 in
1113 1010 1195 1044 lianc
1227 1021 1299 1044 rem
1333 1011 1511 1054 disputem.
1563 1011 1600 1044 ln

250 1079 338 1111 viam
364 1078 490 1119 rede0;
515 1078 690 1111 videamus
717 1081 964 1120 argumentum.
1015 1078 1212 1110 Relicturus
1231 1077 1387 1110 Tibullus
1408 1076 1543 1110 domum
1567 1081 1602 1111 et

250 1147 411 1179 rusticam
436 1145 539 1179 vitam
565 1156 584 1178 a
610 1155 716 1189 puero
745 1144 808 1176 sibi
833 1154 967 1185 caram,
1005 1143 1148 1175 effundit
1173 1143 1285 1176 statim
1311 1143 1344 1175 in
1370 1143 1601 1186 principio

250 1213 425 1254 dolorem,
460 1223 527 1255 quo
561 1215 817 1245 commovetur:
855 1210 1045 1242 detestatur
1078 1220 1176 1242 enses
1203 1214 1238 1243 et
1264 1209 1351 1243 bella
1377 1215 1411 1243 et
1437 1210 1601 1243 bellorum

250 1291 386 1314 causam
411 1280 596 1321 avaritiam,
622 1279 737 1312 laudat
763 1282 880 1312 contra
904 1277 1156 1321 simplicitatem
1179 1282 1212 1311 et
1230 1278 1446 1311 securitatem
1471 1279 1602 1322 priscae

251 1348 372 1380 aetatis
398 1357 473 1379 cum
500 1346 647 1379 nondum
673 1345 764 1378 ferro
790 1345 1030 1386 dimicaretur,
1064 1349 1099 1377 et
1132 1345 1287 1387 queritur
1320 1355 1409 1377 nunc
1444 1344 1484 1376 ad
1512 1345 1601 1377 bella

252 1426 289 1447 se
319 1413 404 1446 tralii
431 1418 465 1446 et
490 1413 590 1446 obiici
621 1411 763 1445 hostium
794 1413 883 1445 telis.
932 1410 1043 1444 Inde
1069 1421 1149 1443 vero
1174 1421 1212 1443 se
1237 1411 1402 1444 convertit
1427 1409 1470 1442 ad
1493 1410 1602 1442 Lares

251 1481 359 1512 avitos
388 1479 517 1523 praedii
543 1483 578 1512 et
604 1489 723 1522 preces
750 1478 831 1512 facit
858 1478 1041 1511 identidem
1065 1488 1127 1522 pro
1154 1478 1264 1510 salute
1289 1488 1372 1518 sua,
1406 1481 1443 1510 ut
1467 1487 1503 1510 se
1528 1487 1602 1509 ser-

253 1550 331 1578 vent
355 1546 389 1578 in
416 1545 513 1578 bellis
539 1545 766 1587 incolumem,
801 1549 970 1587 vovetque
1006 1546 1046 1578 iis
1073 1554 1212 1588 porcum
1238 1554 1299 1587 pro
1324 1543 1436 1576 reditu
1460 1543 1502 1576 ad
1528 1554 1604 1577 mo-

251 1623 323 1645 rem
349 1612 517 1655 priscum,
542 1616 580 1644 ut
605 1613 685 1645 olim
711 1613 863 1650 contenti
889 1612 1014 1645 fuerint
1035 1611 1254 1654 simplicitate
1279 1619 1473 1650 sacrorum,
1501 1619 1602 1652 quam

251 1680 402 1711 suaviter
435 1678 617 1720 describit,
652 1679 793 1712 militiae
826 1689 908 1712 vero
944 1679 1088 1721 gloriam
1124 1679 1199 1711 aliis
1234 1678 1423 1720 relinquere
1448 1688 1484 1710 se
1509 1677 1605 1710 dicit.

250 1744 392 1787 Iamque
417 1755 541 1787 magno
567 1755 643 1778 cum
671 1746 798 1779 affectu
832 1756 988 1779 reversus
1027 1745 1068 1778 ad
1105 1744 1365 1778 detestationem
1391 1744 1491 1786 belli,
1523 1754 1606 1777 trra-

1522 1771 1542 1786 e

251 1809 339 1842 viter
364 1809 534 1842 tristitiam
561 1811 680 1843 mortis
705 1810 861 1854 depingit
885 1814 920 1844 et
945 1810 1128 1843 inferorum
1156 1811 1331 1852 locorum,
1371 1820 1458 1853 qnae
1491 1813 1603 1842 tamen

252 1880 470 1918 praemature
501 1880 716 1909 arcessantur
749 1877 818 1908 sata
850 1876 893 1909 ab
931 1875 1123 1909 hominibus
1155 1877 1261 1908 stulto
1291 1876 1418 1908 surore.
1467 1876 1605 1910 Quanto

252 1941 405 1982 felicior,
441 1942 574 1984 pergit,
612 1942 641 1974 is
671 1945 743 1982 est,
782 1941 835 1973 cni
863 1940 953 1973 domi
980 1951 1226 1973 consenescere
1251 1941 1332 1973 licet
1356 1941 1445 1973 inter
1468 1950 1548 1972 suos
1571 1939 1604 1972 in

252 2006 402 2039 rusticae
436 2007 524 2039 vitae
559 2007 744 2039 securitate
782 2010 817 2038 et
851 2007 1069 2050 simplicitate
1101 2008 1297 2050 praeclara3
1338 2007 1390 2039 sic·
1423 2017 1489 2048 ego
1521 2006 1604 2040 sim!

254 2071 395 2104 Transit
429 2070 506 2104 binc
539 2071 581 2103 ad
607 2072 708 2104 Pacis
745 2072 879 2104 landem
905 2073 1103 2115 egregiam,
1143 2073 1175 2106 in
1214 2083 1280 2115 qua
1313 2073 1414 2105 etiam
1452 2073 1605 2105 exitus

256 2136 412 2169 carminis
439 2137 545 2168 inest:
582 2136 758 2181 praedicat
784 2137 916 2169 debitas
941 2138 1057 2181 copias
1082 2138 1212 2171 rurales
1236 2137 1318 2171 Paci
1345 2121 1380 2170 et
1403 2137 1528 2180 gaudia
1551 2138 1605 2170 iu-

257 2200 386 2242 cunda,
412 2201 602 2234 detestatur
627 2201 739 2234 denuo
766 2201 922 2234 bellicam
949 2202 1130 2245 ferociam,
1157 2207 1192 2236 et
1217 2206 1316 2236 vocat
1341 2206 1459 2235 contra
1483 2203 1604 2236 almam

257 2267 367 2306 deam,
393 2270 430 2299 ut
459 2267 571 2299 veniat
595 2267 822 2299 abundantiae
847 2267 954 2309 signis
979 2273 1108 2301 ornata.
1157 2269 1209 2301 lta
1235 2273 1348 2313 poeta.
1398 2267 1602 2302 Considere-

255 2344 331 2368 mus
356 2344 443 2367 nune
469 2336 761 2378 compositionem.
811 2335 876 2368 Est
901 2339 1013 2368 autem
1047 2328 1226 2368 manifesto
1260 2335 1437 2379 primarius
1460 2333 1603 2366 affectus

257 2401 414 2434 carminis
437 2401 535 2434 dolor
562 2402 606 2434 ob
632 2402 818 2436 discessum
845 2413 864 2435 a
890 2402 1030 2446 praedio
1056 2402 1169 2444 avito,
1196 2413 1216 2435 a
1241 2400 1487 2435 consuetudine
1512 2402 1603 2433 vitae

258 2468 408 2500 rusticae
434 2467 631 2509 carissima,
655 2479 754 2511 quem
778 2470 944 2502 consolari
971 2472 1114 2502 conatur
1136 2479 1198 2512 spe
1223 2467 1372 2508 reditus,
1398 2472 1433 2501 et
1461 2467 1605 2500 redeunt

258 2536 371 2567 omnia
396 2544 449 2574 e0‚
475 2538 511 2566 ut
535 2545 616 2578 prae
644 2536 762 2569 militia
787 2540 822 2570 et
847 2537 938 2570 bello
965 2536 1124 2569 laudetur
1147 2534 1291 2567 felicitas
1314 2533 1433 2566 idealis
1457 2533 1603 2565 rusticae

258 2600 346 2634 vilae
372 2600 404 2632 iu
431 2609 516 2643 pace
543 2603 652 2634 actae.
702 2600 873 2634 Dividitur
906 2611 987 2634 vero
1022 2604 1132 2633 totum
1169 2599 1235 2641 ita,
1274 2603 1311 2632 ut
1344 2599 1378 2631 in
1410 2597 1604 2631 exordio
