1721 2953
659 143 899 184 TIBULLI.
1331 159 1447 184 xxxv

395 258 595 299 Restituta
616 257 849 299 valetudine
873 257 1048 296 Romam
1063 269 1264 309 reversus,
1287 260 1451 300 Deliam

455 343 659 386 aegrotam
684 336 855 384 invenit,
887 336 965 374 nisi
993 335 1132 387 paullo
1158 342 1253 387 post
1276 335 1318 373 in
1340 348 1451 374 mor-

456 411 556 449 bum
595 410 758 461 incidit,
801 420 841 451 et
877 412 1079 465 praestitit
1117 409 1154 450 ei
1191 418 1278 450 tum
1318 410 1449 451 officia

455 486 620 527 laudata
650 489 749 538 eleg.
773 487 804 536 Ι,
837 490 876 527 5.

129 572 224 598 ann.
254 561 348 598 725.
398 561 627 602 Discidium
659 570 808 613 ortum,
845 577 936 602 cum
966 562 1099 612 Delia,
1129 575 1236 615 quae
1264 560 1346 600 iam
1377 562 1448 601 ab·

453 646 566 677 sente
596 638 763 677 Tibullo
795 639 897 678 clam
924 637 1047 678 fidem
1077 636 1305 676 deseruisse
1334 635 1447 675 vide-

453 720 542 761 tur,
582 720 677 763 post
705 713 899 752 morbum
929 719 1068 764 aperte
1099 710 1266 751 divitem
1294 718 1447 749 amato-

453 800 539 825 rem
572 786 812 826 admitteret.
1446 783 1451 786 ¹

397 862 482 903 Sub
503 871 696 902 aestatem
719 872 854 902 tamen
875 863 1023 915 scripta
1044 859 1207 902 videtur
1228 860 1325 911 eleg.
1348 859 1377 909 Ι,
1397 864 1447 905 5.,

453 951 545 976 cum
583 936 798 977 discidium
838 951 924 976 non
963 937 1091 976 ferret
1131 935 1295 975 diutius.
1367 933 1447 973 Sed

451 1012 574 1052 Delia
605 1014 709 1053 circa
734 1002 816 1054 Vhoc
850 1022 1011 1066 tempus
1041 1013 1132 1053 viro
1162 1012 1294 1050 nubit.

103 1085 373 1124 alm-725·26·
397 1089 542 1128 Hieme
568 1088 703 1129 reddit
724 1090 909 1129 savorem
930 1088 1053 1126 Delia
1074 1095 1234 1138 poetae,
1259 1086 1330 1138 qui
1353 1085 1450 1124 scri-

454 1165 515 1203 bit
545 1167 642 1215 eleg.
672 1166 702 1212 Ι,
733 1168 772 1202 2.
813 1177 905 1202 cum
944 1163 1125 1214 primum
1162 1174 1271 1201 nova
1309 1161 1452 1199 limina

456 1247 643 1278 tentaret.

385 1257 630 1352 'Gerebamr
662 1314 767 1352 circa
797 1313 875 1350 hoc
904 1319 1064 1362 tempus
1096 1310 1247 1349 bellum
1279 1309 1320 1347 in
1354 1307 1452 1348 Cili·-

455 1389 514 1426 cia
545 1388 621 1426 sub
655 1387 855 1426 Messalae
888 1385 1097 1437 auspiciis,
1135 1385 1207 1438 qui
1239 1382 1452 1425 Orientem

456 1463 742 1515 componebat.

116 1539 227 1577 Anni
255 1541 348 1577 726.
382 1553 491 1591 spars
520 1539 621 1579 felix
650 1537 815 1578 amanti.
872 1536 981 1575 Tum
1006 1535 1127 1576 Delia
1159 1549 1315 1576 novum
1345 1550 1453 1575 ama-

453 1623 585 1653 torem
607 1613 782 1652 admittit
802 1621 841 1652 et
858 1621 982 1666 poeta
1004 1613 1143 1653 scribit
1165 1613 1265 1663 eleg.
1286 1613 1316 1661 J,
1343 1617 1380 1651 6.
1397 1635 1452 1642 ——

454 1690 602 1728 Postea
630 1688 773 1728 relicta
806 1696 880 1727 est.

136 1776 230 1802 ann.
256 1766 351 1800 727.
401 1764 596 1803 Carmina
627 1763 678 1802 ad
704 1763 944 1801 Marathum
972 1762 1094 1801 scribi
1123 1770 1278 1812 coepta.
1306 1785 1362 1792 -—
1402 1762 1457 1801 D.

457 1839 618 1877 XXIV.
647 1836 758 1888 Sept.
787 1836 986 1883 Messala,
1028 1833 1164 1874 redux
1195 1849 1247 1873 ex
1277 1833 1456 1883 Oriente,

457 1912 728 1964 triumphavit
748 1909 798 1949 de
820 1909 1052 1962 Aquitanis.
1104 1910 1365 1963 Paullapost
1387 1912 1457 1951 Ti-

458 1988 595 2027 bullus
627 1985 812 2025 natalitia
844 1985 931 2024 eius
969 1986 1189 2026 celebravit
1228 1987 1326 2038 eleg.
1354 1987 1384 2035 I,
1419 1992 1457 2028 7.

142 2080 238 2105 ann.
261 2070 282 2104 7
289 2068 357 2103 28.
392 2061 484 2102 1Edi
511 2062 648 2114 potuit
674 2061 782 2100 liber
809 2060 969 2113 primus
999 2060 1233 2111 elegiarum.

138 2147 350 2241 ³Z¹t¹³·7{969·
408 2162 584 2214 Glycera
606 2169 767 2200 amatur
788 2170 827 2201 et
849 2168 1053 2200 canuntur
1075 2171 1249 2215 propter
1275 2176 1364 2202 eam
1387 2162 1458 2202 fle-

462 2237 566 2276 biles
608 2237 722 2288 elegi.
793 2237 917 2276 Initio
961 2238 1109 2276 amoris
1162 2238 1285 2277 scribi
1327 2238 1463 2290 potuit

464 2326 588 2352 earm.
616 2313 687 2362 IV,
721 2315 786 2351 13.

144 2405 240 2430 ann.
263 2392 358 2429 731.
396 2388 507 2466 ¹*Post
537 2386 736 2440 Glycerae
765 2399 948 2426 amorem
987 2385 1157 2438 elegidia
1192 2388 1289 2427 libri
1327 2388 1462 2442 quarti

468 2476 716 2515 componere
746 2462 895 2514 coepit.

147 2542 239 2581 circ.
270 2544 364 2581 733.
410 2537 621 2579 Nemesim
652 2551 789 2577 amare
821 2539 972 2592 coepit,
1003 2539 1068 2579 cui
1099 2538 1246 2579 deinde
1274 2540 1350 2577 tria
1380 2552 1464 2577 car-

468 2613 579 2653 mina
610 2623 857 2654 consecrata.

1031 2706 1091 2739 c2
