1721 2953
610 127 850 168 TlBULLI.
1302 142 1413 169 van

69 249 168 285 haee
210 258 336 284 unum
375 250 499 283 restat
532 250 577 281 ut
608 251 783 294 tangam.
847 241 1010 280 Etenim
1050 248 1171 292 poeta
1212 240 1410 291 elegiaca&

69 323 188 361 etiam
229 323 337 361 levat
375 328 516 372 pectus
556 333 677 359 suum
719 320 851 358 effuso
891 319 934 358 111
965 321 1092 360 verba
1122 321 1267 359 affeetu
1302 317 1413 372 (Ari-

69 405 236 437 staenet.
265 397 295 446 Ι,
326 397 442 447 epist.
476 398 551 434 16:
590 389 752 441 ‘'Amag
778 388 862 450 γάρ
894 388 944 436 δι’
976 391 1126 437 ὁτιοῦν
1159 388 1415 452 ἀχθόμενος

67 470 148 528 τήν
177 464 351 528 ψυχήν,
389 464 439 512 τὸ
474 467 653 512 λυποῦν
681 468 871 511 §ulamau
905 468 1171 523 ἐπικουφίζει
1201 468 1278 523 τῆς
1308 463 1415 523 ‹2er-

65 545 229 602 μονίας
259 540 308 587 τὸ
338 538 519 600 βάρος),
549 543 664 599 quod
692 560 732 586 v.
763 560 796 584 c.
826 546 960 584 solum
991 544 1207 584 consilium
1237 545 1313 584 suit
1344 545 1414 584 (le-

67 624 159 665 cimi
188 622 378 663 carminis
407 623 546 674 scripti
574 623 668 662 libr.
697 636 782 674 pr.;
814 631 950 662 tamen
974 623 1094 660 etiam
1117 623 1218 660 haec
1241 635 1413 661 resnou

66 707 124 737 est
162 700 274 751 paris
310 697 510 737 momenti
548 697 658 749 apud
698 711 861 748 omnes,
903 706 950 736 ut·
990 696 1100 749 apud
1139 697 1415 748 Propertium⁸

65 773 284 825 Permagni
313 786 411 815 vero
446 772 646 812 momenti
677 773 788 825 apud
818 773 1031 813 Tibullum
1063 781 1143 821 est,
1185 773 1257 825 qui
1289 787 1413 825 quam

63 852 274 903 praeclare
305 847 356 888 ad
384 849 496 888 hunc
526 849 803 890 commotioris
831 847 957 887 animi
979 848 1113 886 nisum
1141 862 1303 887 cursum
1333 850 1414 887 ele-

65 927 223 978 giarum
263 924 532 977 expresserit,
573 924 708 963 statim
738 922 911 964 videbis.
984 924 1070 962 Iam
1100 924 1210 962 enim
1242 937 1290 963 eo
1322 937 1417 976 per-

68 1011 254 1052 ventum,
284 1009 329 1040 ut
360 1015 526 1040 cursum
556 1002 703 1041 harum
736 1001 956 1052 elegiarum
990 999 1281 1039 describamus.

175 1078 486 1128 Distinguamus
517 1085 655 1116 autem
685 1085 778 1116 ante
812 1076 957 1118 ,omnia
997 1077 1214 1125 exordium,
1256 1077 1414 1115 medium

67 1167 229 1202 carmen,
257 1156 408 1202 exitum,
439 1151 620 1191 adhibita
651 1153 725 1191 his.
745 1153 880 1203 elegiis
910 1152 1092 1190 Platonis
1125 1150 1414 1191 observatione

67 1230 111 1270 in
131 1228 320 1270 Phaedro
350 1231 445 1281 Pag.
463 1229 560 1269 264.
582 1227 634 1269 C:
664 1222 802 1270 Ἀλλοὶ
834 1222 933 1269 τόδε
960 1242 1009 1282 γε
1036 1225 1165 1281 οἶμαί
1197 1242 1243 1267 σε
1273 1222 1413 1280 φάναι

69 1301 125 1347 ἰὶν
164 1303 250 1347 δεῖν
288 1297 438 1346 πάντα
478 1297 614 1357 λόγον
647 1298 791 1355 ὥσπερ
832 1301 939 1352 ζῶον
978 1297 1242 1344 συνεστάναι
1289 1298 1415 1358 σῶμά

66 1394 113 1420 τε
155 1379 313 1433 ἔχοντα
353 1371 494 1420 αὐτὸν
535 1371 697 1425 αὑτοῦ,
738 1373 845 1418 ὥστε
883 1370 998 1431 μήτε
1041 1372 1265 1430 ἀκέφαλον
1302 1377 1415 1421 εἶναι

63 1449 179 1509 μήτε
210 1450 384 1503 ἄπουν,
416 1446 525 1495 οἷλλᾶ
554 1452 671 1507 μέσοι
700 1467 747 1494 τε
776 1454 890 1510 ιἔχειν
921 1451 994 1494 καὶ
1028 1448 1165 1508 ἄκροι,
1203 1447 1415 1508 πρέποντ’

63 1521 270 1582 ἀλλήλοις
291 1527 362 1570 καὶ
391 1527 448 1584 τῷ
480 1523 562 1584 ὅλῳ
585 1527 892 1582 γεγραμμένα.
951 1528 1086 1582 Atque
1107 1530 1301 1568 exordium
1324 1530 1416 1582 qui-

63 1602 155 1644 dem
184 1605 366 1657 primum
394 1604 593 1656 impetum.
623 1606 771 1645 habet:
802 1605 904 1658 quid
934 1605 987 1644 sit
1016 1605 1129 1659 quod
1160 1615 1416 1648 commoveat

64 1682 268 1730 animum,
308 1680 420 1734 quod
449 1681 668 1732 gaudium,
712 1681 803 1734 quis
835 1681 967 1732 dolor,
997 1683 1088 1735 quis
1118 1690 1273 1731 metus,
1304 1681 1416 1735 quod

65 1754 313 1795 desiderium
345 1764 416 1794 aut
446 1757 686 1805 consilium,
728 1758 932 1796 festumne
964 1758 1015 1797 sit
1045 1757 1156 1810 quod
1189 1759 1419 1797 celebretur

65 1846 117 1870 an
149 1830 261 1870 aliud
292 1830 392 1884 quid
430 1830 621 1875 inciderit·
655 1832 809 1870 laetum
838 1833 903 1871 vel
934 1831 1072 1881 triste,
1113 1832 1292 1885 primum
1321 1832 1417 1873 hinc

64 1908 214 1959 discas,
244 1922 339 1946 nam
368 1907 503 1960 prima
534 1915 573 1945 et
601 1908 932 1959 praesentissima
961 1909 1022 1949 vis
1057 1917 1117 1948 est
1146 1909 1273 1962 ipsius
1302 1910 1418 1962 prin-

63 1985 203 2037 cipalis
233 1985 403 2023 affectus
433 1983 500 2023 vel
530 1984 765 2031 sententiae,
794 1983 918 2022 huius
939 1983 1063 2034 igitur
1087 1986 1201 2024 locus
1222 1986 1417 2037 proprius

62 2063 107 2102 111
148 2060 342 2110 exordio,
391 2068 429 2098 et
471 2059 820 2113 quemadmodum
860 2060 1015 2099 flumen
1057 2060 1193 2100 subito
1233 2062 1417 2100 laxatum

63 2139 193 2178 servet
229 2136 347 2175 initio
388 2136 682 2187 impetuosius,
732 2136 788 2174 sic
829 2134 942 2188 quod
984 2135 1164 2188 primum
1206 2136 1250 2174 111
1291 2136 1417 2177 verba

63 2212 214 2265 prodit,
244 2212 328 2250 sere
354 2210 532 2251 vividius
561 2209 711 2266 prodit.
770 2208 864 2258 Quo
894 2211 1073 2263 pertinet
1097 2212 1217 2250 etiam
1242 2211 1415 2250 mutatio

5 2330 7 2332 ,
64 2290 199 2329 subita
230 2287 477 2335 sententiae,
519 2301 640 2339 saepe
683 2288 807 2327 obvia
836 2289 879 2327 in
910 2288 1113 2340 principio
1145 2290 1295 2328 horum
1327 2303 1416 2328 car-

64 2366 235 2404 minum.
309 2363 375 2403 Sic
405 2364 436 2413 I,
466 2367 505 2413 2,
537 2369 575 2402 7.
614 2364 796 2415 primum
830 2365 1084 2415 imprecatur
1122 2364 1270 2403 ianuae
1310 2367 1415 2403 mala

65 2449 199 2492 poeta,
241 2448 325 2478 tum
356 2447 512 2477 mutata
543 2439 743 2477 sententia
774 2448 943 2491 repente
975 2448 1102 2491 rogat,
1134 2449 1179 2479 ut
1212 2449 1347 2493 pateat
1378 2450 1415 2480 et

68 2516 266 2564 ignoscat,
311 2515 344 2552 si
385 2527 469 2567 qua
508 2513 613 2552 mala
655 2512 818 2552 dixerit.
888 2500 1054 2564 Mox-I,
1086 2518 1124 2563 5,
1156 2519 1194 2556 5.
1225 2517 1416 2555 omnibus

69 2604 109 2628 se
142 2591 385 2629 cruciatibus
424 2590 545 2627 offert·
586 2587 636 2626 ad
679 2588 869 2627 luendam
913 2604 1110 2643 poenam,
1154 2591 1262 2644 quod
1297 2593 1419 2630 absti-

976 2672 1035 2705 e2
