1721 2953
281 141 334 179 48
597 143 627 182 C
632 141 967 187 OMMENTAR;
997 145 1055 186 IN
1086 147 1313 189 TIBULLI

279 271 434 296 moinum
455 270 644 295 moneo.--
673 260 782 294 Sola
808 265 970 297 tenere
995 262 1181 298 Medeae
1206 264 1380 301 herbas.
1430 268 1483 303 De
1502 268 1628 304 Medea

280 323 536 371 πολυφαρμάκῳ
571 325 714 369 aliisque
747 327 779 359 in
805 327 952 361 Graecia
981 329 1119 372 antiqua
1153 329 1288 364 feminis
1320 333 1485 368 similibus
1518 346 1628 380 nuper

277 396 406 438 optime
439 392 623 436 disputavit
655 392 888 426 anxssnns
920 394 953 427 in
982 394 1098 428 Diario
1124 395 1330 431 scholastico
1354 398 1624 435 Darmstadiensi

277 457 515 503 (Allgemeine
540 455 817 503 Sclzulzeitng)
843 469 919 492 ann.
950 462 1051 493 1831.
1076 461 1117 495 P.
1136 461 1182 496 ll.
1208 472 1259 495 nr·
1282 464 1362 499 127.
1392 476 1425 508 p.
1444 468 1535 499 1010
1547 477 1622 510 sqq.

274 527 303 560 F
306 526 489 559 erebantur
511 528 626 558 autem
650 525 803 566 Pontus,
829 525 987 568 Colchis,
1010 527 1123 561 Iberia
1150 526 1331 563 herbarum
1357 535 1391 564 et
1415 542 1623 566 venenorum

273 591 504 625 feracissimae
528 591 750 633 mirabilium,
785 602 872 635 quae
898 590 1062 638 φάρμακα
1087 595 1214 628 Graeci
1240 595 1373 638 dicunt,
1409 598 1451 632 cf.
1478 599 1622 632 Horum.

272 659 386 704 Epod.
403 660 446 701 V,
462 661 520 701 21,
540 661 598 693 62.
622 659 732 694 VIRG.
756 658 879 701 Eclog.
899 660 993 701 VIII,
1013 662 1068 693 95.
1088 661 1201 703 ibique
1224 663 1323 696 Voss.
1344 663 1453 697 Ovm.
1472 664 1621 699 Remed.

273 729 389 760 Amor.
410 728 504 768 261„
530 729 566 759 et
588 725 760 759 iactabant
783 727 854 760 fere
880 727 970 769 magi
993 727 1071 760 inde
1091 738 1130 760 se
1155 726 1281 762 habere
1313 729 1482 763 officinam
1513 741 1618 764 suam.

271 793 437 827 Similiter
463 791 545 825 haec
570 801 653 835 saga
679 792 825 834 genuina
851 791 998 824 Medeae
1023 802 1154 825 venena
1179 803 1198 826 e
1223 792 1386 827 Colchide
1411 794 1620 838 possidebat.

272 859 360 893 Nam
386 864 501 890 tenere
527 867 593 891 non
619 861 672 890 est
696 858 849 899 novisse,
874 862 912 890 ut
936 858 1136 900 quibusdam
1160 859 1288 902 visum,
1313 860 1373 894 sed
1400 862 1537 905 proprie
1557 872 1622 895 ne-

271 925 421 959 cessario
446 925 692 969 accipiendum.
751 925 912 958 Ceterum
938 926 1047 959 aliena
1074 930 1146 968 est,
1182 930 1220 959 ut
1246 937 1333 960 nunc
1359 927 1474 969 vides,
1512 929 1620 962 altera

271 991 374 1024 lectio
398 996 496 1022 artes
521 1000 571 1034 pr.
597 989 732 1024 herbas.
782 989 870 1024 Nam
904 994 997 1024 artes
1029 991 1178 1024 Medeae
1214 991 1294 1025 nihil
1319 997 1398 1025 sunt
1420 994 1484 1026 nisi
1508 995 1620 1037 magi-

271 1069 332 1092 cae
358 1059 504 1099 omnino‚
531 1058 650 1100 quales
674 1058 739 1090 iam
765 1057 909 1090 vidimus
935 1059 1080 1100 multas3
1106 1069 1212 1101 quare
1237 1070 1279 1092 ex
1306 1059 1368 1094 hac
1393 1062 1524 1095 ratione
1548 1067 1618 1096 sta-

269 1124 433 1158 tuendum
459 1128 552 1157 esset
584 1128 721 1167 poetam
746 1123 981 1157 antecedentia
1006 1135 1082 1157 cum
1109 1125 1139 1157 vi
1167 1129 1323 1169 repetere
1348 1127 1416 1159 sic:
1443 1126 1525 1169 Est,
1551 1130 1617 1171 aio,

269 1192 475 1235 peritissima
499 1189 619 1223 horum
645 1190 814 1231 omnium,
853 1194 905 1223 est
931 1191 1039 1223 altera
1064 1190 1200 1223 Medea.
1257 1192 1327 1224 Sed
1355 1192 1498 1235 primum
1523 1193 1618 1227 vides

269 1259 478 1301 superfluum
503 1257 572 1290 tale
599 1254 823 1300 epiphonema
850 1266 943 1297 esse,
969 1255 1091 1289 deinde
1118 1260 1332 1300 pentameter
1358 1267 1423 1290 non
1447 1259 1617 1300 convenit,

268 1324 326 1365 qui
353 1333 419 1356 non
444 1323 595 1355 continet
620 1321 762 1354 similem
785 1322 888 1354 talem
908 1322 1019 1354 onmia
1040 1324 1322 1366 complectentem
1343 1324 1556 1358 sententiam.
1570 1341 1617 1351 —

267 1389 472 1422 Hecatae
507 1397 653 1420 canes.
713 1387 893 1419 Vocabant
924 1397 1029 1429 sagae
1065 1389 1168 1420 etiam
1206 1388 1289 1421 deos
1324 1389 1452 1422 inferos
1488 1393 1526 1422 ut
1560 1399 1615 1423 re-

267 1465 392 1498 sponsa
416 1453 546 1493 darent,
569 1452 802 1495 imprimisque
824 1451 992 1494 Hecaten,
1018 1453 1204 1496 principem
1230 1454 1263 1486 in
1287 1455 1419 1496 magica
1443 1465 1480 1488 re
1505 1455 1614 1497 deam,

267 1531 355 1564 quae
389 1518 629 1553 comitantibus
664 1518 804 1551 canibus
837 1518 978 1551 infernis
1012 1518 1181 1561 prodibat.
1232 1519 1308 1554 Vid.
1335 1519 1477 1552 Honxr.
1508 1521 1614 1554 Satir.

265 1589 292 1630 1,
317 1591 351 1630 8,
377 1590 433 1621 38.
461 1586 541 1628 ibiq.
567 1585 725 1618 Limam.
753 1589 787 1617 et
811 1585 1023 1618 Hnmnomv.
1073 1585 1172 1618 Adde
1197 1587 1383 1620 APOLLON.
1406 1587 1528 1622 Rnon.
1552 1587 1613 1630 111,

266 1655 369 1687 1217.
395 1653 453 1685 ubi
474 1648 613 1692 χθόνιοι
638 1647 742 1688 κύνες,
768 1649 810 1683 cs.
836 1650 1005 1683 Erum-cx.
1056 1652 1169 1692 Atque
1195 1650 1313 1685 harum
1339 1663 1460 1686 canum
1485 1653 1613 1688 rabiem

263 1719 446 1763 placabant
471 1717 635 1760 placentis
666 1716 819 1758 mellitis,
853 1712 1104 1754 μελιτοῦτταις-
1161 1717 1222 1750 Sic
1254 1718 1355 1750 etiam
1381 1722 1470 1752 teste
1495 1720 1611 1754 Smm

262 1796 289 1818 s.
311 1794 360 1817 v.:
384 1784 520 1816 ἐδίδοτο
544 1782 750 1820 manufirma
775 1788 848 1817 τοῖς
873 1788 1001 1825 νεκροῖς
1026 1776 1070 1817 ὦς
1089 1781 1134 1818 εἷς
1154 1778 1214 1813 τᾶν
1228 1782 1414 1828 Κέρβερον,
1439 1785 1612 1818 similiter-

263 1862 330 1894 que
355 1862 410 1895 ap.
439 1851 546 1885 V1RG.
574 1852 657 1882 Aen.
685 1849 744 1890 VI,
770 1851 850 1882 419.
886 1848 1058 1882 Cerberus
1091 1849 1269 1892 domatur,
1305 1850 1362 1883 cai
1386 1857 1488 1884 vates
1512 1852 1612 1884 melle

263 1916 498 1961 soporiferam
541 1921 575 1946 et
615 1914 798 1947 medicatis
827 1913 1003 1959 frugibus
1038 1913 1150 1958 offam
1183 1914 1322 1954 obiicit,
1371 1918 1449 1950 coll.
1487 1917 1611 1953 HBYN.

261 1982 375 2016 Etiam
400 1982 434 2014 in
460 1979 649 2024 Trophonii
675 1984 808 2012 antrum
843 1980 900 2021 qui
934 1979 1206 2023 descendebant,
1243 1978 1470 2020 μελιτούττας
1493 1992 1610 2017 secum

261 2050 416 2083 ferebant
440 2048 482 2081 ad
503 2051 681 2092 serpentes
706 2047 824 2080 obvios
849 2046 1102 2089 demulcendos,
1130 2048 1176 2081 cf.
1197 2048 1395 2082 Amscrol’fl.
1420 2048 1511 2083 Nub.
1527 2051 1610 2083 507.

260 2117 340 2160 ibiq.
367 2116 561 2159 interprett.
609 2114 681 2147 Iam
715 2113 810 2147 vides
843 2124 958 2147 verum
996 2113 1129 2147 distichi
1165 2125 1323 2148 sensum:
1364 2118 1502 2159 praeter
1533 2126 1609 2150 car-

261 2186 352 2218 mina
377 2185 478 2217 etiam
505 2171 646 2223 herbas,
679 2182 744 2224 ait,
779 2181 901 2216 femina
928 2180 1030 2214 habet
1055 2185 1090 2214 et
1116 2182 1291 2224 placentas
1316 2183 1466 2225 magicas
1491 2183 1607 2216 effica-

261 2254 432 2293 cissimas,
471 2251 556 2284 haec
581 2261 643 2294 pro
669 2251 835 2294 exemplis
860 2249 1018 2291 laudans,
1049 2249 1140 2283 unde
1172 2250 1214 2283 de
1250 2254 1324 2283 tota
1347 2250 1482 2284 officina
1505 2259 1608 2292 sagae

260 2320 402 2352 iudicari
429 2318 548 2361 possit.
610 2320 721 2360 Atque
744 2317 793 2351 ita
819 2316 1028 2361 patefactum
1054 2321 1126 2359 est,
1157 2327 1222 2350 non
1247 2321 1377 2351 temere
1402 2317 1456 2351 hic
1480 2317 1523 2350 de
1547 2327 1606 2350 ca-

260 2387 358 2419 nibus
383 2384 522 2418 infernis
549 2384 649 2425 dici,⁴
673 2383 753 2417 licet
784 2394 887 2427 supra
922 2384 988 2416 iam
1021 2383 1088 2416 alio
1124 2384 1200 2416 loco
1238 2382 1281 2416 de
1315 2383 1435 2416 animis
1468 2381 1606 2416 infernis

261 2452 395 2486 dixerit.
446 2451 606 2483 Ceterum
633 2450 676 2483 de
700 2450 804 2483 latina
830 2449 1067 2483 terminatione
1104 2451 1265 2481 Hecatae
1289 2449 1358 2483 vid.
1383 2449 1605 2483 Huscnxmm

260 2517 302 2551 ad
335 2516 367 2550 h.
403 2517 426 2548 l.
489 2515 552 2547 Est
591 2514 653 2548 hoc
695 2504 805 2558 genus
842 2515 1151 2558 frequentissimum
1189 2519 1292 2556 atque
1329 2515 1431 2548 etiam
1471 2517 1605 2559 elegiae

261 2584 407 2617 maxime
433 2582 648 2615 conveniens.
675 2600 721 2607 —
760 2583 803 2616 V.
826 2585 873 2615 55
896 2592 970 2624 sqq.
1006 2581 1176 2614 fallere
1209 2590 1312 2622 saepe
1344 2581 1499 2614 absolute
1525 2582 1606 2625 poni

261 2651 389 2683 notavit
415 2649 729 2681 Wuxnssmncnws
758 2647 910 2691 pluribus
935 2647 1044 2679 allatis
1071 2645 1246 2690 exemplis.
1272 2646 1320 2678 sic
1347 2645 1432 2678 infra
1454 2645 1481 2689 1,
1498 2648 1532 2687 8,
1547 2647 1606 2680 56.

1688 2655 1710 2697 iul
