<?xml version="1.0" encoding="UTF-8"?>
<!DOCTYPE html PUBLIC "-//W3C//DTD XHTML 1.0 Transitional//EN"
    "http://www.w3.org/TR/xhtml1/DTD/xhtml1-transitional.dtd">
<html xmlns="http://www.w3.org/1999/xhtml" xml:lang="en" lang="en">
 <head>
  <title>
</title>
<meta http-equiv="Content-Type" content="text/html;charset=utf-8" />
  <meta name='ocr-system' content='tesseract 3.04.00' />
  <meta name='ocr-capabilities' content='ocr_page ocr_carea ocr_par ocr_line ocrx_word'/>
</head>
<body>
  <div class='ocr_page' id='page_1' title='image "./carminaexrecensi00tibuuoft_0255.png"; bbox 0 0 1721 2953; ppageno 0'>
   <div class='ocr_carea' id='block_1_1' title="bbox 400 118 1381 171">
    <p class='ocr_par' dir='ltr' id='par_1_1' title="bbox 400 118 1381 171">
     <span class='ocr_line' id='line_1_1' title="bbox 400 118 1381 171; baseline -0.007 0"><span class='ocrx_word' id='word_1_1' title='bbox 400 122 644 171; x_wconf 80' lang='lat' dir='ltr'>TIBULLI</span> <span class='ocrx_word' id='word_1_2' title='bbox 691 121 801 167; x_wconf 86' lang='lat' dir='ltr'><strong>LIB.</strong></span> <span class='ocrx_word' id='word_1_3' title='bbox 832 121 885 167; x_wconf 89' lang='lat' dir='ltr'>II.</span> <span class='ocrx_word' id='word_1_4' title='bbox 911 130 944 166; x_wconf 87' lang='lat'>5.</span> <span class='ocrx_word' id='word_1_5' title='bbox 971 129 1006 166; x_wconf 92' lang='lat'>6.</span> <span class='ocrx_word' id='word_1_6' title='bbox 1316 118 1381 164; x_wconf 80' lang='lat'>57</span> 
     </span>
    </p>
   </div>
   <div class='ocr_carea' id='block_1_2' title="bbox 41 244 1363 994">
    <p class='ocr_par' dir='ltr' id='par_1_2' title="bbox 41 244 1363 994">
     <span class='ocr_line' id='line_1_2' title="bbox 115 244 1175 313; baseline -0.01 -13"><span class='ocrx_word' id='word_1_7' title='bbox 115 252 174 300; x_wconf 89' lang='lat' dir='ltr'>At</span> <span class='ocrx_word' id='word_1_8' title='bbox 207 263 254 299; x_wconf 87' lang='lat' dir='ltr'>tu</span> <span class='ocrx_word' id='word_1_9' title='bbox 286 250 410 313; x_wconf 86' lang='lat' dir='ltr'>(nam</span> <span class='ocrx_word' id='word_1_10' title='bbox 445 246 596 294; x_wconf 83' lang='lat' dir='ltr'>divum</span> <span class='ocrx_word' id='word_1_11' title='bbox 628 257 773 293; x_wconf 85' lang='lat' dir='ltr'>servat</span> <span class='ocrx_word' id='word_1_12' title='bbox 806 244 942 292; x_wconf 83' lang='lat' dir='ltr'>tutela</span> <span class='ocrx_word' id='word_1_13' title='bbox 972 244 1175 310; x_wconf 87' lang='lat' dir='ltr'>poetas),</span> 
     </span>
     <span class='ocr_line' id='line_1_3' title="bbox 184 329 1221 397; baseline -0.01 -13"><span class='ocrx_word' id='word_1_14' title='bbox 184 339 484 391; x_wconf 86' lang='lat' dir='ltr'>Praemoneo,</span> <span class='ocrx_word' id='word_1_15' title='bbox 530 332 617 379; x_wconf 84' lang='lat' dir='ltr'>vati</span> <span class='ocrx_word' id='word_1_16' title='bbox 650 350 810 397; x_wconf 87' lang='lat' dir='ltr'>parce,</span> <span class='ocrx_word' id='word_1_17' title='bbox 851 329 1021 396; x_wconf 86' lang='lat' dir='ltr'>puella,</span> <span class='ocrx_word' id='word_1_18' title='bbox 1070 346 1221 385; x_wconf 85' lang='lat' dir='ltr'>sacro,</span> 
     </span>
     <span class='ocr_line' id='line_1_4' title="bbox 41 411 1299 481; baseline -0.009 -11"><span class='ocrx_word' id='word_1_19' title='bbox 41 425 180 470; x_wconf 83' lang='lat' dir='ltr'>115Ut</span> <span class='ocrx_word' id='word_1_20' title='bbox 210 420 503 468; x_wconf 79' lang='lat' dir='ltr'>Messalinum</span> <span class='ocrx_word' id='word_1_21' title='bbox 534 417 778 474; x_wconf 77' lang='lat' dir='ltr'><strong>celebrem,</strong></span> <span class='ocrx_word' id='word_1_22' title='bbox 826 436 924 463; x_wconf 84' lang='lat' dir='ltr'>cum</span> <span class='ocrx_word' id='word_1_23' title='bbox 958 415 1158 481; x_wconf 82' lang='lat' dir='ltr'>praemia</span> <span class='ocrx_word' id='word_1_24' title='bbox 1191 411 1299 461; x_wconf 86' lang='lat' dir='ltr'>belli</span> 
     </span>
     <span class='ocr_line' id='line_1_5' title="bbox 180 502 1165 568; baseline -0.006 -15"><span class='ocrx_word' id='word_1_25' title='bbox 180 507 297 553; x_wconf 88' lang='lat' dir='ltr'>Ante</span> <span class='ocrx_word' id='word_1_26' title='bbox 331 525 436 553; x_wconf 90' lang='lat' dir='ltr'>suos</span> <span class='ocrx_word' id='word_1_27' title='bbox 475 523 634 552; x_wconf 84' lang='lat' dir='ltr'>currus</span> <span class='ocrx_word' id='word_1_28' title='bbox 675 503 844 568; x_wconf 86' lang='lat' dir='ltr'>oppida</span> <span class='ocrx_word' id='word_1_29' title='bbox 879 503 992 549; x_wconf 68' lang='lat' dir='ltr'>victa</span> <span class='ocrx_word' id='word_1_30' title='bbox 1028 502 1165 558; x_wconf 84' lang='lat' dir='ltr'>feret,</span> 
     </span>
     <span class='ocr_line' id='line_1_6' title="bbox 119 585 1259 659; baseline -0.008 -18"><span class='ocrx_word' id='word_1_31' title='bbox 119 595 219 659; x_wconf 91' lang='lat' dir='ltr'>Ipse</span> <span class='ocrx_word' id='word_1_32' title='bbox 253 611 412 656; x_wconf 81' lang='lat' dir='ltr'>gerens</span> <span class='ocrx_word' id='word_1_33' title='bbox 448 591 628 638; x_wconf 82' lang='lat' dir='ltr'>lauros:</span> <span class='ocrx_word' id='word_1_34' title='bbox 662 589 789 636; x_wconf 91' lang='lat' dir='ltr'>lauro</span> <span class='ocrx_word' id='word_1_35' title='bbox 828 589 1057 635; x_wconf 78' lang='lat' dir='ltr'>devinctus</span> <span class='ocrx_word' id='word_1_36' title='bbox 1095 585 1259 650; x_wconf 82' lang='lat' dir='ltr'>agresti</span> 
     </span>
     <span class='ocr_line' id='line_1_7' title="bbox 186 673 1270 740; baseline -0.009 -13"><span class='ocrx_word' id='word_1_37' title='bbox 186 679 317 727; x_wconf 80' lang='lat' dir='ltr'>Miles</span> <span class='ocrx_word' id='word_1_38' title='bbox 349 678 440 725; x_wconf 78' lang='lat' dir='ltr'>‘io’</span> <span class='ocrx_word' id='word_1_39' title='bbox 476 696 641 740; x_wconf 85' lang='lat' dir='ltr'>magna</span> <span class='ocrx_word' id='word_1_40' title='bbox 676 694 780 722; x_wconf 72' lang='lat' dir='ltr'>voce</span> <span class='ocrx_word' id='word_1_41' title='bbox 817 673 1092 738; x_wconf 79' lang='lat' dir='ltr'>‘triumphe’</span> <span class='ocrx_word' id='word_1_42' title='bbox 1132 683 1270 719; x_wconf 85' lang='lat' dir='ltr'>canet.</span> 
     </span>
     <span class='ocr_line' id='line_1_8' title="bbox 124 756 1336 827; baseline -0.008 -15"><span class='ocrx_word' id='word_1_43' title='bbox 124 767 241 812; x_wconf 85' lang='lat' dir='ltr'>Tum</span> <span class='ocrx_word' id='word_1_44' title='bbox 277 762 473 811; x_wconf 79' lang='lat' dir='ltr'>Messala</span> <span class='ocrx_word' id='word_1_45' title='bbox 507 781 632 809; x_wconf 86' lang='lat' dir='ltr'>meus</span> <span class='ocrx_word' id='word_1_46' title='bbox 670 761 745 827; x_wconf 82' lang='lat' dir='ltr'>pia</span> <span class='ocrx_word' id='word_1_47' title='bbox 781 761 855 807; x_wconf 87' lang='lat' dir='ltr'>det</span> <span class='ocrx_word' id='word_1_48' title='bbox 892 757 1143 824; x_wconf 87' lang='lat' dir='ltr'>spectacula</span> <span class='ocrx_word' id='word_1_49' title='bbox 1179 756 1336 803; x_wconf 82' lang='lat' dir='ltr'>turbae</span> 
     </span>
     <span class='ocr_line' id='line_1_9' title="bbox 47 849 1161 915; baseline -0.007 -18"><span class='ocrx_word' id='word_1_50' title='bbox 47 861 116 897; x_wconf 80' lang='lat'>120</span> <span class='ocrx_word' id='word_1_51' title='bbox 192 851 249 897; x_wconf 89' lang='lat' dir='ltr'>Et</span> <span class='ocrx_word' id='word_1_52' title='bbox 283 849 470 915; x_wconf 80' lang='lat' dir='ltr'>plaudat</span> <span class='ocrx_word' id='word_1_53' title='bbox 507 867 642 896; x_wconf 79' lang='lat' dir='ltr'>curru</span> <span class='ocrx_word' id='word_1_54' title='bbox 678 857 988 912; x_wconf 72' lang='lat' dir='ltr'>praetereunte</span> <span class='ocrx_word' id='word_1_55' title='bbox 1024 856 1161 909; x_wconf 85' lang='lat' dir='ltr'>pater.</span> 
     </span>
     <span class='ocr_line' id='line_1_10' title="bbox 123 927 1363 994; baseline -0.007 -11"><span class='ocrx_word' id='word_1_56' title='bbox 123 936 311 983; x_wconf 88' lang='lat' dir='ltr'>Annue:</span> <span class='ocrx_word' id='word_1_57' title='bbox 357 936 421 982; x_wconf 86' lang='lat' dir='ltr'>sic</span> <span class='ocrx_word' id='word_1_58' title='bbox 461 934 539 981; x_wconf 73' lang='lat' dir='ltr'>[ibi</span> <span class='ocrx_word' id='word_1_59' title='bbox 576 934 666 981; x_wconf 87' lang='lat' dir='ltr'>sint</span> <span class='ocrx_word' id='word_1_60' title='bbox 699 932 892 990; x_wconf 87' lang='lat' dir='ltr'>intonsi,</span> <span class='ocrx_word' id='word_1_61' title='bbox 934 930 1143 987; x_wconf 86' lang='lat' dir='ltr'>Phoebe,</span> <span class='ocrx_word' id='word_1_62' title='bbox 1191 927 1363 994; x_wconf 84' lang='lat' dir='ltr'>capilli,</span> 
     </span>
    </p>
   </div>
   <div class='ocr_carea' id='block_1_3' title="bbox 193 1018 1170 1088">
    <p class='ocr_par' dir='ltr' id='par_1_3' title="bbox 193 1018 1170 1088">
     <span class='ocr_line' id='line_1_11' title="bbox 193 1018 1170 1088; baseline -0.008 -18"><span class='ocrx_word' id='word_1_63' title='bbox 193 1022 268 1070; x_wconf 84' lang='lat' dir='ltr'>Sic</span> <span class='ocrx_word' id='word_1_64' title='bbox 300 1033 376 1069; x_wconf 85' lang='lat' dir='ltr'>tua</span> <span class='ocrx_word' id='word_1_65' title='bbox 411 1032 630 1088; x_wconf 85' lang='lat' dir='ltr'>perpetuo</span> <span class='ocrx_word' id='word_1_66' title='bbox 667 1019 726 1067; x_wconf 82' lang='lat' dir='ltr'>sit</span> <span class='ocrx_word' id='word_1_67' title='bbox 759 1018 841 1066; x_wconf 82' lang='lat' dir='ltr'>tibi</span> <span class='ocrx_word' id='word_1_68' title='bbox 882 1029 1002 1065; x_wconf 85' lang='lat' dir='ltr'>casta</span> <span class='ocrx_word' id='word_1_69' title='bbox 1030 1034 1170 1064; x_wconf 85' lang='lat' dir='ltr'>soror.</span> 
     </span>
    </p>
   </div>
   <div class='ocr_carea' id='block_1_4' title="bbox 484 1300 974 1341">
    <p class='ocr_par' dir='ltr' id='par_1_4' title="bbox 484 1300 974 1341">
     <span class='ocr_line' id='line_1_12' title="bbox 484 1300 974 1341; baseline -0.006 0"><span class='ocrx_word' id='word_1_70' title='bbox 484 1300 828 1341; x_wconf 90' lang='lat' dir='ltr'><strong>ELEGIA</strong></span> <span class='ocrx_word' id='word_1_71' title='bbox 898 1300 974 1339; x_wconf 93' lang='lat' dir='ltr'>VI.</span> 
     </span>
    </p>
   </div>
   <div class='ocr_carea' id='block_1_5' title="bbox 69 1407 1417 2546">
    <p class='ocr_par' dir='ltr' id='par_1_5' title="bbox 69 1407 1417 2546">
     <span class='ocr_line' id='line_1_13' title="bbox 101 1407 1406 1510; baseline -0.005 -17"><span class='ocrx_word' id='word_1_72' title='bbox 101 1407 284 1495; x_wconf 76' lang='lat' dir='ltr'>Castra</span> <span class='ocrx_word' id='word_1_73' title='bbox 319 1444 475 1491; x_wconf 81' lang='lat' dir='ltr'>Macer</span> <span class='ocrx_word' id='word_1_74' title='bbox 510 1444 737 1510; x_wconf 86' lang='lat' dir='ltr'>sequitur:</span> <span class='ocrx_word' id='word_1_75' title='bbox 772 1455 926 1491; x_wconf 85' lang='lat' dir='ltr'>tenero</span> <span class='ocrx_word' id='word_1_76' title='bbox 960 1441 1070 1507; x_wconf 88' lang='lat' dir='ltr'>quid</span> <span class='ocrx_word' id='word_1_77' title='bbox 1106 1440 1180 1488; x_wconf 78' lang='lat' dir='ltr'>{iet</span> <span class='ocrx_word' id='word_1_78' title='bbox 1215 1440 1406 1487; x_wconf 82' lang='lat' dir='ltr'>Amori?</span> 
     </span>
     <span class='ocr_line' id='line_1_14' title="bbox 179 1527 1212 1591; baseline -0.005 -13"><span class='ocrx_word' id='word_1_79' title='bbox 179 1531 247 1578; x_wconf 82' lang='lat' dir='ltr'>Sit</span> <span class='ocrx_word' id='word_1_80' title='bbox 281 1549 428 1578; x_wconf 87' lang='lat' dir='ltr'>comes</span> <span class='ocrx_word' id='word_1_81' title='bbox 466 1542 507 1578; x_wconf 90' lang='lat' dir='ltr'>et</span> <span class='ocrx_word' id='word_1_82' title='bbox 543 1527 656 1578; x_wconf 88' lang='lat' dir='ltr'>collo</span> <span class='ocrx_word' id='word_1_83' title='bbox 691 1529 865 1577; x_wconf 85' lang='lat' dir='ltr'>fortiter</span> <span class='ocrx_word' id='word_1_84' title='bbox 901 1547 1023 1575; x_wconf 87' lang='lat' dir='ltr'>arma</span> <span class='ocrx_word' id='word_1_85' title='bbox 1057 1528 1212 1591; x_wconf 75' lang='lat' dir='ltr'>gerat?</span> 
     </span>
     <span class='ocr_line' id='line_1_15' title="bbox 110 1613 1374 1681; baseline -0.005 -17"><span class='ocrx_word' id='word_1_86' title='bbox 110 1618 166 1664; x_wconf 88' lang='lat' dir='ltr'>Et</span> <span class='ocrx_word' id='word_1_87' title='bbox 202 1637 280 1664; x_wconf 93' lang='lat' dir='ltr'>seu</span> <span class='ocrx_word' id='word_1_88' title='bbox 313 1617 449 1681; x_wconf 82' lang='lat' dir='ltr'>longa</span> <span class='ocrx_word' id='word_1_89' title='bbox 484 1617 629 1664; x_wconf 85' lang='lat' dir='ltr'>virum</span> <span class='ocrx_word' id='word_1_90' title='bbox 664 1628 806 1663; x_wconf 87' lang='lat' dir='ltr'>terrae</span> <span class='ocrx_word' id='word_1_91' title='bbox 842 1616 912 1662; x_wconf 86' lang='lat' dir='ltr'>via</span> <span class='ocrx_word' id='word_1_92' title='bbox 945 1633 1023 1661; x_wconf 91' lang='lat' dir='ltr'>seu</span> <span class='ocrx_word' id='word_1_93' title='bbox 1058 1633 1170 1677; x_wconf 78' lang='lat' dir='ltr'>vaga</span> <span class='ocrx_word' id='word_1_94' title='bbox 1210 1613 1374 1659; x_wconf 86' lang='lat' dir='ltr'>ducent</span> 
     </span>
     <span class='ocr_line' id='line_1_16' title="bbox 176 1699 1217 1767; baseline -0.005 -18"><span class='ocrx_word' id='word_1_95' title='bbox 176 1703 411 1767; x_wconf 82' lang='lat' dir='ltr'>Aequora,</span> <span class='ocrx_word' id='word_1_96' title='bbox 460 1722 561 1749; x_wconf 88' lang='lat' dir='ltr'>cum</span> <span class='ocrx_word' id='word_1_97' title='bbox 597 1702 694 1748; x_wconf 85' lang='lat' dir='ltr'>telis</span> <span class='ocrx_word' id='word_1_98' title='bbox 732 1702 789 1748; x_wconf 86' lang='lat' dir='ltr'>ad</span> <span class='ocrx_word' id='word_1_99' title='bbox 825 1701 939 1747; x_wconf 89' lang='lat' dir='ltr'>latus</span> <span class='ocrx_word' id='word_1_100' title='bbox 972 1701 1036 1746; x_wconf 89' lang='lat' dir='ltr'>ire</span> <span class='ocrx_word' id='word_1_101' title='bbox 1074 1699 1217 1745; x_wconf 72' lang='lat' dir='ltr'>volet?</span> 
     </span>
     <span class='ocr_line' id='line_1_17' title="bbox 83 1784 1343 1853; baseline -0.006 -17"><span class='ocrx_word' id='word_1_102' title='bbox 83 1791 232 1845; x_wconf 74' lang='lat' dir='ltr'>5Ure,</span> <span class='ocrx_word' id='word_1_103' title='bbox 279 1807 412 1853; x_wconf 88' lang='lat' dir='ltr'>puer,</span> <span class='ocrx_word' id='word_1_104' title='bbox 450 1806 640 1853; x_wconf 80' lang='lat' dir='ltr'>quaeSO,</span> <span class='ocrx_word' id='word_1_105' title='bbox 685 1799 759 1834; x_wconf 87' lang='lat' dir='ltr'>tua</span> <span class='ocrx_word' id='word_1_106' title='bbox 796 1787 872 1852; x_wconf 84' lang='lat' dir='ltr'>qui</span> <span class='ocrx_word' id='word_1_107' title='bbox 908 1786 1029 1833; x_wconf 84' lang='lat' dir='ltr'>ferus</span> <span class='ocrx_word' id='word_1_108' title='bbox 1068 1786 1155 1831; x_wconf 84' lang='lat' dir='ltr'>otia</span> <span class='ocrx_word' id='word_1_109' title='bbox 1191 1784 1343 1849; x_wconf 81' lang='lat' dir='ltr'>liquit,</span> 
     </span>
     <span class='ocr_line' id='line_1_18' title="bbox 183 1873 1295 1940; baseline -0.003 -19"><span class='ocrx_word' id='word_1_110' title='bbox 183 1877 329 1940; x_wconf 86' lang='lat' dir='ltr'>Atque</span> <span class='ocrx_word' id='word_1_111' title='bbox 356 1875 515 1921; x_wconf 82' lang='lat' dir='ltr'>iterum</span> <span class='ocrx_word' id='word_1_112' title='bbox 546 1893 749 1920; x_wconf 82' lang='lat' dir='ltr'>erronem</span> <span class='ocrx_word' id='word_1_113' title='bbox 782 1873 867 1920; x_wconf 82' lang='lat' dir='ltr'>sub</span> <span class='ocrx_word' id='word_1_114' title='bbox 904 1885 979 1920; x_wconf 86' lang='lat' dir='ltr'>tua</span> <span class='ocrx_word' id='word_1_115' title='bbox 1010 1873 1138 1935; x_wconf 77' lang='lat' dir='ltr'>signa</span> <span class='ocrx_word' id='word_1_116' title='bbox 1174 1891 1295 1918; x_wconf 70' lang='lat' dir='ltr'>voca.</span> 
     </span>
     <span class='ocr_line' id='line_1_19' title="bbox 118 1958 1414 2027; baseline -0.005 -16"><span class='ocrx_word' id='word_1_117' title='bbox 118 1965 256 2027; x_wconf 78' lang='lat' dir='ltr'>Quod</span> <span class='ocrx_word' id='word_1_118' title='bbox 291 1964 327 2010; x_wconf 89' lang='lat' dir='ltr'>si</span> <span class='ocrx_word' id='word_1_119' title='bbox 356 1963 573 2009; x_wconf 82' lang='lat' dir='ltr'>militibus</span> <span class='ocrx_word' id='word_1_120' title='bbox 610 1981 794 2027; x_wconf 79' lang='lat' dir='ltr'>parces,</span> <span class='ocrx_word' id='word_1_121' title='bbox 838 1961 920 2008; x_wconf 86' lang='lat' dir='ltr'>erit</span> <span class='ocrx_word' id='word_1_122' title='bbox 953 1960 1026 2007; x_wconf 83' lang='lat' dir='ltr'>hic</span> <span class='ocrx_word' id='word_1_123' title='bbox 1061 1978 1239 2025; x_wconf 87' lang='lat' dir='ltr'>quoquc</span> <span class='ocrx_word' id='word_1_124' title='bbox 1272 1958 1414 2020; x_wconf 84' lang='lat' dir='ltr'>miles,</span> 
     </span>
     <span class='ocr_line' id='line_1_20' title="bbox 186 2047 1242 2115; baseline -0.005 -18"><span class='ocrx_word' id='word_1_125' title='bbox 186 2054 287 2115; x_wconf 87' lang='lat' dir='ltr'>lpse</span> <span class='ocrx_word' id='word_1_126' title='bbox 324 2049 462 2096; x_wconf 82' lang='lat' dir='ltr'>levem</span> <span class='ocrx_word' id='word_1_127' title='bbox 495 2048 620 2113; x_wconf 84' lang='lat' dir='ltr'>galea</span> <span class='ocrx_word' id='word_1_128' title='bbox 657 2049 733 2113; x_wconf 85' lang='lat' dir='ltr'>qui</span> <span class='ocrx_word' id='word_1_129' title='bbox 769 2047 855 2094; x_wconf 79' lang='lat' dir='ltr'>sibi</span> <span class='ocrx_word' id='word_1_130' title='bbox 890 2058 1038 2112; x_wconf 85' lang='lat' dir='ltr'>portet</span> <span class='ocrx_word' id='word_1_131' title='bbox 1067 2065 1242 2111; x_wconf 85' lang='lat' dir='ltr'>aquam.</span> 
     </span>
     <span class='ocr_line' id='line_1_21' title="bbox 122 2130 1415 2201; baseline -0.005 -18"><span class='ocrx_word' id='word_1_132' title='bbox 122 2138 276 2184; x_wconf 83' lang='lat' dir='ltr'>Castra</span> <span class='ocrx_word' id='word_1_133' title='bbox 309 2148 435 2201; x_wconf 85' lang='lat' dir='ltr'>peto,</span> <span class='ocrx_word' id='word_1_134' title='bbox 473 2134 702 2200; x_wconf 81' lang='lat' dir='ltr'>valeatque</span> <span class='ocrx_word' id='word_1_135' title='bbox 737 2136 888 2182; x_wconf 84' lang='lat' dir='ltr'>Venus</span> <span class='ocrx_word' id='word_1_136' title='bbox 918 2132 1181 2197; x_wconf 83' lang='lat' dir='ltr'>valeantque</span> <span class='ocrx_word' id='word_1_137' title='bbox 1217 2130 1415 2197; x_wconf 83' lang='lat' dir='ltr'>puellae:</span> 
     </span>
     <span class='ocr_line' id='line_1_22' title="bbox 69 2219 1322 2277; baseline -0.005 -7"><span class='ocrx_word' id='word_1_138' title='bbox 69 2235 114 2270; x_wconf 89' lang='lat'>10</span> <span class='ocrx_word' id='word_1_139' title='bbox 193 2224 247 2269; x_wconf 84' lang='lat' dir='ltr'>Et</span> <span class='ocrx_word' id='word_1_140' title='bbox 279 2222 389 2268; x_wconf 83' lang='lat' dir='ltr'>mihi</span> <span class='ocrx_word' id='word_1_141' title='bbox 424 2233 527 2268; x_wconf 87' lang='lat' dir='ltr'>suut</span> <span class='ocrx_word' id='word_1_142' title='bbox 557 2221 697 2277; x_wconf 71' lang='lat' dir='ltr'>vires,</span> <span class='ocrx_word' id='word_1_143' title='bbox 739 2231 778 2266; x_wconf 89' lang='lat' dir='ltr'>et</span> <span class='ocrx_word' id='word_1_144' title='bbox 815 2219 923 2266; x_wconf 86' lang='lat' dir='ltr'>mihi</span> <span class='ocrx_word' id='word_1_145' title='bbox 959 2219 1075 2265; x_wconf 81' lang='lat' dir='ltr'>sacta</span> <span class='ocrx_word' id='word_1_146' title='bbox 1107 2219 1213 2265; x_wconf 82' lang='lat' dir='ltr'>tuba</span> <span class='ocrx_word' id='word_1_147' title='bbox 1248 2230 1322 2264; x_wconf 84' lang='lat' dir='ltr'>cst.</span> 
     </span>
     <span class='ocr_line' id='line_1_23' title="bbox 116 2304 1417 2372; baseline -0.005 -17"><span class='ocrx_word' id='word_1_148' title='bbox 116 2310 285 2371; x_wconf 78' lang='lat' dir='ltr'>Magna</span> <span class='ocrx_word' id='word_1_149' title='bbox 317 2307 501 2372; x_wconf 85' lang='lat' dir='ltr'>loquor,</span> <span class='ocrx_word' id='word_1_150' title='bbox 538 2306 617 2353; x_wconf 86' lang='lat' dir='ltr'>sed</span> <span class='ocrx_word' id='word_1_151' title='bbox 652 2304 888 2368; x_wconf 83' lang='lat' dir='ltr'>magnifice</span> <span class='ocrx_word' id='word_1_152' title='bbox 924 2305 1035 2351; x_wconf 83' lang='lat' dir='ltr'>mihi</span> <span class='ocrx_word' id='word_1_153' title='bbox 1070 2323 1232 2368; x_wconf 81' lang='lat' dir='ltr'>magna</span> <span class='ocrx_word' id='word_1_154' title='bbox 1269 2304 1417 2350; x_wconf 86' lang='lat' dir='ltr'>locuto</span> 
     </span>
     <span class='ocr_line' id='line_1_24' title="bbox 190 2391 1147 2441; baseline -0.005 0"><span class='ocrx_word' id='word_1_155' title='bbox 190 2395 434 2441; x_wconf 71' lang='lat' dir='ltr'>Excutiam</span> <span class='ocrx_word' id='word_1_156' title='bbox 467 2392 641 2439; x_wconf 85' lang='lat' dir='ltr'>clausae</span> <span class='ocrx_word' id='word_1_157' title='bbox 680 2391 813 2437; x_wconf 84' lang='lat' dir='ltr'>fortia</span> <span class='ocrx_word' id='word_1_158' title='bbox 844 2391 979 2437; x_wconf 80' lang='lat' dir='ltr'>verba</span> <span class='ocrx_word' id='word_1_159' title='bbox 1016 2391 1147 2437; x_wconf 82' lang='lat' dir='ltr'>fores.</span> 
     </span>
     <span class='ocr_line' id='line_1_25' title="bbox 127 2476 1386 2546; baseline -0.005 -18"><span class='ocrx_word' id='word_1_160' title='bbox 127 2482 271 2528; x_wconf 79' lang='lat' dir='ltr'>Iuravi</span> <span class='ocrx_word' id='word_1_161' title='bbox 310 2480 515 2546; x_wconf 83' lang='lat' dir='ltr'>quotiens</span> <span class='ocrx_word' id='word_1_162' title='bbox 553 2478 800 2525; x_wconf 83' lang='lat' dir='ltr'>rediturum</span> <span class='ocrx_word' id='word_1_163' title='bbox 841 2476 898 2523; x_wconf 79' lang='lat' dir='ltr'>ad</span> <span class='ocrx_word' id='word_1_164' title='bbox 936 2476 1090 2523; x_wconf 83' lang='lat' dir='ltr'>limina</span> <span class='ocrx_word' id='word_1_165' title='bbox 1126 2476 1386 2540; x_wconf 82' lang='lat' dir='ltr'>nunquam!</span> 
     </span>
    </p>
   </div>
   <div class='ocr_carea' id='block_1_6' title="bbox 193 2561 1260 2628">
    <p class='ocr_par' dir='ltr' id='par_1_6' title="bbox 193 2561 1260 2628">
     <span class='ocr_line' id='line_1_26' title="bbox 193 2561 1260 2628; baseline -0.005 -15"><span class='ocrx_word' id='word_1_166' title='bbox 193 2567 301 2612; x_wconf 84' lang='lat' dir='ltr'>Cum</span> <span class='ocrx_word' id='word_1_167' title='bbox 339 2567 452 2613; x_wconf 86' lang='lat' dir='ltr'>bene</span> <span class='ocrx_word' id='word_1_168' title='bbox 492 2564 654 2620; x_wconf 80' lang='lat' dir='ltr'>iuravi,</span> <span class='ocrx_word' id='word_1_169' title='bbox 702 2582 780 2628; x_wconf 84' lang='lat' dir='ltr'>pes</span> <span class='ocrx_word' id='word_1_170' title='bbox 818 2574 963 2609; x_wconf 84' lang='lat' dir='ltr'>tamen</span> <span class='ocrx_word' id='word_1_171' title='bbox 1001 2562 1097 2627; x_wconf 83' lang='lat' dir='ltr'>ipse</span> <span class='ocrx_word' id='word_1_172' title='bbox 1134 2561 1260 2609; x_wconf 83' lang='lat' dir='ltr'>redit.</span> 
     </span>
    </p>
   </div>
  </div>
 </body>
</html>
