1721 2953
242 126 303 172 12
653 124 894 171 TIBULLI
941 125 1049 172 LIB.
1077 125 1107 171 l.
1135 135 1167 170 3.

291 250 430 314 Quod
465 250 502 296 si
536 248 690 297 fatales
726 248 814 296 iam
850 268 971 298 nunc
1007 248 1276 316 explevimus
1309 266 1475 310 annos,

357 338 447 384 Fac
486 336 599 401 lapis
634 335 862 401 inscriptis
898 347 981 384 stet
1016 355 1152 401 super
1184 353 1285 383 ossa
1320 334 1449 381 notis.

237 422 404 470 55‘Hic
441 422 555 468 iacet
588 421 732 468 inmiti
770 433 1062 487 consumptus
1099 433 1240 468 morte
1276 418 1506 476 Tibullus,

356 506 596 555 Messalam
630 519 748 554 terra
784 507 892 555 dum
928 507 1217 572 sequiturque
1254 506 1390 553 mari.³

287 594 379 641 Sed
414 612 511 650 nie,
546 593 669 658 quod
701 592 845 640 facilis
882 605 1035 640 tenero
1071 612 1169 640 sum
1203 611 1379 658 semper
1413 590 1585 648 Amori,

346 681 451 745 Ipsa
484 683 637 727 Venus
674 698 855 745 campos
889 679 1023 727 ducet
1055 679 1103 726 in
1138 679 1327 746 Elysios.

283 767 369 814 Hic
400 766 586 813 choreae
612 777 857 831 cantusque
886 765 1050 829 vigent,
1083 765 1340 831 passimque
1375 775 1583 827 vagantes

232 864 278 899 60
357 852 499 899 Dulce
536 864 699 899 sonant
734 851 856 898 tenui
893 863 1070 914 gutture
1107 869 1287 898 carmen
1324 868 1447 907 aves,

280 940 388 987 Fert
422 938 588 986 casiam
623 957 716 985 non
753 937 869 985 culta
905 956 1054 1001 seges,
1098 949 1303 1002 totosque
1339 955 1420 1002 per
1450 955 1581 1000 agros

345 1024 498 1072 Floret
530 1024 728 1071 odoratis
765 1035 883 1071 terra
918 1024 1116 1087 benigna
1150 1023 1291 1070 rosis:

280 1110 341 1158 At
374 1111 585 1157 iuvenum
620 1109 756 1156 series
791 1110 954 1156 teneris
991 1109 1176 1156 inmixta
1211 1107 1372 1173 puellis

346 1195 506 1253 Ludit,
552 1207 594 1242 et
629 1195 806 1242 assidue
843 1194 1012 1260 praelia
1047 1194 1203 1243 miscet
1237 1193 1389 1241 Amor.

229 1294 273 1328 65
286 1281 381 1328 Illic
418 1292 506 1337 est,
552 1280 825 1345 cuicunque-¹
838 1298 976 1344 rapax
1012 1299 1132 1327 mors
1168 1279 1290 1326 venit
1325 1279 1509 1336 amanti,

348 1367 405 1413 Et
439 1366 553 1429 gerit
586 1365 754 1427 insigni
790 1376 960 1432 myrtea
996 1376 1112 1410 serta
1149 1384 1288 1411 coma.

278 1453 338 1500 At
373 1452 584 1499 scelerata
619 1452 733 1498 iacet
768 1450 895 1497 sedes
931 1450 978 1496 in
1013 1461 1143 1496 nocte
1179 1447 1408 1514 profunda

343 1538 534 1594 Abdita,
580 1556 713 1603 quam
751 1536 918 1583 circum
954 1534 1140 1582 flumina
1175 1534 1306 1597 nigra
1343 1545 1529 1580 sonant:

279 1624 617 1689 Tisiphoneque
653 1623 828 1687 impexa
867 1621 986 1667 feros
1025 1639 1109 1685 pro
1148 1619 1348 1667 crinibus
1388 1637 1556 1682 angues

227 1726 273 1759 70
352 1710 520 1766 Saevit,
567 1721 609 1755 et
643 1709 731 1755 huc
767 1707 872 1754 illuc
908 1707 1046 1772 impia
1082 1706 1215 1753 turba
1251 1705 1390 1768 fugit:

279 1798 415 1842 Tunc
450 1794 580 1857 niger
614 1794 661 1841 in
699 1805 829 1858 porta
866 1803 1123 1857 serpentum
1158 1791 1378 1838 Cerberus
1415 1808 1490 1837 ore

341 1880 510 1926 Stridet
544 1891 585 1925 et
621 1890 790 1925 aeratas
827 1878 1015 1924 excubat
1051 1889 1150 1923 ante
1190 1877 1321 1924 sores.

277 1966 371 2013 Illic
411 1967 631 2011 Iunonem
672 1975 840 2010 tentare
880 1962 1047 2009 Ixionis
1090 1962 1185 2009 ausi

343 2055 590 2098 Versantur
631 2049 761 2097 celeri
800 2049 932 2095 noxia
972 2048 1172 2095 membra
1214 2059 1332 2103 rota,

318 2193 433 2226 5154.
460 2191 711 2234 inscriptis.
759 2189 942 2223 Emendat-i
969 2192 1081 2232 potest
1105 2186 1160 2219 llis
1183 2184 1344 2229 scriptis,
1376 2185 1433 2218 ubi
1459 2188 1571 2219 tamen

224 2251 366 2295 scriptis
401 2250 649 2293 quodammodo
682 2259 987 2293 supervacaneum,
1028 2251 1086 2279 aut
1119 2256 1196 2279 cuin
1230 2245 1442 2284 Fnummo,
1479 2245 1570 2286 quod

225 2311 326 2351 vulgo
364 2314 556 2352 receptum,
602 2308 657 2340 his
695 2307 860 2351 scriptus.
890 2325 934 2329 -
1001 2306 1044 2339 V.
1069 2307 1127 2338 58.
1166 2305 1207 2337 in
1248 2303 1439 2345 Elysios
1476 2306 1570 2334 recte

225 2368 476 2400 monuimus
511 2378 560 2410 pr.
589 2367 655 2407 ad,
688 2367 729 2399 cs.
756 2367 1008 2399 annotationem
1033 2368 1182 2397 nostram
1207 2362 1248 2395 ad
1274 2362 1425 2395 Dom'rn
1450 2361 1568 2393 MARffl

223 2427 343 2470 Epigr.
370 2427 402 2458 in
428 2428 491 2458 tine
519 2426 603 2458 libri.
631 2444 674 2449 —-
723 2426 765 2459 V.
782 2429 837 2459 63.
865 2427 918 2458 At
952 2428 1054 2457 recte.
1105 2422 1178 2455 ltaii
1207 2421 1295 2461 Hic;
1320 2418 1380 2452 sed
1408 2429 1471 2450 non
1497 2419 1569 2461 pari

224 2487 300 2517 loco
334 2495 409 2517 enni
443 2485 722 2517 antecedentibus
756 2485 893 2527 ponitur
925 2482 987 2515 hoc
1015 2480 1201 2519 distichon,
1238 2483 1275 2510 ut
1310 2479 1415 2521 repeti
1446 2477 1571 2509 debeat

225 2545 301 2582 liic,
351 2543 439 2585 quod
475 2544 575 2583 vulgo
611 2545 754 2587 probant
788 2555 863 2577 cum
896 2543 1144 2575 Bnouxnusto.
1222 2537 1313 2570 Male
1357 2524 1571 2579 contffliratur

225 2614 252 2636 i.
275 2605 408 2635 13-81.
437 2601 545 2634 Illic
572 2620 613 2626 ——
643 2603 755 2635 illie.
