1721 2953
520 115 664 153 Llssss.
695 114 766 152 111.
827 113 983 152 ELEG.
1017 115 1067 153 ΙῘ.
1370 120 1448 154 327

108 229 138 261 in
168 229 291 262 talibus
315 228 391 261 Tib.
419 228 445 270 1,
475 231 529 269 10,
555 230 619 261 64:
659 238 725 272 quo
750 225 845 258 irato
860 227 949 270 flere
969 226 1092 270 puella
1114 232 1251 271 polest,
1277 227 1352 268 quis
1376 237 1443 259 uon

109 295 196 328 videt
224 296 322 327 aliam
349 304 423 327 esse
448 294 540 326 rem!
592 294 708 327 Quare
742 291 794 324 liic
831 291 963 325 datis-os
997 293 1149 335 intellige
1185 303 1260 325 cum
1288 293 1441 331 Veni-10,

107 371 189 402 quos
227 360 329 402 vulgo
372 358 538 391 commodi
575 356 702 390 dicunt.
766 356 830 389 Est
869 367 991 391 novum
1035 360 1227 402 exemplum
1267 358 1442 390 insolentis

107 426 382 466 constructionis,
420 429 456 458 ut
490 426 556 458 alia
590 425 723 457 insolita
757 423 870 457 habet.
930 426 1028 458 Aliud
1055 428 1148 470 flere
1181 426 1300 466 alicui,
1338 426 1442 457 veluti

106 495 288 527 Pnopfflz'r.
323 492 350 533 Ι,
386 494 442 533 12,
470 493 524 524 15.
561 491 652 534 quod
693 495 744 524 est
785 490 922 522 (licendi
959 492 1107 525 verbum.
1135 509 1182 518 —
1231 493 1269 525 V.
1297 494 1338 524 15
1364 502 1438 535 sqq.

103 557 370 598 Praefatae,
405 554 437 589 h.
463 566 493 589 e.
528 560 608 588 ante
632 555 777 596 assatae,
815 559 851 588 ut
878 556 986 589 Viae.
1015 559 1095 590 Aen.
1123 557 1185 598 XI,
1209 560 1298 590 301:
1334 568 1438 600 prae-

94 622 205 666 fatus
232 622 328 654 divos
353 621 439 654 solio
463 633 524 654 rex
549 620 632 665 infit
663 619 708 652 ab
734 621 821 655 allo.
871 623 968 656 Conf.
997 624 1124 657 Huius.
1151 625 1192 657 ad
1219 624 1317 657 Ovid.
1344 624 1437 658 Fast.

104 691 158 732 vl,
180 693 257 723 303.
307 689 388 723 Noli
412 700 492 723 vero
512 700 588 723 cum
609 690 800 722 Huscmuo
826 699 1009 732 reponere:
1034 692 1126 722 Prae
1153 697 1302 736 alaeque
1324 701 1437 727 meos,-

101 766 176 788 nam
209 760 312 788 ante
344 755 577 788 concinnitatis
610 765 711 788 causa
747 755 797 787 bis
832 756 944 798 posuit
970 756 1176 798 Lygdamus.
1230 756 1318 788 Hinc
1344 756 1434 798 quod

98 822 267 864 sequitur:
293 822 564 864 animamque
590 825 814 865 precatae,
842 822 1019 865 probatum
1047 822 1250 862 Cnffluiwo,
1279 821 1433 854 Hammo

97 891 118 924 l.
145 901 194 931 c.‚
221 894 254 922 et
278 884 560 931 Bnoucimusm,
587 894 622 922 et
647 889 838 934 Huscfflgio
864 898 928 921 nec
953 888 1116 921 reiectum
1142 888 1183 920 ab
1213 888 1382 928 Hermo,
1407 887 1436 919 si

96 965 229 996 verum,
267 965 368 988 sensu
399 965 466 989 non
493 955 629 989 differet
654 956 696 989 ab
722 955 949 990 antecedenti.
1000 957 1050 988 Ac
1074 956 1176 997 vulgo
1202 955 1318 987 dicunt
1347 954 1433 987 velle

95 1027 229 1065 poetam
255 1026 307 1056 ter
331 1023 466 1056 nomine
491 1024 689 1067 compellari
715 1023 838 1056 Manes
871 1026 906 1056 et
939 1022 1077 1055 clamari
1112 1021 1319 1054 notissimum
1351 1020 1433 1052 illud

95 1088 212 1129 Have,
245 1088 320 1121 vale
343 1092 516 1121 aeternum
545 1089 676 1130 anima,
713 1088 757 1122 cf.
780 1088 942 1122 chnm.
974 1087 1018 1121 de
1042 1087 1128 1120 Fun.
1155 1087 1215 1128 111,
1242 1090 1275 1119 9.
1316 1086 1432 1118 emm.

96 1155 137 1187 ad
166 1156 261 1198 Virg-
288 1156 372 1189 Aen.
397 1155 460 1196 XI,
486 1158 545 1188 97.
602 1156 673 1188 Sed
700 1153 763 1187 hoc
789 1154 1033 1187 discedentium
1060 1158 1132 1186 erat
1158 1152 1354 1196 compositis
1384 1151 1433 1184 ci-

94 1221 250 1261 neribus,
287 1231 375 1254 nunc
410 1226 490 1253 ante
524 1219 722 1262 ossilegium
759 1219 856 1251 affari
890 1223 924 1252 et
958 1220 1091 1262 precari
1116 1219 1237 1251 Manes
1274 1217 1432 1249 iubentur

93 1288 248 1323 feminae.
298 1289 415 1323 Quare
451 1287 517 1320 alia
551 1297 606 1319 res
643 1290 707 1319 est.
757 1285 891 1328 Nempe
925 1285 1082 1318 videntur
1117 1290 1194 1318 aute
1235 1284 1432 1326 ossilegium

92 1353 237 1385 invocati
265 1353 384 1385 Manes
412 1363 487 1385 esse
512 1353 654 1384 solemni
681 1362 786 1392 more,
814 1356 852 1384 ut
877 1352 1023 1394 benigne
1049 1352 1215 1394 recipiant
1241 1350 1300 1383 lios
1325 1349 1432 1383 liono-

90 1429 144 1451 res
170 1429 280 1461 neque
306 1419 515 1459 irascantur,
541 1418 567 1450 si
594 1417 675 1460 quid
701 1427 816 1450 errore
842 1427 910 1450 non
934 1417 978 1449 sit
1002 1417 1065 1449 rite
1091 1416 1236 1456 factum,
1261 1414 1322 1448 sed
1350 1424 1430 1458 pro-

90 1484 162 1527 pitii
188 1488 358 1517 maneant.
407 1484 468 1516 Sic
489 1483 631 1527 precari
656 1482 810 1514 animam
837 1483 902 1515 erit
926 1483 1053 1515 dictum
1078 1481 1253 1522 absolute,
1287 1485 1324 1513 ut
1348 1481 1432 1513 alias

89 1552 220 1594 precari
234 1551 328 1584 deos.
369 1550 576 1583 Huscmuus
595 1550 838 1600 interpretatur
852 1548 1029 1593 precando
1050 1560 1184 1580 vocare.
1222 1548 1272 1581 Ad
1288 1548 1430 1581 alteram

89 1627 206 1650 vocem
232 1616 285 1649 hic
313 1617 433 1649 lectam
459 1614 548 1657 quod
575 1615 718 1655 attinet,
755 1625 797 1646 ne
826 1615 958 1656 placeat
983 1620 1147 1657 rogatam
1171 1618 1229 1646 aut
1254 1619 1429 1658 rogantes,

88 1682 224 1714 omnino
249 1681 358 1713 aliena
387 1679 470 1712 haec
493 1689 572 1720 vox,
606 1679 684 1721 quia
712 1679 919 1725 religiosum,
948 1689 1014 1711 non
1040 1679 1180 1720 vulgare
1207 1677 1258 1711 liic
1284 1680 1429 1721 requiri-

90 1751 145 1779 tur
169 1745 321 1778 verbum.
385 1744 566 1777 Postremo
599 1743 730 1775 Bicmi
759 1744 986 1775 coniecturam
1021 1743 1127 1776 affero
1160 1749 1312 1776 acutam:
1351 1744 1430 1775 (mi-

88 1824 246 1857 mamque
281 1816 469 1846 recentem,
503 1809 535 1842 h.
560 1820 589 1842 e.
617 1819 736 1841 recens
766 1819 910 1851 corpore
939 1819 1026 1850 quae
1052 1809 1220 1850 excessit,
1258 1814 1294 1841 ut
1319 1810 1426 1842 Orio.

89 1879 173 1911 Met.
202 1877 295 1919 Vlll,
327 1879 417 1909 488:
463 1876 533 1908 Vos
569 1873 666 1906 modo
701 1872 856 1915 fraterni
887 1875 1014 1905 stanes
1041 1873 1246 1918 animaeque
1275 1881 1428 1906 recentes

86 1942 248 1985 Officium
272 1941 400 1974 sentite
425 1951 548 1971 meam.
599 1937 722 1980 Neque
748 1943 859 1970 tamen
888 1949 928 1970 ea
954 1949 1039 1982 opus
1067 1939 1218 1980 videtur,
1252 1941 1279 1972 si
1310 1950 1427 1973 recor—

84 2010 173 2042 daris
207 2009 342 2041 insolita
379 2007 484 2040 multa
520 2005 647 2038 habere
685 2004 912 2047 Lygdamum.
947 2024 993 2029 -—
1032 2006 1339 2049 perfusaeque
1377 2009 1427 2040 li-

83 2087 222 2120 quore
259 2086 433 2117 manus,
466 2075 545 2107 lotis
579 2083 666 2115 aqua
701 2071 866 2105 manibus.
916 2071 1022 2105 Vides
1047 2071 1127 2104 nihil
1154 2074 1338 2116 praeterire
1364 2074 1425 2106 lio-

84 2144 218 2185 minem,
244 2143 304 2176 sed
331 2142 442 2175 omnia
462 2142 606 2174 molesta
632 2151 708 2174 cum
729 2139 907 2181 diligentia
933 2139 1177 2182 praescribere.
1228 2140 1328 2183 piae
1354 2150 1424 2172 ma-

84 2219 146 2241 nus
182 2212 261 2241 sunt
300 2203 411 2246 ὅσιαι,
453 2218 571 2240 sacros
608 2208 692 2240 ritus
732 2210 945 2250 peracturae.
1009 2206 1195 2249 Comparat
1234 2206 1424 2239 Wmsnnn-

84 2285 230 2308 menius
267 2274 390 2316 Virgil.
422 2276 505 2307 Aen.
531 2274 591 2315 lv,
616 2277 697 2308 517.
731 2278 767 2306 et
801 2274 915 2306 Sopfl.
941 2272 1028 2305 Oed.
1060 2273 1134 2306 Col.
1161 2275 1241 2305 469.
1273 2290 1316 2295 --
1362 2271 1423 2304 In-

81 2341 288 2382 cinctae,
332 2340 526 2373 succinctae
568 2344 662 2373 veste
701 2341 797 2383 nigra
834 2345 868 2373 et
904 2339 1054 2373 indutae.
1122 2339 1224 2374 Quod
1261 2340 1423 2371 SUETON.

81 2405 201 2439 Octav.
230 2407 308 2439 101.
332 2405 456 2438 refert:
491 2403 678 2450 Reliquias
710 2404 870 2449 legerunt
901 2404 1070 2448 primores
1095 2404 1268 2449 equestris
1293 2403 1424 2435 ordinis

81 2471 235 2503 tunicati
269 2477 304 2503 et
343 2470 506 2503 discincti
539 2468 760 2516 pedibusque
796 2470 923 2505 nadis,
963 2469 1215 2503 HEYNIUS'ut
1254 2470 1422 2502 insolitum

80 2538 208 2570 narrari
234 2542 349 2571 monet
375 2541 493 2570 contra
520 2536 802 2569 chnmmmmr
834 2540 868 2568 et
893 2535 1077 2577 viimam,
1102 2535 1285 2577 laudatque
1312 2535 1423 2578 potius

82 2601 270 2635 Hermum
307 2603 348 2636 ad
384 2602 484 2636 Ovid.
512 2602 604 2635 Fast.
635 2601 678 2642 ll,
703 2604 783 2635 633,
833 2601 890 2634 Sic
917 2601 1082 2635 Parnon.
1107 2601 1179 2635 Sat.
1209 2603 1294 2634 135:
1336 2612 1424 2631 amis
