1721 2953
646 148 887 190 TIBULLI.
1266 167 1426 194 cxxxlx

89 262 240 314 positio
287 269 346 302 est
386 263 604 316 multiplex
646 265 941 306 membrorum.
1019 266 1148 319 Igitur
1188 266 1430 320 Propertius

87 338 322 389 ingeniosus
362 337 627 379 inveniendis
673 339 799 381 variis
849 341 1201 382 enuntiationibus
1247 342 1430 383 eiusdem

89 414 312 452 sententiae
362 414 650 466 exquisitiores
707 413 854 455 modos
913 416 1238 470 amplificationis
1294 419 1431 459 habet.

89 487 196 529 Vide
231 486 412 538 primum
443 489 570 529 haec:

198 572 345 612 Donec
374 587 439 612 me
471 573 610 614 docuit
639 583 770 615 castas
803 575 937 617 odisse
967 579 1125 630 puellas

255 648 500 701 Improbus,
540 658 580 689 et
611 651 726 690 nullo
756 651 897 693 vivere
927 653 1111 694 consilio.

202 761 250 800 In
278 775 343 801 me
374 761 514 802 tardus
543 763 674 803 Amor
705 778 793 804 non
823 765 926 804 ullas
959 765 1107 816 cogitat
1137 774 1265 815 artes,

257 836 345 876 Nec
378 838 564 877 meminit
597 847 716 878 notas
746 847 792 879 ut
820 840 935 891 prius
968 840 1029 879 ire
1058 841 1159 880 vias.

203 946 266 986 En
299 948 471 1000 agedum
504 949 694 991 dominae
726 959 906 990 mentem
938 952 1163 992 convertite
1196 960 1381 1001 nostrae,

260 1022 313 1063 Et
339 1024 460 1064 facite
488 1025 560 1064 illa
588 1039 680 1065 meo
712 1027 864 1078 palleat
896 1041 967 1067 ore
1000 1027 1143 1079 magis.

205 1137 254 1175 In
283 1150 348 1175 me
378 1146 520 1177 nostra
549 1138 695 1177 Venus
724 1147 867 1178 noctes
899 1146 1064 1178 exercet
1094 1153 1276 1188 amaras,

262 1210 315 1250 Et
343 1213 460 1251 nullo
488 1226 642 1252 vacuus
673 1221 859 1265 tempore
890 1212 986 1252 defit
1016 1226 1145 1253 amor.

206 1320 262 1361 Ut
291 1323 395 1362 solet
425 1331 562 1363 amoto
594 1324 680 1362 labi
709 1323 877 1363 custode
910 1324 1049 1375 puella

264 1396 444 1449 Perfida,
484 1411 721 1437 communes
754 1411 828 1438 nec
861 1397 1095 1438 meminisse
1125 1397 1238 1439 deos.

209 1507 324 1547 Dum
352 1509 429 1548 tibi
463 1507 642 1562 deceptis
674 1519 847 1561 augetur
876 1511 985 1551 fama
1014 1511 1188 1563 puellis,

267 1582 412 1624 Certus
443 1592 483 1624 et
510 1585 555 1624 in
585 1586 700 1624 nullo
733 1585 897 1639 quaeris
927 1599 1067 1626 amore
1101 1599 1273 1625 moram.

98 1669 226 1710 Vides
263 1670 474 1724 quomodo
510 1673 611 1712 haec
643 1672 836 1712 differant
872 1687 895 1712 a
924 1673 1187 1712 Tibullianis.
1252 1671 1445 1712 Tibullus

100 1746 325 1786 simillimas
374 1747 678 1786 enuntiationes
727 1748 847 1798 ponit
894 1747 939 1785 in
987 1747 1059 1785 tali
1108 1748 1447 1798 amplificatione;

100 1822 342 1874 Propertius
371 1821 607 1873 ingeniosus
636 1821 875 1861 varietatem
910 1820 1106 1860 maiorem
1136 1822 1263 1861 insert
1293 1831 1332 1861 et
1367 1822 1447 1862 dis-

101 1898 299 1938 similiora
337 1896 547 1948 componit
583 1896 786 1944 suaviter,
830 1895 928 1934 dum
968 1896 1237 1935 nihilominus
1275 1896 1446 1936 eandem

102 1973 344 2012 senteutiam
366 1971 499 2010 iterat.
554 1970 613 2009 Ac
635 1984 727 2009 cum
750 1970 907 2009 Tibulli
929 1970 1263 2022 amplificationes
1287 1986 1448 2024 semper

102 2049 248 2089 breves
292 2046 393 2095 sint,
443 2045 683 2098 Propertius
727 2046 849 2084 etiam
891 2043 1044 2085 diutius
1087 2047 1300 2088 continuat
1344 2050 1449 2089 hanc

103 2122 355 2163 tractationis
386 2120 585 2170 formam,
622 2121 751 2160 veluti
779 2121 831 2169 V,
864 2124 937 2170 11,
970 2121 1082 2160 inin:

215 2206 393 2255 Desine,
422 2206 586 2255 Paulle,
616 2219 754 2245 meum
783 2206 959 2245 lacrimis
989 2221 1136 2257 urgere
1166 2208 1426 2260 sepulcrum:

270 2279 472 2319 Panditur
503 2280 552 2319 ad
582 2282 716 2320 nullas
746 2282 870 2320 ianua
902 2282 1017 2332 nigra
1051 2295 1204 2333 preceS.

219 2356 322 2396 Cum
361 2356 485 2395 semel
513 2356 697 2394 infernas
731 2356 941 2395 intrarunt
970 2357 1118 2395 funera
1146 2358 1276 2409 leges,

273 2430 371 2470 Non
402 2438 573 2470 exorato
603 2438 711 2469 stant
747 2429 961 2470 adamante
989 2431 1094 2470 viae.

224 2507 284 2544 Te
314 2506 407 2544 licet
437 2513 624 2544 orantem
657 2505 793 2545 fuscae
826 2504 927 2544 deus
959 2505 1096 2544 audiat
1132 2506 1273 2545 aulae:

278 2579 435 2631 Nempe
467 2588 555 2618 tuas
593 2580 779 2620 lacrimas
812 2580 933 2621 litora
964 2579 1087 2621 surda
1118 2581 1272 2620 bibent.
