1721 2953
247 121 268 154 6
558 115 927 157 COMMENTAR.
957 117 1016 157 IN
1048 117 1274 158 TIBULLI

252 231 285 260 ct
315 231 536 261 veneraturus
572 227 616 260 sit
649 226 732 259 deos
765 226 935 269 agricolas
968 237 1105 270 omnes,
1142 228 1278 271 frugum
1312 229 1446 273 vinique
1481 236 1596 274 sperat

249 296 408 334 qnantum
434 294 526 325 satIs.
579 292 734 334 Attinget
759 302 862 336 porro
888 293 1056 328 interdum
1079 295 1267 328 arationem
1292 305 1356 329 nec
1379 296 1511 340 pecoris
1536 307 1595 330 cu-

250 369 319 391 ram
346 359 509 401 negliget,
537 367 577 390 ac
602 368 678 391 cum
702 359 912 401 pastoritiam
935 360 1032 393 deam
1053 371 1134 394 vere
1153 372 1289 404 quoque
1308 363 1398 395 colat
1421 363 1597 405 Palilibus,

252 426 352 457 etiam
379 424 560 468 pecuariae
587 424 704 457 florem
729 429 845 468 sperat
873 425 1017 459 felicem.
1074 427 1127 460 lta
1160 428 1307 470 negotiis
1332 428 1467 462 rusticis
1494 434 1530 462 ut
1555 430 1597 462 li·-

252 489 344 522 bebit
370 499 491 521 vacans
517 492 551 522 et
574 487 690 523 favore
713 490 853 524 deorum
875 503 1016 525 securus
1034 493 1180 536 inopiae,
1209 494 1327 527 vitabit
1350 495 1448 528 simul
1466 500 1596 529 aestum

249 554 311 586 snb
337 554 456 587 umbra
480 554 611 587 arboris
637 559 671 588 et
699 554 816 588 hiemis
841 557 1008 599 procellas
1034 557 1067 589 in
1093 559 1194 590 solito
1219 559 1320 592 lecto.
1371 559 1440 592 Sed
1466 561 1599 594 accedit

249 618 291 650 ad
318 617 420 658 baec,
455 619 545 662 quod
573 621 675 653 etlam
701 620 815 664 puella
844 620 994 653 formosa
1020 621 1118 654 Delia
1149 623 1296 656 animum
1332 625 1442 668 cepit,
1477 629 1515 658 ut
1548 624 1598 658 his

248 695 383 727 quoque
415 685 556 719 vinculis
589 686 677 720 domi
712 687 908 721 retineatur.
966 688 1137 722 Describit
1171 690 1276 732 igitur
1305 701 1394 724 nunc
1419 693 1520 726 etiam
1545 693 1599 726 as-

249 752 375 785 fectum
401 754 636 787 mollissimum
662 753 760 787 liuius
786 755 911 787 amoris
935 754 986 786 sui
1013 754 1055 787 ad
1088 759 1231 789 mortem
1257 756 1428 799 duraturi,
1461 761 1495 790 et
1520 757 1599 791 lior-

250 821 341 850 tatur
365 819 511 861 puellam
541 830 616 853 cum
643 821 799 854 iuventus
825 821 938 854 brevis
963 821 1027 863 sit,
1062 825 1100 854 ut
1125 832 1240 855 secum
1268 823 1443 866 indulgeat
1475 826 1599 857 amoris

249 884 377 917 lusibus
406 885 485 918 dum
511 886 581 919 sata
605 887 739 928 sinant3
773 888 904 930 gloriae
929 899 1011 921 vero
1039 889 1177 922 militari
1206 894 1240 923 et
1266 889 1349 924 llaec
1371 891 1495 933 gaudia
1518 903 1599 936 spe-

250 953 324 981 rata
349 951 492 993 opponit
518 954 553 984 et
578 956 656 995 post
687 956 829 986 mortem
856 954 1011 986 lacrimas
1036 954 1155 988 Deliae
1182 956 1407 999 iuvenumque
1433 961 1467 990 et
1491 958 1596 1000 virgi-

250 1025 352 1056 num,
390 1020 514 1058 poetae
547 1017 743 1050 fidelissime
776 1018 921 1051 amantis
946 1018 1047 1052 sunus
1073 1020 1128 1061 qui
1154 1021 1403 1054 comitabuntur
1429 1022 1597 1064 lugentes.

248 1080 301 1112 lta
327 1080 496 1116 Tibullus.
544 1082 651 1116 Vides
679 1084 769 1126 quod
797 1084 886 1118 dixi:
931 1087 1039 1119 otium
1073 1088 1189 1130 paucis
1223 1092 1420 1122 contentum
1453 1100 1531 1124 rure
1563 1095 1599 1124 et

249 1145 281 1176 in
309 1155 424 1179 amore
453 1147 728 1190 transigendum,
755 1146 838 1182 llaec
864 1153 915 1182 est
943 1150 1087 1183 felicitas
1113 1152 1253 1195 idealis,
1286 1165 1387 1197 quam
1412 1155 1475 1188 sibi
1501 1157 1599 1199 fingit

250 1212 382 1254 animo,
422 1213 519 1246 cuius
553 1224 655 1247 sensu
682 1214 784 1247 etiam
818 1225 880 1249 nos
907 1215 1073 1249 afficimur
1099 1217 1338 1252 iucundissime
1363 1224 1397 1253 et
1425 1231 1599 1256 movemur

252 1279 417 1320 legentes,
475 1279 560 1313 Cum
589 1281 677 1313 enim
710 1291 771 1324 per
795 1292 832 1314 se
858 1292 979 1324 magna
1004 1283 1153 1317 suavitas
1178 1285 1223 1318 sit
1247 1286 1281 1318 in
1306 1287 1468 1321 ruralium
1493 1299 1598 1321 occu-

250 1344 423 1386 pationum
461 1344 768 1389 descriptionibus,
807 1353 985 1391 praeterea
1021 1351 1153 1384 accedit
1193 1353 1304 1385 cultus
1345 1355 1420 1397 pius
1457 1354 1598 1389 deorum

250 1409 436 1450 agrestium
463 1413 497 1443 et
522 1411 688 1444 modestia
717 1423 822 1456 parvo
848 1419 1018 1456 contenta,
1051 1420 1223 1458 postremo
1248 1427 1343 1450 amor
1366 1419 1496 1462 Deliae,
1521 1421 1598 1463 qui-

250 1473 312 1506 bus
346 1474 447 1507 rebus
481 1476 669 1510 coniunctis
703 1477 929 1521 pulcherrima
965 1481 1099 1514 exsistit
1132 1482 1245 1524 imago
1281 1483 1381 1517 vitae.
1443 1486 1598 1528 Augetur

250 1549 331 1572 vero
359 1538 444 1574 haec
470 1542 644 1584 praeclara
668 1543 717 1575 vis
743 1553 854 1576 rerum
882 1545 983 1577 etiam
1012 1556 1052 1578 eo
1079 1556 1144 1578 non
1171 1557 1310 1590 parum,
1334 1549 1424 1591 quod
1451 1551 1597 1594 opponi-

250 1608 305 1637 tur
338 1606 436 1638 simul
470 1616 532 1649 per
565 1610 673 1640 totum
707 1618 842 1640 carmen
877 1610 1016 1650 militia3
1055 1620 1164 1653 neque
1195 1612 1283 1646 enim
1316 1614 1426 1648 solum
1457 1620 1599 1660 propter

251 1670 485 1704 imitationem
512 1672 704 1714 Messalae,
733 1674 787 1706 cui
814 1674 1061 1716 respondetur,
1097 1674 1180 1709 baec
1205 1687 1259 1710 res
1287 1684 1511 1713 consentanea
1535 1685 1597 1723 est,

250 1736 309 1768 sed
336 1737 437 1770 etiam
463 1737 505 1770 ad
533 1738 702 1780 poeticam
728 1739 892 1771 rationem
917 1741 1074 1773 carminis
1097 1742 1312 1786 suavissima,
1335 1744 1436 1777 cuius
1462 1757 1598 1780 summa

249 1803 428 1836 sententia
461 1803 529 1835 hac
562 1803 777 1848 oppositione
810 1805 959 1838 militiae
993 1807 1125 1853 otiique
1155 1808 1362 1844 continetur.
1412 1812 1598 1846 Considera

249 1878 337 1902 nunc
363 1879 495 1904 mecum
526 1870 784 1914 dispositionem
810 1884 934 1907 rerum.
983 1874 1107 1908 Divisit
1132 1880 1235 1919 poeta
1261 1881 1366 1911 totam
1392 1880 1452 1912 otii
1478 1879 1596 1913 idealis

249 1937 485 1970 tractationem
518 1938 626 1971 tribus
661 1940 834 1982 partibus,
873 1941 1017 1984 primum
1043 1941 1086 1974 de
1112 1943 1271 1976 arborum
1305 1945 1491 1988 vitiumque
1515 1957 1597 1980 cura

251 2008 284 2035 et
313 2004 406 2036 cultu
433 2003 574 2038 deorum
600 2006 826 2048 agricolarum
853 2008 987 2051 dicens,
1023 2010 1146 2043 deinde
1172 2010 1214 2042 de
1239 2012 1397 2054 pecuaria
1419 2016 1453 2044 et
1478 2017 1595 2056 pasto-

248 2069 347 2101 ritiae
373 2068 458 2102 deae
479 2071 583 2107 cultu,
611 2076 785 2115 postremo
811 2075 964 2107 tractatis
987 2076 1122 2109 rusticis
1146 2076 1247 2109 rebus
1271 2077 1313 2110 de
1330 2088 1444 2111 amore
1465 2078 1595 2121 Deliae,

250 2136 307 2177 qui
333 2137 427 2171 locus
456 2138 595 2171 ultimus
621 2149 696 2172 esse
721 2139 848 2173 debuit.
899 2140 985 2173 Cum
1018 2146 1132 2175 autem
1167 2153 1298 2176 summa
1332 2146 1520 2186 sententia,
1556 2151 1595 2178 ut

251 2200 340 2242 dixi,
377 2202 410 2234 in
444 2205 660 2247 oppositione
693 2207 751 2238 otii
785 2207 991 2250 militiaeque
1023 2208 1194 2251 versetur,
1230 2210 1357 2253 optime
1390 2211 1423 2244 id
1458 2222 1594 2254 quoque

250 2265 375 2298 sactum
410 2272 480 2309 est,
520 2274 557 2302 ut
593 2270 676 2304 haec
703 2282 847 2314 regnans
872 2284 934 2317 per
960 2274 1152 2308 universum
1180 2286 1314 2309 carmen
1340 2277 1456 2319 iungat
1481 2282 1592 2321 partes

251 2335 281 2362 et
320 2333 490 2364 contineat
525 2338 643 2369 totum.
694 2336 781 2370 Nam
819 2338 961 2381 primum
1000 2340 1032 2372 in
1068 2340 1207 2373 introitu
1234 2343 1342 2384 posita
1378 2347 1429 2375 est
1461 2347 1497 2375 ut
1532 2353 1592 2386 par

250 2400 341 2437 erat,
377 2396 499 2432 deinde
524 2402 651 2434 claudit
676 2413 811 2436 carmen
838 2404 870 2436 in
902 2404 978 2437 fine.
1037 2405 1221 2439 Praeterea
1248 2417 1327 2440 vero
1354 2407 1454 2439 etiam
1483 2408 1514 2439 in
1540 2408 1591 2439 in<

251 2464 400 2497 tcrvallis
426 2466 570 2507 partium
598 2470 782 2511 repetitur,
818 2470 962 2514 primum
986 2483 1016 2504 v.
1041 2475 1087 2505 25
1113 2484 1186 2515 sqq.
1213 2474 1299 2506 inter
1329 2472 1413 2505 dnos
1438 2473 1514 2504 illos
1540 2473 1590 2504 lo-

248 2539 327 2570 cos,
363 2531 418 2572 qui
452 2531 494 2564 de
529 2535 662 2567 rusticis
699 2537 800 2569 rebus
833 2543 930 2580 sunt,
967 2542 1037 2572 tum
1073 2543 1149 2582 post
1183 2542 1343 2571 tractatas
1368 2549 1422 2571 rcs
1447 2540 1590 2572 rusticas

249 2608 278 2630 i.
304 2601 347 2630 37
369 2608 441 2641 sqq.
471 2599 525 2633 ubi
554 2601 596 2634 ad
624 2613 770 2636 amorem
798 2606 969 2640 transitur.
1019 2606 1127 2639 Simul
1151 2605 1343 2639 observabit
1374 2607 1481 2639 lector
1503 2616 1588 2649 quo-
