1721 2953
270 111 342 147 138
571 104 941 147 COMMENTAR.
972 107 1032 149 IN
1062 107 1291 149 TIBULLI

260 220 405 253 Romam
432 218 562 251 delatus
587 217 722 251 videtur
746 229 789 252 ex
824 220 1063 265 Cappadocia,
1103 223 1160 257 ubi
1186 224 1277 257 culta
1304 224 1367 258 fuit
1390 235 1512 268 magna
1538 226 1602 258 «lea

260 287 357 320 buius
385 285 538 327 generis,
576 284 619 318 cf.
646 284 759 320 Hm'r.
794 286 837 319 de
868 287 959 321 bello
987 288 1193 322 Alexandr.·
1212 300 1243 323 c.
1267 292 1323 322 66.
1363 291 1498 324 STRAB.
1522 291 1601 331 ΧΗ,

260 367 292 398 p.
318 357 398 386 535.
433 353 621 387 CREUZER.
648 353 801 395 Symbol.
826 354 870 397 ll,
896 358 954 389 29.
1003 357 1053 389 Ac
1078 356 1238 391 discimus
1263 368 1306 391 ex
1333 357 1492 399 Tibullo,
1527 358 1603 390 Ro-

258 432 331 454 mae
357 420 568 453 sacerdotem
594 431 758 454 summam
783 421 867 456 deae
892 423 1050 456 feminam
1075 423 1191 466 fuisse,
1217 436 1304 468 quae
1330 425 1464 458 numine
1490 425 1601 468 plena,

256 486 336 528 igni,
360 486 568 527 verberibus,
592 485 684 519 ferro
709 487 832 520 laniata
858 487 970 521 futura
995 489 1231 532 praediceret3
1257 494 1392 534 praeter
1417 500 1492 523 eam
1518 500 1600 522 vero

255 553 355 585 etiam
382 552 486 585 virilis
510 562 613 585 sexus
637 551 834 585 sacerdotes
860 557 896 586 et
919 554 1063 586 ministri
1098 559 1330 588 memorantur
1355 549 1532 588 bellonarii
1565 558 1600 587 et

254 620 411 662 fanatici,
445 620 599 653 similiter
625 620 656 652 in
684 630 722 652 se
746 621 938 654 saevientes
972 625 1006 654 et
1040 622 1261 655 vaticinantes
1286 626 1400 655 oestro
1437 622 1599 666 percussi.

252 686 433 719 Postremo
459 685 536 718 vide
560 685 853 719 Bnoucxnnsmm
879 691 914 720 et
940 687 1122 721 flemma
1146 688 1189 721 ad
1216 687 1246 721 h.
1268 688 1289 721 l.
1317 692 1351 721 et
1375 699 1461 731 quos
1478 688 1599 721 Hum-

253 763 408 786 DORFms
432 753 474 786 ad
501 753 622 787 Horat.
648 754 752 788 Satir.
778 754 822 794 ΙΙ,
848 756 882 796 3,
907 756 988 787 223.
1021 754 1148 789 laudat.
1208 755 1436 788 Transeamus
1461 755 1505 788 ad
1529 755 1619 788 sin-·

251 820 342 861 gula.
360 837 406 841 —
432 829 590 861 magna
616 818 722 851 videri
749 822 861 862 potest
886 819 1044 863 prinecps
1070 819 1136 852 dici
1162 817 1498 864 (Oberpriesterin),
1522 830 1599 853 cum

250 886 356 918 ceteri
389 886 585 919 sacerdotes
619 886 757 918 minoris
793 885 968 928 dignitatis
1005 890 1138 928 essent,
1181 886 1241 919 sed
1274 887 1387 919 verius
1421 889 1456 918 et
1489 886 1599 928 magis

249 951 383 995 poetice
409 952 728 985 WUNDERLIcums
755 962 831 985 cum
859 952 998 985 Vnm‘io
1025 962 1143 985 vocem
1174 952 1217 985 ad
1251 954 1488 986 auctoritatem
1513 953 1599 985 vatis

246 1017 373 1060 refert,
407 1021 446 1051 ut
478 1029 532 1062 ap.
557 1019 707 1052 Vlncln.
743 1020 826 1052 Aen.
854 1019 912 1060 Vl,
937 1021 1015 1052 544.
1049 1019 1182 1061 Sibylla
1219 1018 1343 1051 dicitur
1377 1029 1507 1063 magna
1535 1030 1596 1050 sa-

248 1083 378 1116 cerdos.
404 1102 451 1108 —
487 1083 640 1116 divino
674 1095 805 1126 sono,
836 1083 866 1117 h.
893 1095 923 1117 e.
951 1083 1110 1125 fatidico,
1145 1094 1245 1127 quem
1272 1084 1334 1117 dea
1361 1084 1504 1117 Bellona
1532 1084 1596 1117 do-

247 1150 326 1183 cuit.
385 1150 459 1183 Res
496 1153 587 1182 nota.
650 1150 751 1184 Aliud
795 1155 848 1183 est
885 1146 1066 1183 ιίθάιιατον
1103 1146 1215 1189 στόμα
1254 1151 1399 1184 Medeae
1435 1151 1596 1186 Pmnfm.

244 1214 346 1256 Pyth.
372 1215 432 1257 IV,
461 1218 514 1249 11.
540 1233 585 1240 -—
622 1216 664 1249 V.
690 1218 735 1248 45
761 1227 834 1258 sqq.
869 1207 958 1249 nec>
975 1233 1021 1239 —-
1047 1226 1149 1258 non,
1175 1216 1331 1249 similiter
1358 1217 1594 1250 Pnommrms

245 1280 308 1322 III,
337 1283 371 1322 2,
399 1283 461 1313 10:
498 1292 560 1313 nec
584 1292 659 1312 mea
685 1280 872 1313 Phaeacas
897 1286 1055 1326 aequant
1076 1280 1240 1325 pomaria
1266 1280 1396 1317 silvas,
1420 1294 1488 1314 non
1515 1293 1595 1325 ope-

246 1357 327 1379 rosa
353 1346 450 1391 rigat
477 1346 639 1378 Marcius
665 1353 774 1378 antra
799 1347 926 1392 quztor,
952 1352 1091 1380 notante
1117 1348 1349 1381 LACHMANNO
1374 1347 1455 1380 ibid.
1483 1359 1515 1390 p.
1536 1349 1592 1381 64.

243 1411 295 1444 Ac
318 1415 433 1444 notum
463 1410 553 1454 apud
577 1412 730 1444 Graecos
757 1409 834 1443 οὔτε
858 1429 905 1436 -·
931 1409 989 1450 οὐ,
1016 1412 1059 1445 cf·
1084 1423 1240 1455 magnam
1267 1414 1500 1456 exemplorum
1531 1424 1590 1446 co-

243 1476 333 1519 piam
368 1488 421 1521 ap.
455 1477 613 1510 Serum&
649 1477 691 1509 ad
730 1477 849 1511 Lamb.
885 1478 966 1511 Bos.
1004 1489 1036 1521 p.
1062 1481 1146 1511 229.
1195 1478 1284 1512 Dicit
1320 1479 1362 1512 de
1400 1478 1517 1511 eadem
1555 1489 1592 1511 re

243 1542 563 1575 Wmvnnnmcmus
598 1543 631 1575 iu
665 1542 860 1577 Observatt.
886 1562 932 1567 —
967 1553 1138 1585 amens,
1173 1544 1298 1577 furens.
1348 1544 1491 1576 Poterat
1523 1544 1589 1576 iam

242 1608 351 1650 primo
377 1608 529 1641 membro
554 1609 705 1641 inserere
730 1619 861 1650 vocem,
896 1609 956 1642 sed
983 1611 1104 1642 melius
1131 1611 1238 1643 voluit
1262 1610 1422 1652 secundo,
1448 1615 1486 1643 ut
1513 1609 1589 1643 huic

241 1686 348 1708 novus
375 1677 472 1718 vigor
497 1675 685 1709 accederet.
712 1695 760 1701 —
792 1675 979 1709 verbera
1006 1680 1150 1718 torta,
1175 1676 1349 1722 flagella,
1375 1683 1472 1709 torta
1499 1681 1536 1710 ut
1560 1677 1588 1719 I,

241 1742 274 1781 9,
295 1743 364 1782 22.,
390 1741 499 1774 Vmor.
524 1742 653 1783 Georg.
678 1741 739 1782 111,
768 1743 845 1775 106.
889 1741 974 1774 Add.
1001 1741 1132 1776 HfflNs.
1159 1742 1201 1774 ad
1229 1743 1327 1776 Ovid.
1352 1743 1427 1776 Ibin
1452 1754 1483 1778 v·
1510 1746 1586 1776 161.

238 1808 558 1840 WUNDuRmcmus
580 1804 725 1844 πλεκτὰς
744 1804 850 1852 ἐώρας
869 1809 979 1842 SoPH.
1001 1808 1116 1851 Antig.
1141 1811 1243 1841 1222.
1265 1813 1450 1853 comparat.
1501 1809 1586 1853 Epi-

239 1874 356 1908 theton
383 1886 448 1908 non
475 1875 583 1918 magis
604 1876 748 1908 otiosum
775 1880 827 1909 est
845 1887 945 1918 quam
972 1876 1179 1919 praecedens
1204 1887 1373 1918 acrem,
1400 1880 1434 1909 et
1460 1876 1586 1908 fallitur

237 1943 557 1976 WuNnssnmcnms
595 1953 670 1976 cum
708 1944 802 1984 aliis,
841 1943 883 1976 ad
921 1944 1138 1977 Homericam
1171 1945 1336 1977 rationem
1370 1945 1451 1977 talia
1487 1955 1584 1977 revo-

239 2008 346 2041 canda
371 2019 533 2051 censens,
571 2009 602 2041 in
636 2020 704 2052 quo
739 2010 994 2044 confunduntur
1027 2011 1160 2044 diversa
1186 2022 1314 2054 genera
1339 2022 1495 2055 poeseos.
1546 2012 1583 2044 In

239 2074 289 2108 bis
318 2075 520 2108 carminibus
545 2077 645 2108 ctiam
672 2087 758 2119 quae
784 2078 887 2120 vulgo
915 2083 1079 2121 perpetua
1113 2079 1289 2119 dicuntur,
1324 2079 1394 2111 suis
1427 2087 1582 2120 quaeque

237 2142 321 2174 locis
346 2142 432 2175 bene
455 2142 708 2180 accommodata
733 2147 821 2183 sunt,
846 2147 884 2175 ut
911 2144 1035 2186 ubique
1060 2143 1215 2177 ostendo.
1235 2162 1282 2168 -—-
1307 2144 1347 2177 V.
1375 2145 1430 2176 47.
1467 2143 1581 2186 lpsa.

236 2208 323 2241 Nam
351 2209 428 2251 igne
453 2209 615 2241 urebatur
640 2213 674 2242 et
699 2210 813 2252 flagris
839 2210 1044 2243 caedebatur
1069 2221 1088 2242 a
1113 2210 1331 2251 bellonariis,
1364 2209 1489 2250 credo,
1524 2219 1580 2241 se-

236 2274 372 2316 quentia
398 2285 478 2307 vero
505 2275 577 2318 ipsa
603 2275 693 2309 facit.
719 2295 761 2300 —
786 2278 1008 2319 violenta,
1034 2288 1098 2311 non
1127 2281 1198 2310 est:
1222 2277 1336 2310 furore
1365 2276 1476 2309 divino
1501 2284 1578 2308 cor-

238 2346 345 2386 repta,
371 2347 409 2375 ut
430 2343 746 2376 Wun‘nnnmcnms
773 2344 1027 2388 interpretatur,
1056 2344 1135 2377 scd:
1160 2344 1225 2376 vim
1247 2344 1310 2376 sibi
1328 2343 1486 2383 inserens,
1510 2351 1577 2374 vox

235 2410 408 2452 aptissime
434 2409 548 2442 addita
574 2412 605 2442 in
632 2412 689 2443 tali
716 2422 762 2444 re.
788 2430 834 2436 --
872 2422 976 2444 suos
1012 2413 1226 2445 lacertos.
1278 2409 1487 2443 Lacerabant
1515 2408 1578 2441 liu·

236 2486 349 2509 meros
383 2480 416 2509 et
451 2476 586 2509 brachia
615 2479 731 2510 cultris
758 2478 788 2511 bi
823 2478 959 2512 fanatici
986 2479 1171 2518 Bellonae,
1208 2476 1250 2509 cf.
1278 2477 1412 2508 διῆκαν.
1439 2474 1481 2507 (le
1508 2475 1576 2507 vit.

235 2541 324 2573 beat.
352 2552 381 2575 c.
406 2544 462 2575 27.
499 2541 686 2574 LAr'rlN‘r.
714 2543 820 2576 lnstit.
847 2544 873 2583 Ι,
895 2545 953 2575 21.
991 2543 1130 2575 Luem.
1156 2542 1182 2583 l,
1205 2544 1285 2574 565.
1323 2542 1509 2574 Pnovmnr.
1534 2540 1577 2577 11,

235 2610 293 2649 22,
324 2610 376 2641 15.
427 2607 525 2640 Unde
552 2608 693 2642 lions-r.
720 2610 792 2643 Sat.
819 2610 861 2651 ll,
887 2613 920 2651 3,
946 2612 1035 2642 223:
1060 2606 1222 2653 gaudens
1248 2606 1395 2638 Bellona
1422 2604 1575 2637 cruentis
