1721 2953
287 131 363 166 180
602 121 973 166 COMMENTAR.
1002 125 1062 166 IN
1092 125 1320 167 TIBULLI

284 250 365 274 vero
408 247 517 283 poena
562 237 594 270 ln
631 238 744 272 medio
782 241 913 273 tantum
953 239 1104 273 carmine
1142 239 1243 274 dixit.
1301 241 1414 285 Atque
1452 242 1500 275 ita
1526 243 1631 287 'patet

286 307 396 341 omnia
430 305 597 339 exhausta
630 316 727 347 esse3
763 305 975 340 satisfactum
1012 311 1064 340 est
1090 307 1230 340 affectui
1258 311 1293 341 et
1317 309 1490 342 resolutus
1515 320 1633 343 amore

284 373 394 407 fallaci
420 372 606 415 requiescit
630 373 760 406 animus
787 373 819 405 in
844 374 1056 416 cogitatione
1080 375 1211 408 salutis.
1261 375 1392 408 Credas
1418 374 1506 409 hunc
1532 377 1634 411 finem

285 449 361 472 esse
385 439 522 479 amoris,
548 448 649 480 quem
677 436 858 473 Marathus
883 440 918 474 in
943 440 1085 474 Tibullo
1110 440 1327 485 accenderat,
1353 443 1411 486 qui
1442 442 1566 477 deinde
1590 443 1633 477 ad

284 505 416 550 puellas
440 504 550 539 rediit.

785 802 1140 846 EXPLICATIO.

383 973 426 1009 V.
453 975 570 1008 1-16.
620 972 882 1010 Exordium.
931 968 1078 1009 Primo
1102 974 1267 1019 impetu
1292 973 1510 1019 obiurgat
1534 985 1639 1020 pue-

288 1050 378 1074 rum
413 1039 465 1074 de
500 1040 729 1084 periurio,
766 1041 839 1083 qui
873 1040 956 1073 alii
985 1041 1176 1074 amatori
1205 1051 1252 1074 se
1279 1040 1491 1082 dederat,
1521 1045 1565 1075 et
1588 1042 1640 1075 li-

288 1111 359 1141 cet
404 1117 589 1151 poenam
636 1105 829 1139 divinam
881 1106 1076 1150 periurii
1125 1106 1314 1150 primum
1362 1106 1638 1149 nuntiatam,

289 1183 384 1207 mox
421 1173 702 1217 deprecetur
736 1171 967 1212 maiorem,
1015 1171 1086 1204 vel
1120 1171 1184 1204 sic
1227 1174 1374 1204 tamen
1410 1171 1491 1204 iam
1526 1181 1640 1206 nunc

291 1250 391 1273 esse
433 1240 544 1274 mala
581 1238 815 1282 ostendit,
859 1248 971 1282 quae
1007 1248 1102 1272 eum
1137 1243 1363 1283 premant,
1407 1238 1551 1272 denuo
1588 1238 1641 1272 ad

291 1305 398 1339 iram
432 1315 654 1339 reversus.

386 1372 429 1405 V.
457 1375 475 1405 1
503 1383 576 1415 sqq.
621 1372 659 1405 si
696 1371 852 1405 fueras
896 1371 1108 1405 laesurus
1149 1382 1349 1414 amores,
1390 1373 1418 1405 si
1454 1382 1642 1416 propensus

293 1448 368 1471 eras
401 1438 444 1470 ad
478 1437 665 1481 perfidiam.
722 1437 774 1470 De
810 1437 981 1470 locutione
1015 1437 1058 1470 cf.
1094 1437 1137 1470 ad
1170 1438 1198 1478 Ι,
1223 1441 1256 1479 3,
1282 1441 1342 1470 81.
1367 1456 1413 1463 --
1452 1439 1644 1472 miseros

293 1506 444 1549 graviter
480 1515 542 1549 per
577 1503 751 1548 prolepsin
786 1514 835 1548 pr.
870 1505 928 1548 qui
969 1515 1058 1538 nunc
1102 1504 1217 1538 miseri
1252 1504 1333 1538 facti
1373 1506 1523 1549 periurio
1567 1509 1641 1539 tuo.

294 1574 446 1607 Maxime
471 1573 561 1606 enim
585 1571 702 1606 dolere
729 1576 883 1615 poetam,
921 1576 1028 1605 totum
1053 1582 1189 1606 carmen
1216 1572 1375 1606 ostendit.
1424 1573 1578 1607 Vossms
1606 1576 1641 1606 et

297 1640 508 1674 Huscrrxms
535 1645 670 1671 teneros
697 1638 778 1672 edit.
802 1639 1004 1672 Vicentinae
1029 1643 1257 1683 receperunt3
1282 1639 1372 1682 quod
1400 1642 1559 1685 exempla
1582 1639 1645 1675 de-

295 1707 469 1741 siderabat
492 1706 838 1747 WUNnnnmcmus,
861 1703 945 1738 haec
969 1704 1106 1748 quidem
1133 1710 1248 1738 monet
1275 1705 1436 1739 Bicmus
1462 1717 1527 1739 non
1554 1705 1646 1740 desi-

299 1773 431 1815 derari,
467 1776 504 1806 ut
529 1773 640 1806 Ovu).
666 1772 773 1805 Trist-
800 1771 860 1814 IV,
889 1775 944 1814 10,
969 1774 1001 1806 1.
1037 1776 1073 1805 et
1096 1773 1180 1805 alias
1205 1772 1329 1806 videas.
1361 1791 1405 1797 —
1443 1772 1647 1806 Foedera

297 1849 379 1884 per
403 1839 533 1872 divos
558 1838 717 1881 dabas,
751 1838 887 1871 iurabas
912 1848 974 1883 per
998 1837 1092 1872 deos.
1129 1838 1239 1871 Ovm.
1266 1838 1353 1872 Met.
1379 1838 1424 1880 ΙΙ,
1449 1842 1538 1872 757:
1565 1850 1649 1871 con-

299 1909 360 1937 rra
387 1904 477 1936 data
496 1903 671 1948 foedera,
703 1906 823 1937 contra
848 1903 961 1936 datam
984 1902 1109 1944 fidem,
1143 1906 1363 1948 comparante
1388 1902 1560 1944 HnYmo,
1590 1903 1648 1946 qui

300 1973 403 2006 etiam
438 1972 632 2004 Dnmnnn.
668 1971 709 2004 ad
745 1971 807 2004 Sil.
833 1970 874 2004 lt.
911 1971 953 2012 V,
977 1972 1057 2004 304.
1093 1970 1217 2004 laudat.
1268 1969 1407 2015 Optime
1433 1981 1513 2004 vero
1538 1971 1651 2015 posita

301 2037 438 2080 gravior
463 2047 529 2069 vox
553 2037 586 2069 in
611 2037 778 2071 amatorio
803 2037 939 2071 affectu.
965 2056 1012 2062 --
1045 2039 1157 2071 clam
1183 2037 1421 2079 violanda,
1447 2048 1535 2081 quae
1560 2038 1650 2072 clam

302 2105 489 2137 violaturus
511 2113 597 2135 eras.
648 2103 830 2136 Celaverat
853 2103 1061 2146 aliquamdiu
1085 2114 1157 2136 rem
1183 2113 1278 2147 puer,
1303 2102 1518 2136 nihilominus
1543 2104 1650 2137 resci-

303 2173 352 2205 vit
386 2172 554 2204 Tibullus.
580 2172 633 2195 -“
677 2169 737 2205 ΑΙι
776 2172 930 2214 miser,
974 2170 1004 2204 h.
1040 2182 1070 2206 e.
1103 2171 1233 2204 infelix.
1291 2170 1414 2214 Neque
1450 2171 1538 2204 enim
1574 2180 1650 2205 cum

302 2237 497 2271 Huscmsso
524 2235 714 2280 perditum,
753 2238 935 2270 scelestum
961 2237 1188 2280 interpretor3
1229 2235 1402 2280 pulchrius
1426 2237 1578 2270 alterum.
1604 2252 1653 2261 —

301 2303 473 2344 Poena,
507 2302 577 2335 sive
603 2302 783 2335 Furiarum
819 2313 907 2345 una,
944 2313 1020 2336 cum
1046 2303 1184 2336 Poenae
1210 2303 1314 2344 vulgo
1340 2302 1464 2335 Furiae
1496 2301 1582 2342 sint,
1613 2305 1652 2334 ut

301 2370 414 2403 Sm'r.
441 2367 549 2401 Theb.
574 2368 615 2409 V,
638 2371 708 2409 59„
736 2368 807 2401 sive
833 2367 1013 2412 peculiaris
1038 2367 1113 2408 dea,
1139 2371 1177 2399 ut
1202 2367 1342 2400 vitan.
1367 2366 1498 2399 chc.
1521 2365 1547 2406 Ι,
1569 2367 1651 2398 794.

305 2435 450 2469 HonA'r.
477 2434 537 2473 lli,
562 2436 597 2475 2,
623 2436 700 2475 32,
728 2433 817 2476 quod
845 2432 896 2466 hic
923 2432 1132 2476 praeferam,
1157 2442 1233 2465 cum
1258 2431 1381 2464 Furiae
1405 2429 1575 2462 saeviores
1601 2430 1654 2463 vi-

305 2500 449 2533 deantur
474 2510 574 2541 qunm
600 2509 661 2542 pro
688 2498 751 2531 hoc
785 2500 872 2532 loco.
923 2499 1084 2531 Ceterum
1111 2497 1188 2529 vide
1212 2496 1255 2528 de
1280 2496 1399 2528 Poena
1426 2495 1585 2528 Vossmm
1610 2494 1653 2527 ad

305 2565 336 2599 h.
362 2566 382 2599 l.
432 2564 520 2597 Esse
555 2568 669 2597 autem
706 2575 885 2607 personam
923 2562 977 2596 llic
1003 2561 1261 2603 intelligendam
1296 2561 1399 2594 docet
1426 2561 1566 2604 pluralis
1592 2565 1654 2593 ta-

307 2631 415 2665 citis
439 2630 651 2675 pedibus,
681 2641 746 2664 non
774 2631 937 2675 probaret
961 2628 1164 2672 singularis:
1194 2628 1299 2661 tacito
1327 2627 1437 2672 pede,
1464 2627 1555 2670 quod
1579 2637 1654 2660 mo-

1703 2578 1717 2631 ’Ξ
