1721 2953
222 142 274 176 26
538 139 903 182 COMMENTAR.
932 141 992 183 IN
1022 142 1248 183 TIBULLI

224 260 256 292 in
283 260 372 294 lecto
399 260 530 293 funebri
556 264 613 294 aut
640 262 784 303 tumulo,
807 262 849 296 cf.
875 263 1035 299 chffln,
1056 264 1100 304 11,
1129 266 1181 297 15.
1210 280 1250 290 -
1281 264 1319 297 V.
1346 266 1402 298 68.
1430 275 1563 308 parce

219 328 358 370 genis.
408 327 514 360 ΟΠ».
544 327 647 361 Trist.
677 328 737 370 Ill,
765 332 797 369 3,
822 332 888 363 51:
915 342 1024 374 parce
1050 337 1166 364 tamen
1190 330 1346 363 lacerare
1368 342 1478 376 genas
1503 344 1563 365 nec

218 390 518 434 scinde·capillos.
568 392 728 426 Ceterum
755 393 838 428 infra
858 394 885 436 1,
904 398 938 437 5,
959 397 1014 429 43.
1039 398 1094 430 44.
1121 396 1242 430 faciem
1268 400 1303 430 et
1328 397 1429 430 flavas
1449 407 1563 430 comas

221 459 336 491 Deliae
361 458 493 500 laudat;
521 458 578 492 has
602 461 708 503 igitur
733 461 821 494 laedi
847 471 914 495 non
939 463 1020 495 vult.
1045 479 1078 488 -
1109 464 1262 505 Singulis
1283 464 1460 506 explicatis
1487 474 1562 496 ver-

218 523 268 556 bis
302 524 334 556 in
370 524 436 557 fine
471 525 571 557 etiam
605 525 648 559 de
682 526 784 559 totius
812 527 876 560 loci
912 529 1054 561 consilio
1087 530 1288 562 monendum
1323 533 1384 563 est.
1435 530 1563 563 Credas

218 592 373 631 poetam,
411 591 469 632 qui
494 601 546 623 vv.
573 593 631 625 59.
657 594 714 624 60.
749 592 884 626 dixerat
910 604 948 627 se
973 593 1015 626 ad
1041 598 1183 628 mortem
1212 606 1338 639 cupere
1364 606 1438 629 cum
1466 596 1563 629 Delia

216 658 347 699 vivere,
381 657 460 691 inde
484 658 693 701 cogitatione
718 659 761 692 ad
786 660 912 693 luctum
937 660 970 693 in
995 660 1114 694 funere
1139 671 1201 694 suo
1229 661 1380 694 futurum
1412 673 1475 705 per
1507 662 1563 693 di-

213 725 424 768 gressionem
450 725 646 769 delapsum,
674 733 711 759 ut
737 725 807 760 fere
833 726 1009 760 Hssymus
1034 728 1204 762 intellexit
1231 733 1265 762 et
1289 730 1460 773 plerique,
1487 730 1563 773 opi-

214 800 295 832 nor,
333 792 546 836 interpretes.
597 793 666 826 Sed
703 804 769 827 non
803 795 981 828 assentior.
1031 795 1212 828 Pulchrior
1237 800 1290 829 est
1316 797 1401 830 ratio
1428 797 1560 829 suavis—

213 857 289 890 simi
315 858 381 890 loci
415 861 450 891 et
479 859 607 892 arctior
638 859 710 892 eius
739 870 815 893 cum
842 861 1123 895 antecedentibus
1149 872 1267 895 nexus.
1321 863 1473 896 Vidimus
1499 862 1562 896 lioc

213 922 361 955 carmine
396 922 569 956 Tibullum
604 925 744 958 militiae
779 936 954 969 opponere
991 927 1157 968 otiosam,
1201 928 1242 960 ad
1280 939 1380 970 qnam
1418 930 1560 961 transire

215 990 305 1031 vult,
331 991 444 1024 vitam.
493 992 604 1034 Igitur
628 1003 705 1026 cum
732 993 851 1026 militia
877 994 980 1028 etiam
1009 995 1152 1038 gloriam
1178 996 1318 1035 afferat,
1344 998 1416 1039 ipse
1443 1000 1560 1029 contra

213 1054 347 1088 dixerat
384 1067 415 1089 v.
447 1058 512 1090 57:
553 1068 620 1091 non
654 1069 720 1101 ego
757 1058 884 1092 laudari
918 1070 1020 1101 curo,
1058 1061 1240 1093 dummodo
1265 1071 1342 1093 cum
1366 1061 1462 1093 Delia
1486 1061 1560 1101 sim,

212 1122 428 1165 ostenditque
451 1133 540 1156 nunc
568 1122 694 1156 habere
721 1134 802 1156 vero
827 1124 930 1156 etiam
955 1135 1105 1157 amorem
1132 1124 1277 1158 honores
1301 1135 1392 1158 suos
1441 1126 1560 1168 Oppo—

215 1187 264 1219 nit
294 1187 398 1229 igitur
422 1188 554 1230 gloriae
579 1189 713 1221 militari
750 1189 874 1221 amoris
899 1189 1024 1231 gaudia
1053 1194 1087 1223 et
1111 1195 1190 1234 post
1226 1195 1367 1223 mortem
1405 1191 1560 1223 lacrimas

214 1253 330 1286 Deliae
356 1253 584 1296 iuvenumque
610 1258 644 1287 et
670 1254 856 1296 virginum,
896 1254 996 1288 funus
1021 1266 1119 1288 suum
1148 1256 1205 1298 qni
1232 1255 1482 1288 comitabuntur
1507 1256 1559 1288 lu-

213 1325 354 1362 gente53
379 1324 482 1363 atque
503 1321 627 1354 eximia
650 1323 799 1354 suavitas
825 1322 912 1355 inest
936 1322 969 1355 in
997 1321 1058 1356 liae
1084 1324 1194 1356 luctus
1220 1327 1254 1356 et
1279 1322 1470 1366 splendoris
1496 1323 1559 1355 mi-

211 1387 317 1418 litaris
343 1387 570 1430 oppositione,
596 1386 746 1430 nihilque
771 1389 925 1430 elegiaco
950 1390 1092 1422 carmini
1114 1389 1411 1422 accommodatius.
1461 1390 1558 1424 Quo-

210 1451 297 1484 niam
323 1461 404 1485 vero
438 1462 499 1495 per
533 1455 640 1485 totum
675 1451 763 1486 bunc
797 1453 907 1486 locum
935 1453 1063 1486 Deliam
1096 1455 1193 1486 simul
1229 1464 1443 1487 commovere
1476 1455 1559 1495 vult,

210 1517 288 1558 quid
316 1517 416 1549 etiam
444 1515 520 1550 huic
545 1517 686 1550 consilio
712 1518 823 1561 aptius
849 1518 908 1550 tali
934 1519 1026 1551 molli
1053 1519 1302 1562 descriptione,
1343 1530 1419 1553 cum
1446 1522 1558 1563 puella

209 1588 243 1616 et
265 1584 336 1626 ipsa
361 1583 525 1616 mollioris
549 1584 649 1617 animi
675 1589 776 1626 esset,
802 1590 964 1626 quantum
990 1587 1159 1619 coniicere
1186 1587 1274 1620 licet.
1300 1603 1333 1611 -
1362 1588 1402 1620 V.
1421 1590 1465 1620 69
1483 1599 1559 1630 sqq.

208 1654 310 1692 poeta
336 1648 378 1682 ad
405 1649 546 1682 laetiora
565 1649 662 1682 redit.
685 1666 722 1674 -
751 1650 990 1692 iungamus
1014 1661 1208 1692 amores,
1235 1652 1277 1685 cf.
1302 1652 1386 1685 infra
1403 1653 1429 1693 l,
1449 1655 1482 1693 9,
1501 1656 1555 1687 76.

209 1714 370 1746 CATULL.
389 1713 514 1754 LXIV,
527 1716 606 1747 373.
634 1715 747 1748 Sur.
763 1713 871 1747 Theb.
888 1715 914 1756 Ι,
932 1717 1012 1748 574.
1053 1716 1214 1749 Ceterum
1231 1717 1372 1750 calidius
1387 1718 1555 1751 Pnomm-

207 1791 287 1813 'rius
304 1780 347 1821 ll,
367 1783 422 1821 15,
438 1782 503 1813 23:
529 1781 671 1811 Interea
692 1779 774 1812 dum
785 1780 878 1825 fata
897 1781 1031 1814 sinunt.
1055 1782 1174 1815 oculos
1187 1784 1357 1822 saliemus
1373 1796 1498 1819 (amore.
1515 1803 1556 1812 —

207 1847 248 1878 V.
271 1850 328 1878 70.
349 1846 437 1879 Iam
459 1846 614 1879 veniet
635 1845 842 1879 tenebris
867 1857 980 1880 mors
1002 1847 1230 1891 adoperta
1253 1853 1401 1892 caput.
1453 1851 1555 1884 Varie

206 1912 387 1955 explicant.
440 1913 574 1945 Dictum
598 1913 701 1954 vulgo
728 1913 844 1945 volunt
870 1924 919 1957 pr.
944 1913 1057 1947 furtim
1081 1914 1244 1958 subrepit.
1295 1914 1382 1947 Nam
1409 1919 1445 1947 ut
1470 1916 1554 1948 alias

207 1980 331 2020 nimbo,
356 1981 446 2020 aere,
472 1979 561 2012 nube
585 1979 687 2012 cincti
713 1979 870 2012 incedant
895 1979 940 2012 dii
967 1980 1057 2023 apud
1083 1980 1271 2014 Homerum
1297 1981 1461 2023 aliosque,
1487 1981 1553 2014 vid.

207 2046 330 2080 ΗΕΥΝ.
355 2045 398 2078 ad
419 2045 516 2087 Virg.
543 2047 626 2079 Aen.
652 2046 678 2087 1,
705 2045 792 2080 Exc.
816 2046 926 2087 X111.‚
952 2047 1002 2079 sic
1028 2057 1115 2079 nunc
1142 2047 1291 2079 Mortem
1317 2047 1430 2089 capite
1457 2050 1554 2078 tene-

207 2112 274 2143 bris
302 2112 471 2152 involuto,
508 2114 611 2154 atque
645 2111 691 2144 ita
718 2111 791 2144 fieri
825 2114 864 2143 ut
896 2121 962 2144 non
1000 2110 1286 2144 animadvertatur
1321 2111 1393 2143 eius
1427 2110 1551 2143 aditus.

211 2180 387 2212 Pertinere
413 2178 533 2211 eodem
559 2175 683 2214 ’Ἀϊὸος
707 2179 826 2222 κυνῆν,
864 2189 930 2220 qua
956 2179 1013 2221 qui
1038 2179 1175 2211 indutus
1199 2183 1292 2220 erat,
1327 2179 1554 2222 spectantium

206 2245 314 2278 oculis
340 2249 413 2276 erat
437 2243 636 2285 subductus,
663 2243 706 2276 cf.
732 2243 828 2277 Hom.
856 2244 899 2285 V,
923 2246 1004 2277 845.
1030 2244 1185 2277 H15s101).
1210 2246 1306 2278 Scnt.
1334 2248 1414 2278 227.
1441 2248 1476 2277 et
1501 2245 1552 2277 in-

208 2314 363 2354 terprett.
389 2309 430 2342 ad
456 2311 656 2343 Arum-opu.
683 2308 829 2342 Acharn.
854 2312 934 2342 890.
994 2310 1053 2342 Sic
1087 2320 1162 2342 esse
1198 2320 1333 2342 sensum
1373 2309 1548 2342 verborum

207 2378 355 2411 Tibulli:
382 2374 474 2415 ἄφνω
501 2374 533 2409 δ’
559 2374 708 2415 ἄφαντος
734 2378 882 2421 :apog-53⁶0
902 2370 1048 2413 ‘'Auluc,
1076 2377 1358 2419 quemadmodum
1384 2376 1551 2409 Nssowro-

210 2456 326 2478 nemus
365 2444 447 2477 dicit
483 2445 515 2476 in
549 2445 698 2478 carmine
737 2444 874 2478 laudato
909 2455 962 2487 ap.
1001 2444 1098 2476 Diod.
1127 2444 1220 2483 XVI,
1246 2446 1302 2476 92.
1360 2442 1553 2475 Assentitur

208 2512 428 2545 Huscnfflus.
492 2511 560 2544 Sed
592 2494 754 2545 ¹abhorret
791 2523 810 2545 a
842 2512 1059 2556 simplicitate
1099 2511 1299 2545 elocutionis
1339 2511 1552 2543 'l'ibnllianae

210 2579 286 2611 talis
315 2578 440 2610 locutio
467 2587 527 2621 pro
551 2577 693 2620 simplici
719 2579 873 2611 notione:
912 2578 998 2610 clam
1032 2577 1139 2613 venit,
1181 2575 1225 2608 uti
1252 2575 1330 2608 dicii
1363 2576 1385 2608 l.
1417 2578 1470 2611 10,
1495 2577 1550 2610 3⁴.

209 2644 271 2677 visi
315 2643 500 2681 concedas,
548 2643 636 2685 quod
675 2648 778 2682 ncssat
815 2653 935 2677 censor
971 2642 1119 2675 lenensis
1157 2639 1318 2674 Husclikii
1356 2652 1431 2683 pag.
1464 2644 1551 2677 187..

1680 2440 1693 2451 -“
1680 2410 1693 2436 ‘2¹
1679 2354 1694 2405 «δ’
1679 2066 1702 2347 m
1681 1606 1709 2062 mexssssgmmr
1684 0 1713 1601 'mmmm-Q
