1721 2953
497 126 641 167 ΗΒΕ.
675 126 704 166 i.
763 123 922 170 ELEG.
955 127 1008 166 X.
1346 134 1422 169 ΝΞ,

78 250 217 293 querela
242 251 384 293 regnet,
412 248 444 281 in
469 246 618 281 medio
645 245 841 280 carmine
866 247 1017 290 precatio
1042 247 1181 281 Larium
1208 248 1251 282 sit
1278 259 1338 293 pro
1366 260 1416 281 rev

77 316 168 356 (litu,
194 316 227 348 in
253 315 380 348 exitu
408 313 554 355 denique
581 313 674 356 pacis
702 313 888 356 descriptio
913 315 1024 347 suavis
1051 312 1225 357 habeatur,
1251 316 1294 348 ad
1320 327 1419 359 quam

77 383 199 416 reverti
226 382 331 424 cupit.
381 381 459 415 Quo
487 379 607 413 ordine
632 384 667 413 et
692 390 877 424 progressu
905 391 1017 415 rerum
1042 382 1123 424 quid
1149 383 1289 426 aptius?
1330 384 1420 420 Quid

76 450 164 483 enim
197 448 305 491 magis
339 450 603 481 consentaneum
638 457 740 490 quam
775 448 938 490 querelae
974 449 1159 482 succedere
1194 450 1421 493 precationem

75 525 137 559 pro
169 514 299 556 reditu,
338 513 554 557 requiescere
589 517 704 546 autem
740 512 888 546 animum
913 517 1086 556 postremo
1112 514 1144 547 in
1171 516 1265 559 pacis
1291 517 1422 558 cogita-

72 581 164 614 tione
200 584 236 613 et
270 579 455 621 bonorum,
496 589 584 621 quae
619 577 781 611 reducem
814 588 833 611 e
858 577 950 611 bello
974 583 1012 612 ut
1037 583 1257 623 exspectent,
1295 582 1421 624 optat?

73 644 151 679 Non
186 648 299 689 potest
331 645 413 687 fingi
448 642 621 696 pulchrior
653 653 767 676 rerum
799 643 923 677 unitas.
973 644 1043 678 Sed
1069 643 1171 678 habet
1195 644 1258 679 hoc
1285 658 1419 680 carmen

74 711 178 744 etiam
203 711 287 744 alias
312 710 556 744 memorabiles
578 710 723 744 virtutes
746 710 970 744 tractationis.
1018 710 1082 744 Est
1105 718 1342 754 argumentum
1368 719 1423 747 to-

72 781 143 811 tum
168 778 267 811 simul
289 777 336 810 ita
360 776 584 819 adornatum,
608 781 646 810 ut
671 777 917 822 compositione
943 778 1175 821 oppositarum
1202 789 1313 812 rerum
1339 790 1421 812 con-

70 846 149 876 stet.
200 842 365 878 Queritur
390 846 492 886 poeta
515 842 550 875 in
575 842 730 884 exordio,
756 846 793 875 ut
818 842 1038 884 narravimus,
1063 843 1230 877 interiisse
1255 846 1419 889 simplici—

71 913 177 943 tatem
204 913 239 942 et
261 910 479 943 securitatem
504 909 636 954 priscae
660 910 785 943 aetatis
818 909 902 943 vitio
935 911 1007 943 auri
1037 910 1172 953 divitis3
1209 911 1284 945 vide
1319 913 1423 955 igitur

71 986 173 1018 quam
205 976 354 1010 suaviter
381 987 462 1010 mox
496 977 585 1010 inter
616 987 735 1021 preces
760 976 803 1010 ad
827 976 936 1010 Lares
962 975 1058 1010 liuius
1083 977 1308 1021 simplicitatis
1333 981 1423 1013 anti-

72 1052 161 1084 quae
198 1041 315 1084 imago
350 1041 490 1076 redeat:
528 1046 618 1075 stant
643 1053 794 1087 paupere
828 1044 922 1076 cultu
948 1043 980 1076 in
1006 1044 1092 1077 atrio
1116 1044 1243 1078 Tibulli
1271 1049 1307 1078 ut
1332 1047 1423 1079 olim.

73 1112 108 1142 et
132 1108 254 1151 quibus
279 1109 361 1143 olim
393 1109 544 1142 contenti
571 1113 667 1142 erant
699 1109 824 1151 sacris,
861 1109 913 1143 his
950 1111 1052 1143 etiam
1085 1111 1118 1144 in
1154 1116 1326 1155 posterum
1363 1124 1422 1147 eos

71 1178 188 1217 sperat
222 1174 296 1208 fore
330 1178 520 1209 contentos
568 1174 639 1208 Sed
667 1185 736 1208 non
760 1176 870 1209 minus
898 1180 1055 1219 superest
1078 1176 1263 1211 similitudo
1290 1179 1421 1222 priscae

70 1240 297 1284 simplicitatis
330 1244 365 1274 et
397 1240 569 1274 felicitatis
603 1241 739 1274 omnino
763 1241 797 1274 in
824 1241 980 1274 universa
1004 1242 1072 1274 vita
1097 1243 1223 1276 rustica
1248 1242 1422 1288 hodierna,

70 1307 105 1341 in
130 1307 267 1340 rusticis
298 1307 470 1348 moribus,
507 1306 624 1348 festis,
661 1307 910 1350 voluptatibus:
953 1307 1202 1340 Paterfamilias
1236 1308 1309 1351 ipse
1343 1320 1423 1343 oves

71 1381 150 1406 suas
187 1374 340 1404 sectatur
376 1374 412 1404 et
443 1371 533 1404 filius
567 1381 698 1413 agnOS,
737 1381 826 1403 uxor
862 1381 944 1404 vero
979 1371 1070 1405 fesso
1107 1372 1265 1407 balneum
1303 1380 1422 1418 parat;

71 1438 175 1472 etiam
207 1437 296 1471 festa
330 1437 459 1471 rustica.
491 1448 569 1471 cum
605 1437 822 1482 simplicitate
849 1438 1022 1472 licentiam
1047 1438 1225 1474 hilaritatis
1250 1442 1422 1485 antiquam

71 1507 230 1546 servant,
267 1504 446 1546 calentque
473 1504 658 1537 certamina
683 1505 827 1538 Veneris
860 1505 989 1547 agresti
1023 1507 1221 1549 petulantia.
1270 1508 1330 1542 Sic
1363 1518 1425 1553 per

71 1573 180 1604 totum
205 1580 341 1604 carmen
374 1571 448 1603 aliis
481 1574 585 1614 atque
618 1572 694 1604 aliis
729 1571 901 1605 coloribus
926 1572 1071 1606 felicitas
1095 1573 1310 1618 simplicioris
1334 1577 1424 1609 vitae

65 1629 277 1680 depingitur.
326 1637 494 1670 Similiter
526 1647 609 1671 vero
645 1637 723 1670 belli
751 1637 933 1670 detestatio
959 1648 1026 1671 non
1061 1639 1171 1672 solum
1196 1640 1230 1672 in
1255 1641 1424 1684 principie

71 1706 144 1744 est,
182 1702 244 1736 sed
276 1702 445 1745 repetitur
478 1701 664 1735 identidem
701 1703 805 1736 etiam
835 1703 871 1735 in
904 1703 1137 1745 sequentibus.
1190 1704 1294 1738 Vides
1318 1706 1423 1748 igitur

71 1767 153 1811 quid
186 1767 315 1801 dicam:
353 1770 475 1810 regnat
508 1778 570 1811 per
603 1777 721 1801 omnes
755 1770 869 1811 partes
903 1769 1060 1801 carminis
1086 1769 1258 1812 oppositio
1284 1771 1364 1804 belli
1390 1776 1423 1805 et

71 1836 219 1869 rusticae
243 1835 334 1868 vitae
368 1834 548 1875 felicioris,
588 1839 623 1868 et
650 1835 784 1868 exsistit
810 1845 935 1878 magna
960 1839 996 1868 et
1021 1835 1147 1869 eximia
1181 1836 1231 1869 vis
1257 1834 1319 1869 hac
1345 1847 1425 1880 per-

72 1907 178 1948 petua
202 1902 419 1946 oppositione
444 1912 465 1934 a
489 1901 656 1947 principio
681 1901 726 1934 ad
750 1902 852 1935 finem
876 1901 1053 1943 redeunte,
1078 1902 1364 1944 quemadmodum
1391 1905 1422 1936 iu

71 1968 288 2003 antecedenti
321 1967 469 2001 carmine
505 1967 615 2000 simile
648 1978 757 2010 genus
797 1968 1007 2001 tractationis
1045 1967 1203 2001 vidimus.
1265 1969 1337 2002 Sed
1373 1968 1426 2001 hia

71 2036 206 2070 accedit
228 2035 294 2068 alia
319 2035 376 2068 lex
397 2034 673 2078 compositionis,
698 2045 800 2076 quam
829 2034 1123 2078 interpositionem
1152 2035 1309 2078 appe1103
1348 2045 1424 2068 nam

71 2102 233 2136 dividitur
253 2102 381 2145 ubique
405 2101 568 2134 alterutra
591 2100 826 2143 oppositarum
850 2110 964 2133 rerum
990 2100 1024 2132 in
1050 2099 1136 2132 duos
1162 2100 1275 2142 locos,
1299 2101 1422 2142 quibus

73 2168 300 2211 interponitur
324 2167 443 2200 altera.
493 2166 605 2207 Atque
632 2165 872 2199 exordium
896 2165 1028 2199 orditur
1053 2176 1073 2198 a
1094 2165 1321 2199 detestatione
1345 2165 1423 2199 beili

73 2237 109 2266 et
133 2232 222 2266 redit
246 2232 289 2265 ad
315 2243 409 2274 eam,
443 2232 645 2276 interposita
669 2243 751 2266 vero
775 2236 828 2267 est
852 2234 924 2266 laus
949 2234 1175 2277 simplicitatis
1201 2238 1235 2266 et
1260 2234 1426 2267 securita-

73 2301 117 2333 tis
143 2300 284 2343 priscae.
333 2299 515 2331 Praevalet
539 2300 572 2332 iu
599 2300 760 2342 exordio,
789 2304 828 2333 ut
854 2311 914 2344 par
939 2303 1002 2341 est,
1027 2301 1177 2343 querela.
1228 2299 1425 2332 Medium

74 2375 255 2400 carmen
290 2365 491 2408 explicatius
527 2369 674 2399 tractare
708 2366 812 2399 debet
847 2367 964 2399 ambas
990 2377 1063 2408 res,
1100 2370 1138 2399 ut
1163 2366 1288 2408 ubique
1314 2366 1426 2399 medie

75 2433 216 2466 carmini
250 2432 408 2466 disertior
443 2432 627 2476 explicatio
660 2434 851 2476 argumenti
889 2434 1049 2478 propria3
1087 2437 1122 2467 et
1161 2432 1226 2467 hoc
1264 2444 1352 2466 nunc
1387 2435 1425 2467 fit

76 2497 156 2530 dum
193 2497 392 2530 invocantur
429 2497 550 2531 Lares.
613 2498 683 2531 Sed
721 2499 759 2532 fit
795 2499 930 2533 inverso
969 2500 1110 2542 ordine,
1152 2499 1428 2542 quandoquidem

77 2572 165 2595 nune
191 2562 333 2596 felicitas
369 2568 403 2596 et
427 2564 627 2608 simplicitas
652 2566 778 2599 rustica
806 2567 915 2610 primo
953 2571 988 2600 et
1023 2568 1122 2601 tertio
1158 2568 1235 2601 loco
1271 2566 1429 2600 laudatur

79 2628 127 2670 (n
147 2630 265 2664 16-24.
291 2633 326 2662 et
350 2639 379 2662 v.
397 2630 542 2674 39-44),
568 2632 794 2676 interponitur
814 2642 892 2667 vero
912 2633 1093 2667 detestatio
1116 2634 1195 2667 belii
1219 2632 1268 2677 (v.
1283 2634 1427 2676 2938).

1004 2704 1053 2739 13
