1721 2953
226 20 365 128 εἰ

261 133 282 140 ,-

543 94 914 140 COMMENTAR.
943 98 1003 140 IN
1034 99 1262 142 TIBULLI

230 217 398 261 gratiores
424 215 511 257 iiliS,
535 215 666 248 cruoris
691 216 795 250 crassi
821 218 970 252 colorem
994 217 1165 252 habebant
1187 218 1387 263 subnigram
1415 218 1580 264 (braun).

229 282 414 325 Distinguit
447 281 550 314 etiam
586 282 727 316 Pham.
762 282 975 317 Menaechm.
1003 284 1047 326 V,
1072 287 1106 326 5,
1133 286 1189 317 18.
1239 284 1403 319 LucRssT.
1427 286 1472 328 II,
1498 289 1579 321 830.

226 353 338 392 Atque
381 347 464 381 haec
511 347 684 383 hactenus.
717 367 763 375 -—
809 351 895 384 Post
940 350 1025 384 haee
1069 351 1224 384 lacunam
1269 352 1460 396 ponendam
1503 363 1580 386 cum

223 416 458 448 LimmmNo
492 415 727 448 certissimum.
786 417 1109 451 WUNDERmcmus
1145 418 1283 461 quidem
1320 430 1444 452 nexum
1477 421 1579 453 resti-

224 484 319 513 tuere
354 480 418 513 sibi
454 480 631 514 videbatur
664 481 732 523 sic,
770 482 799 515 si
836 493 867 516 v.
901 487 960 518 59.
1017 484 1136 518 Nota
1172 484 1335 526 loquor
1370 485 1577 528 explic-aret:

221 555 308 587 quae
333 549 501 579 amatores
526 546 618 589 loqui
644 550 678 580 et
706 550 826 590 optare
850 548 884 580 in
909 549 1033 591 vulgus
1058 553 1175 582 notum
1203 553 1269 591 est,
1297 549 1330 584 h.
1356 560 1385 584 e.
1413 561 1497 584 vana
1523 552 1575 584 lo-

219 622 314 654 quor.
365 612 660 648 Quemadmodum
685 612 718 645 in
745 623 846 656 prosa
878 614 1034 647 oratione
1069 613 1212 648 dicitur:
1253 616 1466 658 Quamquam
1494 617 1574 659 quid

216 678 368 720 loquor?
417 679 487 712 Sed
512 690 554 712 ne
580 689 734 712 moneam
758 679 857 712 nimis
883 679 1033 713 breviter
1058 683 1093 713 et
1120 679 1238 724 rapide
1260 681 1310 714 sic
1334 692 1403 715 uno
1429 682 1574 716 disticho

219 749 329 779 totum
355 746 465 779 iocum
501 746 651 787 absolvi,
693 747 785 779 nullo
812 747 972 790 exemplo
999 747 1157 791 probavit
1190 747 1275 781 hanc
1311 750 1572 793 explicationem

216 813 310 846 vocis
335 818 431 846 nota.
480 813 587 846 Immo
612 814 802 846 contrarius
827 825 948 847 sensus
979 814 1080 848 inest.
1130 815 1230 846 Nota
1255 813 1379 859 loquor
1403 815 1572 858 significat

215 878 288 912 hic:
324 890 403 913 vera
429 881 567 922 loquor,
601 885 734 914 constat
757 882 846 915 inter
870 893 988 916 omnes
1012 881 1105 925 quod
1132 881 1232 924 dico,
1267 883 1481 926 pertinetque
1507 882 1570 916 hoc

213 958 280 981 non
307 947 349 981 ad
376 948 623 990 antecedentia,
649 949 709 982 sed
736 949 778 982 ad
804 950 982 991 sequeutia
1008 949 1122 990 verba,
1147 959 1224 982 cum
1250 949 1294 982 sit
1321 960 1430 993 paene
1457 951 1569 983 iucre-

212 1013 351 1046 dibilem
377 1024 448 1046 rem
477 1013 649 1056 dicturus,
685 1013 854 1047 hominem
880 1024 968 1047 nunc
993 1024 1138 1057 regnare
1164 1014 1254 1058 apud
1281 1015 1476 1056 Nemesim,
1511 1016 1568 1058 qui

211 1081 378 1124 pessimus
413 1081 492 1114 olim
527 1091 644 1114 servus
678 1081 792 1114 fuerit.
843 1082 942 1116 Quae
977 1092 1054 1115 cum
1091 1082 1138 1114 ita
1172 1082 1259 1122 sint,
1301 1087 1444 1126 apparet
1476 1084 1568 1116 clare

211 1150 289 1178 ante
329 1145 392 1179 hoc
429 1145 595 1179 distichon
633 1145 802 1179 excidisse
841 1145 980 1188 aliquid.
1049 1146 1147 1179 Talia
1187 1148 1297 1189 enim,
1349 1153 1564 1192 perrexerat,

211 1212 313 1244 credo
340 1216 459 1255 poeta,
484 1216 597 1245 amant
621 1222 711 1245 nunc
738 1212 893 1255 puellae,
920 1212 1000 1244 talia
1028 1212 1083 1254 qui
1110 1212 1232 1254 offert,
1258 1224 1334 1246 eum
1362 1219 1564 1257 sequuntur,

210 1278 274 1310 etsi
307 1278 382 1310 vilis
419 1277 519 1310 homo
556 1278 610 1310 sit.
675 1278 795 1313 Qualis
834 1278 935 1311 etiam
974 1277 1148 1311 Nemesim
1185 1289 1294 1312 meam
1333 1291 1422 1313 nunc
1461 1282 1562 1325 cepit.

208 1342 297 1375 Nam
324 1353 402 1375 vera
428 1343 568 1384 loquor,
598 1343 665 1383 ait,
700 1346 734 1374 et
760 1346 863 1383 nota3
898 1353 1016 1374 servus
1042 1343 1105 1375 suit
1131 1347 1166 1376 et
1193 1354 1359 1386 nequam,
1394 1346 1449 1387 qui
1476 1356 1564 1379 nunc

206 1413 329 1451 regnat
353 1409 441 1452 apud
474 1410 633 1452 pueliam.
683 1409 844 1441 Ceterum
879 1408 970 1450 quod
1006 1419 1094 1441 nunc
1129 1409 1265 1442 demum
1300 1410 1460 1443 discimus
1486 1412 1561 1452 quis·

206 1474 389 1509 abduxerit
413 1475 605 1516 Nemesim,
631 1485 707 1507 cum
733 1476 830 1508 initio
856 1477 1056 1519 simpliciter
1082 1475 1245 1509 dixisset:
1289 1487 1367 1509 rura
1392 1478 1561 1520 villaeque

206 1545 322 1573 tenent
357 1542 524 1584 puellam,
562 1541 639 1574 iude
675 1541 800 1575 frustra
835 1546 1074 1584 argumentum
1109 1546 1208 1586 petas
1243 1548 1360 1576 contra
1395 1545 1558 1577 unitatem

206 1607 384 1647 carminis3
422 1617 499 1638 nam
525 1610 618 1639 recte
645 1611 679 1638 et
706 1607 841 1649 poetice
875 1607 923 1638 ita
954 1607 1080 1639 sactum
1116 1610 1190 1647 est,
1228 1610 1267 1639 ut
1298 1607 1364 1640 iam
1389 1619 1491 1651 supra
1516 1609 1559 1642 ad

204 1683 234 1705 v.
262 1675 293 1705 1.
329 1672 566 1714 significatum.
617 1673 820 1705 Sexcenties
845 1673 966 1706 similia
992 1673 1108 1706 videas
1134 1673 1224 1717 apud
1252 1678 1382 1718 poetas.
1408 1693 1453 1699 -—
1496 1687 1559 1709 re*-

203 1747 332 1778 gnum
368 1741 510 1778 tenet,
557 1738 683 1770 usitata
721 1737 763 1771 de
799 1738 971 1771 amoribus
998 1737 1130 1782 phrasis
1166 1750 1254 1772 nunc
1291 1750 1450 1783 magnum
1484 1753 1560 1776 sar-

206 1812 355 1834 casmum
385 1801 486 1835 habet
512 1801 554 1835 de
584 1801 717 1836 homine
743 1804 822 1836 olim
848 1814 957 1836 servo.
981 1822 1024 1828 -
1058 1805 1166 1851 ipse.¹
1215 1806 1386 1840 HEYNms
1408 1807 1485 1841 iste.
1511 1827 1558 1834 —-

202 1872 405 1910 catasta,
429 1868 618 1901 tabulatum
645 1868 715 1900 sive
741 1879 863 1911 pegma
891 1869 1067 1912 (Biilzne),
1092 1871 1150 1903 ubi
1176 1872 1312 1904 venales
1338 1869 1558 1915 exponeban—

200 1939 255 1968 tur
281 1937 440 1977 emturis,
466 1936 542 1968 vide
567 1946 652 1978 quos
681 1936 963 1970 BRoncrfflnsms
990 1937 1122 1979 laudat,
1159 1938 1362 1973 CASAUBON.
1389 1939 1431 1972 ad
1457 1941 1554 1974 Pers.

199 2003 273 2034 Sat.
302 2002 361 2043 VI,
386 2006 442 2035 77.
486 2002 674 2034 Rumam
708 2002 749 2034 ad
788 2003 936 2036 Martial.
964 2003 1022 2044 VI,
1047 2006 1104 2037 29.
1147 2003 1350 2037 BARTmum
1385 2005 1428 2037 ad
1463 2007 1552 2040 Stat.

199 2067 284 2099 Siiv.
308 2067 352 2107 li,
384 2070 414 2107 l,
444 2069 502 2100 27.
549 2068 790 2100 Scamannum
826 2068 868 2100 ad
903 2069 1062 2112 Propert.
1096 2069 1157 2111 IV,
1191 2073 1225 2111 5,
1259 2073 1317 2104 52.
1368 2071 1553 2106 Dicebatur

199 2133 301 2165 etiam
327 2132 375 2176 la]
389 2131 439 2168 is,
479 2133 567 2165 unde
601 2133 684 2181 emti
718 2133 757 2164 de
790 2133 907 2177 lasicle
934 2139 1012 2168 sunt
1038 2135 1113 2169 Cre.
1142 2137 1174 2168 in
1200 2137 1314 2170 Pison.
1345 2141 1400 2171 15.
1452 2139 1550 2173 Cous.

198 2201 299 2233 etiam
325 2201 476 2233 Pomnx
503 2200 564 2241 111,
595 2203 652 2234 78.
690 2201 770 2243 ibiq.
806 2201 998 2244 interprett.
1025 2221 1072 2227 -—
1108 2202 1327 2246 Barbara,
1365 2209 1403 2238 ut
1437 2207 1549 2239 STAT.

196 2266 280 2298 Silv.
308 2267 329 2299 l.
357 2267 414 2299 cit.
449 2265 666 2298 barbaricam
694 2272 874 2298 catastam
899 2267 1004 2308 dixit,
1040 2278 1115 2301 cum
1151 2270 1240 2302 servi
1275 2270 1406 2303 barbari
1441 2271 1473 2303 in
1508 2281 1547 2303 ea

196 2331 450 2365 exhiberentur.
477 2350 522 2355 —
561 2333 747 2375 gypsati
776 2332 935 2375 pedes,
961 2334 1040 2375 quia
1065 2335 1232 2367 venalium
1258 2346 1428 2368 servorum
1456 2340 1546 2369 trans

193 2409 286 2431 mare
312 2398 531 2431 advectorum
564 2398 669 2442 pedes
695 2403 789 2432 creta
813 2401 865 2433 vel
901 2411 1011 2443 gypso
1036 2400 1271 2443 signabantur.
1322 2401 1409 2434 Vide
1435 2401 1544 2435 PmN.

192 2463 340 2504 XXXV,
371 2467 423 2496 17.
449 2474 474 2496 s.
502 2467 558 2496 58.
585 2467 619 2496 et
643 2465 833 2498 PROPERT.
859 2466 919 2507 lv,
945 2469 978 2507 5,
1005 2469 1061 2499 51.
1089 2477 1164 2499 cum
1191 2470 1339 2499 annotat.
1373 2466 1544 2501 Baoucx-

196 2541 290 2563 nusu
327 2535 362 2562 et
398 2531 596 2564 lx'umounn
633 2536 668 2564 et
701 2533 809 2566 Ovln.
843 2535 976 2566 Amorr.
1001 2533 1028 2574 l,
1051 2536 1086 2573 8,
1109 2534 1163 2564 64.
1214 2531 1303 2563 Hinc
1337 2531 1410 2564 alln'
1437 2533 1544 2576 pedes

194 2595 318 2629 lux-ns.
344 2595 369 2635 l,
402 2598 476 2637 111,
505 2596 560 2628 ubi
586 2597 701 2630 confer
728 2598 873 2642 Rupert.
901 2617 943 2622 —-
982 2607 1115 2640 saepe
1140 2599 1314 2641 coegit,
1343 2610 1415 2633 rum
1444 2598 1542 2633 homo
