1721 2953
465 175 610 216 LIBR.
640 173 713 214 IV.
771 172 939 216 GARM.
970 174 1083 215 Vlll..
1361 177 1442 215 453

417 395 874 444 CARMEN
982 398 1124 445 VIII.

98 650 264 709 Dicit
297 667 511 713 Sulpicia
545 665 741 699 invisum
774 664 863 699 sibi
895 675 993 699 esse
1018 666 1214 699 natalem
1241 673 1379 705 suum,
1408 665 1445 697 si

100 737 196 770 ruri
221 740 266 770 et
290 737 389 770 sine
408 732 622 769 Cerintho
648 731 955 767 celebrandus
980 733 1058 775 sit,
1082 738 1306 776 rogatque
1331 732 1446 765 Mes-

99 806 256 847 salam,
291 804 367 847 qui
405 814 453 837 eo
485 801 766 836 abducturus
798 803 898 834 erat
924 800 1139 845 puellam,
1171 805 1217 833 ut
1243 801 1323 834 iam
1351 800 1445 843 qui-

99 871 190 905 dem
225 872 392 905 itinere
427 869 637 903 desistat.

193 938 235 971 V.
265 940 279 970 1
312 947 385 979 sqq.
434 936 615 969 Invisus
650 935 821 969 natalis
856 935 999 970 adest.
1060 935 1111 969 De
1136 945 1198 968 suo
1224 934 1327 968 natali
1349 934 1444 976 loqui

97 1004 284 1048 Sulpiciam
310 1001 413 1035 verba
438 1001 530 1034 clare
564 1001 710 1043 docent3
743 1011 855 1045 neque
880 1001 969 1035 enim
995 1000 1144 1035 Cerintlii
1170 1002 1316 1035 natalem
1345 1000 1444 1034 dixe-

97 1071 143 1103 rit
165 1070 307 1103 invisum
330 1067 421 1101 diem
444 1068 516 1101 sine
542 1067 705 1101 Cerintho
730 1067 923 1111 agendum,
959 1073 1118 1102 monente
1146 1069 1248 1102 etiam
1275 1068 1441 1102 Hmmo.

97 1137 189 1170 Mire
213 1136 375 1169 meus
399 1133 570 1167 Messalae
595 1134 741 1167 natalem
766 1135 908 1177 cogitat.
936 1153 982 1158 —
1017 1144 1068 1167 an
1101 1135 1210 1168 villa
1244 1135 1305 1167 sit
1337 1138 1445 1178 apta

97 1202 300 1247 puellae,
334 1204 373 1233 ut
406 1200 439 1233 in
464 1199 551 1232 ruris
576 1197 758 1231 solitudine
794 1198 884 1232 diem
909 1198 1013 1232 ducat
1037 1200 1155 1242 procul
1181 1210 1200 1232 a
1227 1198 1358 1242 gaudiis
1384 1209 1444 1232 ur-

97 1269 177 1302 bis?
203 1286 249 1292 ——
290 1266 509 1301 Arretino
533 1276 654 1309 agro.
704 1265 778 1299 Illic
802 1265 907 1308 igitur
927 1265 1017 1310 apud
1045 1266 1217 1299 Arretium
1244 1266 1277 1299 in
1303 1264 1445 1297 Etruria

97 1335 161 1368 fnit
187 1335 265 1368 villa
290 1334 482 1375 Messalae3
506 1343 584 1367 nam
610 1332 703 1377 quod
728 1333 924 1378 oppositum
953 1336 1006 1366 est
1033 1331 1111 1365 huic
1136 1331 1272 1366 lectioni
1298 1342 1319 1364 a
1345 1331 1445 1364 CYL-

96 1410 222 1441 LENIO,
247 1400 472 1439 Scnmeuno,
503 1398 589 1439 aliis,
624 1399 841 1431 remotiorem
869 1397 954 1431 lianc
978 1397 1154 1439 regionem
1179 1396 1223 1429 ab
1249 1396 1332 1429 urbe
1357 1405 1445 1437 esse,

95 1476 197 1510 quam
229 1468 268 1497 ut
292 1474 334 1497 eo
360 1462 462 1496 animi
495 1472 599 1495 causa
632 1461 815 1494 duceretur
841 1461 973 1502 puella,
1010 1471 1071 1504 per
1096 1471 1133 1493 se
1158 1471 1225 1493 non
1251 1460 1377 1493 sufficit
1402 1459 1445 1492 ad

95 1543 172 1567 eam
196 1529 462 1565 convellendam·
511 1527 604 1565 Quid
630 1529 738 1569 enim,
773 1526 980 1571 respondeat
1004 1526 1145 1569 aliquis,
1184 1526 1213 1559 si
1239 1536 1312 1559 eam
1337 1526 1445 1569 ipsam

96 1601 142 1635 ob
167 1610 303 1634 causam
328 1597 488 1642 placebat
512 1596 577 1630 hoc
602 1597 668 1629 iter
692 1595 911 1639 parentibus,
946 1595 1003 1636 qui
1038 1598 1203 1627 remotam
1237 1594 1340 1626 filiam
1373 1593 1446 1625 vel—

97 1667 169 1700 lent
193 1675 213 1698 e
244 1663 365 1697 vicinia
391 1659 570 1695 cerinthi?
621 1659 693 1692 Sed
719 1661 875 1692 nolumus
900 1657 1079 1699 hariolari3
1118 1657 1202 1691 illud
1229 1657 1322 1690 vides
1348 1657 1382 1690 in
1408 1667 1445 1690 re

97 1733 290 1775 incognita,
313 1730 371 1763 ubi
398 1730 512 1773 plures
537 1727 680 1769 cogitari
706 1730 849 1770 possunt
871 1726 1000 1759 itineris
1026 1736 1171 1766 causae,
1205 1724 1443 1758 abstinendum

98 1808 173 1832 esse
197 1808 217 1830 a
241 1795 422 1829 temeraria
442 1793 630 1827 mutatione
654 1792 833 1833 lectionis;
870 1791 1063 1825 emendavit
1088 1795 1201 1824 autem
1228 1791 1443 1824 Cnmmms

96 1863 244 1897 Ere-tino
283 1862 326 1895 ab
364 1859 491 1904 oppido
528 1859 647 1891 Eretio
685 1868 751 1891 non
793 1858 895 1899 longe
936 1867 957 1890 a
995 1856 1187 1898 Nomento,
1230 1856 1444 1890 Huscmuus

98 1929 270 1965 Reatino,
312 1937 412 1970 quem
445 1925 599 1968 sequitur
633 1924 871 1956 GOLBERYUS.
930 1922 1000 1955 Sed
1038 1933 1087 1966 pr.
1123 1933 1153 1956 v.
1190 1922 1333 1955 amnis
1368 1931 1445 1954 cum

97 1995 267 2035 Hssussxo,
294 1993 456 2033 Hermo,
481 1992 624 2031 Voss1o,
648 1990 788 2023 Bicfflo
815 1989 960 2024 Arnas,
987 1988 1078 2031 quod
1105 1988 1215 2021 codex
1241 1988 1445 2022 Timauus

99 2061 211 2103 habet,
235 2061 278 2093 ab
305 2064 444 2093 auctore
468 2059 623 2104 carminis
647 2058 794 2101 positum
817 2056 940 2097 cred03
967 2065 1043 2088 nam
1069 2056 1220 2088 ieiunum
1245 2053 1299 2087 hic
1325 2054 1445 2098 appel-

97 2128 247 2167 lativum,
273 2126 351 2168 qnia
377 2124 581 2157 indefinitins
605 2128 667 2164 est,
691 2123 856 2166 optimum
881 2132 962 2155 vero
982 2131 1104 2154 nomen
1131 2121 1317 2165 proprium.
1366 2121 1446 2153 Fuit

98 2193 209 2226 Arnus
235 2191 332 2224 liuius
357 2190 528 2232 regionis,
562 2187 771 2220 descendens
796 2187 852 2219 ille
879 2196 923 2219 ex
948 2187 1149 2230 Apennino,
1189 2196 1228 2219 ac
1253 2184 1343 2227 quod
1369 2184 1447 2217 fri-

98 2257 230 2299 gidus
263 2255 403 2296 dicitur,
436 2255 591 2287 videntur
624 2254 756 2287 Voss1o
793 2251 939 2285 nebulae
973 2251 1166 2294 frigidiores
1201 2252 1292 2284 circa
1320 2251 1444 2283 fiumen

99 2324 234 2368 respici,
260 2333 367 2366 prope
392 2321 483 2364 qnod
510 2321 599 2362 villa,
625 2320 743 2363 quales
768 2319 834 2352 isto
863 2322 1017 2361 tempore
1042 2319 1119 2352 anni
1145 2321 1331 2362 potuerunt
1357 2327 1442 2349 esse.

98 2389 309 2423 Huscnmus
350 2389 437 2422 male
475 2400 590 2419 annus
628 2387 818 2427 revocavit,
857 2385 1017 2429 frigidum
1055 2397 1176 2420 annum
1218 2387 1443 2428 interpretans

99 2461 337 2497 auctumnum,
374 2456 431 2498 qui
470 2454 576 2488 hienis
611 2459 663 2488 est
695 2455 805 2488 Ymc.
837 2455 921 2487 Aen.
960 2455 1017 2496 vl,
1050 2457 1131 2489 311.
1168 2473 1212 2478 --
1264 2454 1442 2487 nimium

99 2525 181 2557 mei
207 2523 436 2563 studiose,
462 2522 634 2563 officiose,
661 2522 893 2564 quiescas,
918 2520 1063 2553 desistas
1089 2521 1131 2553 ab
1155 2521 1221 2553 isto
1246 2519 1357 2553 studio
1385 2524 1442 2550 tuo

99 2594 135 2623 et
169 2599 263 2622 cessa
298 2599 350 2621 nie
386 2597 550 2631 premere.
591 2587 728 2619 Pmu'r.
759 2586 909 2619 Mostell.
937 2586 978 2627 V,
1011 2588 1044 2626 2,
1070 2588 1134 2618 51:
1173 2584 1318 2630 Quiesce
1354 2584 1444 2614 lianc

101 2669 170 2691 rem
197 2655 294 2688 modo
315 2661 446 2699 peiere.
468 2674 511 2678 —-
552 2653 636 2687 Mox
664 2653 757 2686 Nou
795 2653 1067 2696 tempestiva
1103 2652 1170 2684 ria
1206 2656 1256 2684 cst
1291 2651 1354 2684 iter
1380 2660 1443 2681 nou
