1721 2953
268 151 349 188 440
581 146 951 191 COMMENTAR.
981 149 1040 190 IN
1070 149 1297 190 TIBULLI

771 360 1121 404 EXPLICATIO.

367 521 410 555 V.
435 523 527 555 1-8.
575 523 722 557 Prima
748 535 861 569 pars,
910 527 1104 560 Invocat
1130 525 1402 570 Apollinem,
1434 529 1479 560 ut
1505 536 1613 560 mor-

274 588 368 620 bum
396 587 624 622 formosae
652 590 836 632 puellae
860 592 1014 634 pellat.

370 655 411 689 V.
437 658 452 688 1
483 667 555 698 sqq.
594 657 796 698 morbos,
830 658 1004 699 morbum,
1028 661 1067 691 ut
1091 658 1178 691 infra
1203 661 1257 699 ll,
1282 660 1315 692 3.
1341 675 1387 681 —-
1427 659 1622 702 expelle,

275 724 312 753 ut
338 720 479 756 HORAT.
509 721 619 765 Epist.
647 723 692 764 II,
717 726 750 764 2,
779 726 869 757 137:
895 723 1048 768 Expulit
1076 722 1249 757 helleboro
1275 723 1429 757 morbum
1454 723 1624 769 bilemque

276 799 422 824 meraco,
474 789 621 822 Usitatiu
648 789 815 833 depellere
841 795 914 833 est,
942 791 1022 824 illud
1051 791 1172 824 fortius
1196 792 1339 825 videtur.
1365 811 1410 816 -—
1444 793 1626 824 intonsa

275 852 471 895 superbe
506 864 636 887 coma.
685 856 792 888 Plane
826 866 869 888 ex
905 866 998 889 more
1030 856 1157 889 Tibulli
1190 857 1343 890 intonsae
1377 867 1495 890 comae
1530 869 1627 890 men-

276 919 344 960 tio,
378 919 422 952 cf.
451 919 479 963 I,
504 922 536 962 4,
563 923 630 962 383
664 921 709 964 ΙΙ,
734 925 768 964 3,
794 925 850 956 12.
907 923 986 956 Non
1012 927 1064 956 est
1088 927 1203 956 autem
1229 924 1373 956 otiosum
1400 923 1464 955 hoc
1490 923 1627 967 praedi-

278 987 410 1026 catum,
444 986 544 1028 quale
577 987 684 1019 malus
719 992 821 1030 poeta
854 992 1019 1031 poneret,
1056 988 1114 1022 sed
1142 1000 1185 1022 ex
1210 990 1432 1033 sequentibus
1457 989 1537 1031 quid
1563 989 1628 1021 sibi

277 1049 361 1082 velit
386 1050 635 1094 explicandum.
692 1051 853 1094 Phoebe,
882 1054 949 1094 ait,
976 1054 1033 1095 qui
1059 1058 1094 1086 et
1119 1055 1192 1098 ipse
1218 1056 1354 1088 iuvenili
1380 1054 1629 1098 pulchritudine

278 1114 427 1157 gaudes,
462 1127 622 1150 succurre
656 1118 825 1152 formosae
859 1118 1012 1161 puellae,
1050 1129 1092 1151 ue
1128 1123 1284 1163 turpetur
1317 1121 1447 1154 morbo.
1507 1121 1629 1153 Suavis

278 1183 456 1217 sententia.
526 1184 687 1218 Ceterum
726 1184 917 1229 Apollinem
956 1184 1124 1218 medicum
1162 1185 1305 1218 vidimus
1342 1186 1387 1227 ll,
1421 1188 1455 1227 3,
1493 1188 1548 1218 13.
1581 1203 1629 1211 —·

280 1258 356 1281 nec
391 1254 433 1282 te
468 1249 549 1282 iam
585 1251 782 1293 pigebit,
821 1251 893 1286 scil.
921 1252 948 1284 si
977 1252 1223 1295 properaveris.
1281 1252 1452 1284 Humatis
1481 1251 1631 1284 futurum

280 1324 329 1356 pr.
364 1314 599 1357 coniunctivo,
635 1326 677 1348 ne
709 1317 845 1359 pigeat,
883 1317 1010 1350 dictum
1045 1317 1173 1359 credit,
1208 1318 1297 1360 quod
1332 1318 1480 1351 ieiunum
1513 1318 1546 1350 in
1572 1317 1633 1350 tali

280 1380 456 1413 sententia.
486 1399 531 1404 —
575 1381 750 1424 pallida
786 1381 873 1414 haud
907 1382 1010 1414 dubie
1042 1387 1249 1425 corruptum.
1298 1383 1433 1416 Placuit
1458 1383 1629 1423 'candidu’

282 1457 382 1488 quam
417 1449 646 1481 coniecturam
683 1449 854 1482 HEYMUS
894 1450 1056 1493 reposuit.
1121 1450 1269 1482 Vossms
1307 1460 1383 1483 cum
1421 1461 1461 1483 ea
1501 1451 1633 1484 confert

282 1512 424 1547 HORAT.
450 1513 512 1555 III,
546 1516 603 1555 27,
628 1516 694 1546 53:
738 1514 944 1561 Antequam
980 1513 1096 1557 turpis
1132 1514 1258 1546 macies
1296 1514 1452 1547 decentes
1490 1522 1634 1560 occupet

283 1578 408 1613 malas.
458 1579 529 1612 Sed
568 1584 645 1623 post
672 1579 849 1622 pallentes
883 1587 987 1612 artus
1023 1581 1277 1624 exspectaveris
1308 1580 1504 1624 epitheton,
1541 1582 1633 1624 quod

284 1654 394 1688 aegra
420 1643 591 1686 significet
623 1646 784 1678 membra.
834 1645 1118 1678 Bnoucxuusms
1144 1645 1312 1691 squalida
1339 1647 1504 1689 coniecit,
1542 1648 1633 1690 quod

286 1712 398 1742 tamen
425 1710 521 1742 nimis
547 1721 650 1752 grave
676 1714 709 1744 et
733 1709 904 1743 horridum
931 1720 1010 1744 vere
1036 1711 1164 1744 iudicat
1188 1711 1361 1746 Hurmns
1386 1713 1420 1746 in
1445 1714 1567 1755 puella.
1587 1732 1632 1737 ·—-

285 1775 490 1810 informis
531 1778 677 1819 color,
722 1778 863 1811 luridus.
896 1797 943 1802 --
990 1778 1205 1821 quidquid
1244 1779 1385 1813 triste
1423 1780 1635 1823 timemus,

287 1854 363 1877 cum
389 1844 644 1888 euphemismo,
669 1856 712 1878 ne
738 1850 880 1878 mortem
907 1845 1008 1880 dicat.
1035 1863 1079 1869 —-
1106 1846 1152 1879 ln
1179 1847 1365 1889 pelagus
1390 1865 1435 1870 —
1463 1847 1633 1881 evehat.

288 1909 515 1943 Mittebantur
539 1911 648 1943 morbi
673 1921 693 1943 a
718 1911 782 1943 diis
808 1914 948 1953 propter
973 1911 1107 1954 culpam
1134 1912 1196 1944 etsi
1224 1922 1289 1944 non
1316 1922 1450 1956 semper
1475 1924 1636 1955 grave1n3

288 1978 439 2020 expiatio
468 1978 603 2020 culpam
636 1987 712 2010 cum
747 1978 836 2010 malo
870 1977 1030 2018 tollebat,
1066 1979 1298 2020 purgamentis
1334 1979 1366 2011 in
1394 1988 1522 2021 gaquam
1555 1990 1637 2022 pro-

289 2044 449 2077 fluentem
474 2043 682 2087 deportatis,
708 2043 750 2076 de
776 2053 842 2085 quo
866 2044 931 2075 ritu
958 2043 1000 2075 cf.
1027 2043 1215 2086 interprett.
1241 2043 1283 2076 ad
1311 2044 1417 2077 Vina.
1447 2043 1521 2076 Ecl.
1544 2043 1637 2084 Vni,

289 2112 368 2142 101.
396 2113 431 2142 et
456 2110 591 2142 omnino
618 2109 907 2143 BRoucizncsruiu
932 2110 974 2142 ad
1001 2108 1031 2142 h.
1058 2110 1079 2143 l.
1129 2110 1280 2143 Verbum
1305 2110 1432 2141 evehat
1460 2110 1636 2144 Hssmsms

291 2177 433 2210 mutavit
467 2177 499 2210 in
536 2176 684 2209 devehat
719 2183 861 2221 propter
893 2177 1195 2218 consuetudinem,
1228 2177 1332 2209 veluti
1358 2177 1638 2210 Bnoucmmsms

291 2241 405 2275 laudat
431 2242 539 2276 ΟΠΙ).
567 2238 658 2277 Fast.
685 2244 744 2284 VI,
770 2246 858 2276 227:
885 2245 1005 2275 Donec
1030 2240 1074 2273 ab
1099 2241 1215 2273 Iliaca
1235 2240 1401 2285 placidus
1422 2241 1639 2286 purgamina

297 2308 406 2339 Vesta
431 2306 613 2339 Detulerit
636 2308 750 2351 flat-is
775 2308 812 2340 in
839 2320 933 2341 mare
962 2306 1076 2340 Tibris
1109 2307 1231 2353 aquis,
1269 2311 1303 2340 et
1329 2307 1541 2340 HUSCHKIUS
1567 2308 1639 2340 Art.

291 2373 368 2405 Am.
392 2371 453 2413 III,
476 2373 565 2404 386:
608 2372 679 2403 Nec
708 2375 842 2405 Tuscus
872 2372 1015 2417 placida
1045 2371 1183 2404 devehit
1210 2372 1323 2404 amnis
1348 2384 1463 2418 aqua,
1500 2376 1534 2405 et
1559 2372 1638 2406 Liv.

291 2436 404 2477 XXV,
431 2439 486 2470 12.
520 2448 563 2470 ex
588 2439 734 2471 carmine
761 2438 955 2471 Marciano:
992 2436 1175 2482 multaque
1212 2436 1323 2468 millia
1348 2436 1461 2469 occisa
1488 2442 1552 2467 tua
1581 2436 1640 2467 (le-

285 2502 391 2548 serat
417 2501 528 2534 amnis
555 2502 591 2534 in
612 2510 761 2547 pontum
786 2517 952 2550 magnum
977 2516 1018 2536 ex
1045 2510 1143 2536 [erra
1169 2502 1374 2548 frugifera.
1433 2503 1562 2535 Tamen
1590 2502 1640 2536 his

293 2566 371 2600 nihil
398 2568 537 2609 efficias,
566 2569 654 2610 quod
677 2573 788 2612 cogat.
841 2569 991 2610 Evelzat,
1017 2569 1107 2612 quod
1133 2569 1234 2602 etiam
1255 2568 1402 2602 Vossms
1426 2571 1458 2600 et
1479 2568 1639 2600 BAcnlus

292 2637 513 2676 revocarunt,
541 2638 611 2668 est:
640 2635 786 2669 abducat
810 2636 843 2670 in
867 2641 1020 2680 apertum
1045 2646 1149 2670 mare.
