1721 2953
271 147 324 185 54
583 142 747 185 (JOMM
754 142 901 182 ENTA
909 143 953 182 R.
983 143 1041 183 IN
1072 143 1300 184 'I'IBULLI

271 267 328 309 qui
363 276 428 299 non
463 266 522 298 diu
554 268 632 298 ante
665 264 708 298 ad
741 263 825 297 illud
857 265 984 298 bellum
1019 265 1143 298 abiisse
1169 264 1316 299 videtur.
1363 265 1620 306 Verumdicas,

271 344 337 375 quo
362 334 435 365 iure
460 332 638 373 Tibullus,
674 332 733 374 qui
757 332 832 376 ipse
858 333 959 365 etiam
994 343 1087 366 arma
1120 337 1260 366 secutus
1284 336 1380 375 erat,
1414 343 1503 367 nunc
1533 331 1621 366 hunc

270 401 418 431 accusat.
468 396 583 430 Credo
608 396 699 440 quod
725 397 799 441 ipse
823 397 954 430 abierat
977 398 1011 431 in
1036 401 1171 442 tempus
1196 396 1285 431 haud
1309 398 1468 441 longum,
1494 397 1620 431 cedens

269 463 439 496 amicitiae
463 462 658 505 Messalae,
696 461 749 496 liic
774 461 875 496 homo
899 467 1013 497 autem
1044 464 1077 496 in
1103 467 1307 508 perpetuum
1332 464 1517 506 reliquerat
1551 463 1620 496 De-

267 530 346 562 liam
371 540 447 563 cum
473 530 505 562 in
528 530 653 563 bellum
679 530 756 563 iret.
780 548 825 554 --
858 530 900 564 V.
926 533 984 564 73.
1019 531 1117 575 ipse
1150 531 1291 564 boves
1326 531 1497 575 possim
1524 532 1619 564 iun-

267 605 387 634 gere.
447 595 554 629 Vides
591 594 733 639 pulchre
770 597 874 630 celeri
912 607 1001 640 equo
1038 598 1165 641 opponi
1204 598 1310 630 boves
1344 597 1472 630 tardos.
1532 597 1620 630 Mox

267 660 369 692 lectio
395 660 531 703 quidem
557 660 589 692 si
615 665 687 703 est,
724 671 825 704 quam
851 666 1034 706 propterea
1068 663 1217 695 restituit
1248 663 1522 704 monuimus,
1559 663 1621 696 sed

267 730 434 761 sententia
460 729 598 762 minime
622 730 755 773 placet:
781 729 845 762 Ille
870 729 952 762 licet
978 729 1120 771 gloriam
1147 732 1183 762 et
1208 729 1343 762 divitias
1370 730 1522 772 colligat,
1546 730 1621 773 ipse

267 797 296 830 si
330 796 432 830 modo
467 797 573 830 boves
606 807 681 830 cum
708 797 807 830 Delia
830 797 974 839 iungere
1003 797 1142 841 possim.
1193 796 1302 832 Quasi
1336 800 1495 839 tanquam
1527 807 1620 830 sum-

267 874 355 897 mam
382 864 578 897 felicitatem
606 868 702 908 optet
729 869 764 898 et
788 865 903 908 cupiat
929 864 1034 897 boves
1060 875 1136 897 cum
1161 864 1276 908 puelia
1301 864 1463 908 iungere!
1512 864 1619 897 Immo

267 928 332 962 hoc
356 929 423 963 ait:
462 930 542 973 Ipse
564 930 613 963 ita
639 934 674 963 te
698 941 795 972 amo,
818 935 856 964 ut
881 931 908 963 si
941 940 1083 963 necesse
1104 931 1169 972 eit,
1195 930 1301 964 boves
1325 931 1467 973 iungere
1492 930 1619 974 possim

267 999 302 1029 et
329 1006 434 1040 pecus
459 1007 614 1040 pascere,
637 997 821 1030 dummodo
846 997 912 1030 sim
937 1002 1061 1031 tecum.
1112 998 1228 1033 Quare
1247 1008 1310 1031 nec
1329 999 1619 1031 WUNDERLICHH

265 1063 376 1106 probo
401 1063 604 1096 sententiam
629 1063 905 1106 interpretantis:
943 1064 971 1096 si
1006 1067 1118 1096 tecum
1154 1063 1256 1096 modo
1282 1063 1315 1096 id
1341 1063 1474 1096 faciam.
1531 1063 1618 1097 Nam

266 1128 365 1171 vide,
403 1129 510 1162 boves
541 1129 684 1172 iungere
718 1129 852 1163 Deliam
886 1139 954 1162 una
988 1139 1102 1161 secum
1138 1133 1173 1161 et
1205 1127 1303 1161 huius
1336 1128 1462 1162 laboris
1487 1133 1618 1172 partem

266 1193 375 1237 ferre,
409 1193 472 1228 hoc
499 1195 607 1228 noluit
631 1204 799 1237 unquam,
836 1197 871 1226 et
895 1194 997 1236 longe
1023 1193 1089 1226 alia
1113 1197 1192 1226 sunt
1216 1204 1256 1227 ea
1282 1194 1442 1236 negotia,
1469 1205 1558 1236 quae
1584 1195 1617 1228 in

265 1263 382 1304 quinta
418 1262 530 1303 elegia
563 1265 795 1295 recensentur.
852 1261 970 1296 Quare
1008 1260 1109 1293 etiam
1149 1259 1198 1292 sit
1233 1266 1348 1292 tecam
1386 1261 1454 1304 legi
1489 1262 1618 1304 nequit.

266 1327 369 1361 Dicas
395 1326 540 1370 denique
565 1337 630 1360 non
657 1328 745 1360 bene
769 1327 974 1360 collocatum
999 1337 1076 1360 esse
1101 1326 1166 1359 sim
1191 1331 1270 1360 ante
1295 1333 1429 1364 tecum,
1461 1339 1501 1362 ac
1523 1329 1619 1362 Vos-

267 1403 342 1425 sms
378 1393 523 1426 mutavit
556 1393 643 1426 adeo
676 1393 828 1426 ordinem
864 1394 1067 1435 verborum,
1101 1399 1216 1425 tecum
1242 1393 1341 1426 modo
1364 1393 1430 1426 ,sim
1453 1395 1617 1436 scribens,

266 1457 327 1491 sed
354 1458 528 1501 profligari
563 1468 664 1501 posse
696 1458 830 1491 videtur
857 1457 940 1491 haec
971 1459 1131 1492 obiectio.
1180 1458 1269 1492 Nam
1294 1469 1369 1491 cum
1394 1459 1459 1492 iste
1484 1464 1617 1494 amator

267 1522 463 1565 reliquisset
493 1523 625 1556 Deliam
652 1533 751 1565 quam
787 1527 907 1566 posset
932 1521 1077 1565 habere,
1112 1523 1208 1567 ipse,
1244 1524 1309 1566 ait,
1343 1524 1449 1558 boves
1473 1526 1616 1568 iungere

265 1588 405 1631 possim,
431 1588 459 1621 si
485 1588 587 1621 modo
613 1588 754 1622 habeam
776 1593 810 1621 te
835 1593 870 1621 et
895 1587 989 1621 fruar
1015 1599 1089 1630 usu,
1115 1599 1183 1631 quo
1208 1589 1275 1622 iam
1300 1589 1358 1622 diu
1382 1601 1487 1633 aegre
1513 1601 1615 1625 careo

266 1653 385 1696 (wemz
409 1653 467 1686 ich
492 1667 561 1687 mar
584 1655 740 1687 wirkliclz
766 1654 846 1687 diclz
870 1654 983 1687 haben
1009 1654 1134 1698 kann).
1183 1656 1243 1688 Sic
1277 1660 1371 1689 recte
1407 1655 1509 1689 habet
1543 1658 1616 1690 col-

264 1720 400 1753 locatio.
420 1737 463 1744 --
490 1720 529 1753 in
553 1721 672 1762 solo,
699 1720 727 1752 h.
751 1730 781 1753 e.
805 1720 971 1761 solitario,
994 1720 1105 1753 vinc.
1130 1721 1214 1753 Aen.
1239 1719 1301 1762 XI,
1318 1723 1400 1754 571.
1427 1722 1615 1755 PROPERT.

264 1784 310 1825 11,
338 1787 393 1826 19,
420 1789 452 1818 7.
490 1785 533 1818 cf.
558 1786 749 1820 BRoucKH.
775 1784 806 1818 h.
837 1785 858 1818 l.
885 1788 920 1818 et
945 1785 1138 1818 DRAKENB.
1163 1790 1198 1818 et
1222 1786 1390 1820 Rumam
1418 1787 1460 1819 ad
1485 1787 1547 1821 Sil.
1573 1788 1615 1821 lt.

262 1850 326 1892 111,
352 1852 432 1885 429.
490 1851 556 1885 Est
581 1852 682 1885 etiam
707 1853 741 1885 in
775 1862 877 1896 prosa
902 1853 1058 1885 oratione
1091 1852 1283 1894 interdum,
1317 1858 1355 1886 ut
1381 1852 1495 1887 Comum
1522 1853 1613 1887 Nar.

263 1915 409 1949 Eumen.
439 1918 532 1959 UH,
558 1921 591 1953 6.
642 1919 824 1961 Degebant
858 1920 922 1952 soli
948 1919 981 1951 in
1007 1919 1178 1952 montibus
1211 1923 1366 1962 pastores
1397 1931 1473 1953 cum
1503 1931 1612 1963 grege

264 1992 339 2023 suo,
364 1987 402 2015 ut
421 1988 566 2026 constat,
591 1986 739 2029 separati
764 1986 851 2019 alter
874 1986 917 2018 ab
936 1987 1056 2019 altero.
1088 1986 1230 2019 Lectio:
1255 1985 1292 2018 in
1317 1985 1420 2018 solito
1435 1988 1543 2020 aliena
1562 1992 1614 2021 est

265 2048 308 2080 ab
335 2048 398 2082 hoc
425 2051 519 2091 loco;
559 2062 670 2095 neque
696 2054 786 2086 enim
812 2054 992 2097 peregrino
1019 2055 1093 2087 solo
1126 2053 1271 2098 patrium
1298 2055 1439 2098 opponit
1463 2059 1501 2087 ut
1523 2055 1552 2096 l,
1582 2058 1612 2096 1,

264 2116 321 2147 46.
356 2120 414 2148 aut
440 2116 548 2149 nna.
577 2119 661 2150 Aen.
687 2118 749 2159 IX,
774 2120 867 2160 214,
892 2118 951 2152 sed
975 2119 1101 2152 divitiis¹
1127 2123 1384 2163 paupertatem,
1408 2124 1443 2152 et
1470 2120 1556 2162 luci,
1579 2121 1611 2153 in

262 2189 330 2221 qua
354 2185 486 2215 amator
512 2183 597 2224 iste,
619 2170 847 2219 *solitudinem
874 2187 1096 2229 pastoritiam.
1147 2188 1246 2222 Quae
1273 2197 1335 2230 per
1358 2190 1467 2220 totum
1495 2188 1607 2220 locum

264 2246 409 2278 tenenda
444 2249 616 2291 oppositio
649 2253 711 2283 est.
738 2269 784 2275 ——
825 2254 868 2283 et
904 2254 957 2284 te.
1008 2250 1107 2285 Nunc
1141 2256 1318 2285 accentum
1349 2250 1552 2285 rhetoricum
1578 2252 1610 2284 in

263 2314 463 2356 pronomine
497 2316 610 2358 posuit
634 2318 806 2359 suaviter,
838 2318 917 2361 quia
947 2319 1072 2351 inculta
1099 2317 1220 2352 liumus
1245 2319 1436 2362 opponitur.
1485 2320 1530 2350 At
1554 2329 1608 2349 se-

263 2377 409 2412 cundum
437 2387 612 2416 accentum
640 2385 833 2418 necessario
858 2384 963 2417 liceat
991 2385 1104 2427 habet,
1132 2387 1219 2419 male
1245 2385 1287 2418 ab
1313 2385 1386 2417 aliis
1413 2387 1489 2426 post
1514 2390 1607 2415 {ene-

263 2444 312 2476 ris
346 2445 504 2487 positum.
531 2466 577 2472 —
616 2451 810 2491 teneris,
848 2451 890 2484 cs.
926 2452 969 2484 ad
1003 2452 1031 2493 l,
1068 2454 1098 2493 l,
1126 2454 1183 2485 46.
1242 2449 1424 2483 Confertur
1457 2454 1608 2483 ceterum

265 2512 462 2545 ANlcREoN
491 2513 657 2556 XXXIX,
690 2519 754 2549 18:
793 2515 959 2558 εἷγκάλαις
988 2514 1114 2563 κοιῖρην
1148 2517 1308 2557 κατέχειν.
1338 2534 1383 2539 -
1422 2516 1608 2556 inculta,

265 2578 448 2610 PROPERT.
478 2578 502 2618 l,
531 2582 583 2619 18,
613 2584 676 2614 28:
703 2589 735 2614 et
765 2583 874 2616 (latur
899 2584 1034 2617 inculto
1059 2583 1204 2616 tramite
1230 2582 1320 2615 (lura
1347 2582 1456 2627 quies.
1495 2583 1606 2615 Wun-

265 2653 484 2676 nssnmcnws
510 2645 641 2679 confert
670 2646 843 2694 ι’ἑοιρωτον
868 2652 967 2682 niom-
994 2650 1123 2684 Ermv.
1150 2649 1252 2683 Herc.
1281 2649 1342 2682 sur.
1369 2651 1425 2682 52.
1453 2667 1496 2673 -
1537 2649 1606 2682 1¹0⁴
