1721 2953
482 151 623 190 [ABR.
656 150 686 189 l.
748 149 906 191 ELEG..
939 154 1029 191 NH.
1352 158 1421 194 151·

72 270 188 310 *fluere
213 268 255 300 ad
284 265 390 309 pedes
415 264 490 298 talis
516 265 619 298 vestis
643 263 787 304 dicitur,
818 263 921 295 Vmo.
954 266 1036 296 Aen.
1066 264 1092 305 1,
1125 266 1197 298 104.
1225 264 1366 309 aliisque
1393 267 1423 298 in

80 332 164 365 locis
189 343 243 376 ap.
270 332 393 365 Ham.
418 348 465 355 --
504 333 710 364 teneros,
752 333 788 362 ut
823 331 930 361 totum
958 339 1080 373 corpus
1110 330 1165 363 dei
1192 334 1343 364 tenerum
1373 339 1424 365 ezr

79 402 114 430 et
137 397 291 430 iuvenile.
321 413 362 419 -
404 394 460 429 Et
496 394 667 436 Tyriae
704 397 870 428 vestes.
922 393 1008 427 Nam
1034 395 1134 428 etiam
1161 406 1309 439 purpura
1337 396 1420 429 Bae-

78 463 160 496 ciius
185 463 363 502 utebatur,
399 461 442 495 cf.
471 462 580 495 Ovm.
606 461 694 495 Met.
722 461 782 502 111,
807 463 889 493 556.
925 465 959 493 et
985 461 1061 494 vide
1086 463 1243 496 SALMAS.
1267 463 1309 497 ad
1335 463 1424 496 Ter—

77 529 148 561 tull.
174 528 218 561 de
243 528 350 561 Pallio
377 539 408 570 p.
433 529 514 561 291.
565 526 741 568 Intelliges
776 536 857 559 vero
892 526 1072 560 amiculum
1111 538 1337 572 purpureum,
1374 531 1424 563 in-

77 595 173 627 dutui
197 593 476 638 superiniectum.
502 611 545 617 —
582 593 719 635 tibia,
755 593 908 635 legitima
933 594 964 625 in
992 592 1117 627 Bacchi
1141 596 1253 637 cultu,
1279 600 1316 628 ut
1342 606 1425 629 con-

76 663 155 694 stat.
212 660 311 693 Addo
344 663 490 693 amatam
525 669 599 692 eam
634 659 735 692 etiam
770 658 813 691 ab
841 660 1041 702 Aegyptiis,
1082 660 1124 693 cf.
1151 661 1337 694 Pnopmvr.
1366 661 1425 702 IV,

76 728 111 767 8,
142 728 200 759 39.
236 730 270 759 et
300 736 388 769 quae
424 726 596 759 Kumossr.
633 726 679 758 ibi
715 725 907 760 laudat.—
946 726 1095 759 dulcis
1127 731 1276 760 cantu.
1339 728 1425 762 Cum

78 792 190 825 variae
226 797 340 826 essent
373 793 497 834 tibiae,
534 792 649 825 Osirin
682 791 764 825 dicit
799 791 993 825 dulcisonas
1027 792 1182 836 probare.
1242 791 1425 835 Phrygiam

78 860 110 893 in
144 860 254 892 animo
283 869 349 892 non
376 857 498 900 habet,
534 862 571 891 ut
601 859 729 892 Vossxo
755 859 874 891 visum.
933 857 1006 891 Nec
1035 862 1202 891 mutamus
1227 869 1304 891 cnm
1330 859 1426 892 Fun-

76 934 209 965 ·rssmo,
230 924 369 965 DOUSA,
395 925 549 966 GYss'ro,
576 924 730 965 Vossro,
755 924 898 956 BAcnro
928 922 1042 955 dulcis
1067 924 1099 956 in
1127 923 1240 960 dulci,
1268 935 1335 967 quo
1360 936 1426 959 non

76 1000 183 1033 opus;
217 1000 294 1023 nam
321 991 422 1023 etiam
448 989 656 1023 constructio
683 987 797 1022 dulcis
831 994 940 1020 cantu
967 989 1189 1023 offensionem
1223 1001 1289 1023 non
1315 989 1426 1031 habet,

75 1058 140 1090 etsi
166 1058 250 1090 alias
276 1068 343 1091 non
367 1058 456 1091 lecta
481 1057 571 1101 apud
604 1057 790 1090 Tibullum.
817 1075 862 1081 —-
900 1057 1019 1090 cista
1052 1057 1240 1090 conscia
1272 1057 1427 1098 sacris,

77 1133 164 1165 quae
194 1122 296 1156 habet
331 1123 523 1156 reconditas
557 1133 611 1155 res
645 1123 807 1164 mysticas
841 1122 873 1154 in
901 1121 1018 1155 Liberi
1043 1123 1147 1155 sacris
1182 1123 1310 1165 portari
1344 1123 1426 1155 soli-

78 1194 151 1230 tas,
190 1189 233 1222 cf.
270 1189 413 1222 eandem
439 1194 660 1223 memoratam
692 1190 867 1223 CATULLO
892 1189 1019 1229 LXIV,
1043 1192 1126 1221 259.
1154 1199 1229 1221 cum
1261 1192 1425 1222 annotatt.

77 1255 272 1298 interprett.
298 1260 332 1287 et
358 1255 505 1289 HonAT.
531 1255 559 1296 Ι,
588 1258 642 1296 18,
668 1257 721 1288 12.
747 1255 824 1296 ibiq.
851 1254 1082 1287 Mmscnmnr.
1110 1258 1145 1286 et
1170 1254 1358 1296 interprett.
1385 1255 1428 1286 ad

77 1323 184 1354 ΟΠ».
212 1322 284 1354 Art.
310 1321 385 1353 Am.
414 1321 458 1362 H,
483 1323 564 1353 609.
615 1320 781 1352 Dicuntur
811 1329 891 1352 vero
918 1319 1060 1351 conscia
1086 1320 1161 1352 loca
1186 1330 1312 1361 rerum,
1341 1331 1427 1362 quae

77 1385 124 1420 ibi
159 1391 237 1420 sunt
270 1387 323 1420 vel
354 1387 458 1428 fiunt,
506 1390 542 1419 ut
579 1386 873 1419 Wnnmfflmcnn
909 1385 1020 1418 verbis
1062 1389 1157 1428 utar,
1195 1386 1288 1418 velut
1320 1387 1425 1419 Ονῐῑ).

76 1453 219 1486 Heroid.
245 1452 323 1494 XV,
349 1454 436 1485 138:
473 1450 612 1484 conscia
646 1450 779 1483 deliciis
803 1449 869 1482 illa
896 1449 1029 1494 (antra)
1051 1450 1161 1495 fuere
1188 1450 1274 1483 tuis.
1332 1451 1429 1483 Adde,

74 1520 160 1553 infra
190 1520 218 1561 Ι,
243 1522 278 1562 8,
310 1521 345 1552 3.
391 1519 533 1552 Virtam.
569 1519 702 1552 chc.
735 1520 867 1561 Argon.
900 1518 927 1559 I,
959 1520 993 1551 5.
1032 1518 1167 1559 aliaque
1200 1517 1242 1550 ab
1276 1515 1428 1549 Ham-10

75 1586 231 1627 laudata,
268 1596 332 1619 nec
364 1595 430 1618 non
466 1595 554 1627 qnae
581 1576 827 1617 OubnNDoRP.
861 1583 904 1616 ad
940 1583 1068 1615 Lucan.
1095 1582 1123 1623 Ι,
1147 1585 1205 1614 20.
1242 1580 1352 1614 habet.
1384 1598 1427 1603 —=-

78 1653 214 1693 levis,
248 1662 326 1685 cum
350 1652 454 1685 vitilis
479 1662 506 1684 s.
533 1651 678 1684 viminea
701 1655 813 1692 esset,
837 1653 976 1683 notante
1002 1649 1174 1689 HEYNIO,
1200 1658 1288 1690 quae
1315 1658 1336 1679 a
1362 1647 1427 1680 vir-

74 1718 209 1760 ginibus
246 1721 462 1761 portaretur,
498 1726 582 1758 quas
620 1712 833 1760 κανηφόρους
872 1715 1057 1754 vocabant,
1096 1713 1140 1747 cf.
1177 1713 1347 1747 VUmeM
1386 1712 1427 1743 ari

75 1784 200 1817 Catuli.
228 1784 248 1818 l.
275 1784 331 1817 cit.
365 1788 400 1816 et
435 1783 647 1816 HEINDORF.
682 1783 724 1815 ad
763 1782 883 1815 Horat.
918 1782 991 1815 Sat.
1025 1781 1052 1821 1,
1087 1783 1121 1821 3,
1156 1782 1212 1812 11.
1272 1779 1428 1811 Tibullus

76 1848 228 1893 epitheto
265 1850 371 1881 utitur
409 1847 612 1881 hilaritatem
645 1847 700 1879 dei
739 1846 957 1888 describens,
996 1847 1029 1879 in
1066 1846 1162 1878 cuius
1195 1845 1299 1877 sacris
1328 1845 1429 1876 etiam

75 1917 160 1948 cista
186 1925 250 1947 non
279 1914 391 1956 gravis
417 1918 468 1947 est
494 1918 528 1946 et
555 1912 766 1957 ponderosa,
791 1913 853 1945 sed
879 1912 962 1945 levis
988 1916 1022 1945 et
1048 1911 1226 1944 commoda
1252 1910 1429 1952 facilisque

73 1981 116 2014 ad
146 1979 359 2024 portandum.
386 1997 429 2003 —
474 1980 657 2012 Postremo
692 1989 755 2022 per
786 1978 979 2011 universum
1015 1977 1126 2009 locum
1162 1976 1264 2008 modo
1302 1976 1429 2008 lectum

74 2046 217 2080 observa
244 2046 452 2079 alacritatem
478 2045 640 2077 orationis
666 2043 949 2088 pulcherrimam,
988 2042 1145 2076 effectam
1175 2041 1430 2075 enumeratione

74 2121 187 2145 rerum
212 2111 392 2143 multarum
419 2109 706 2153 (ο-ιιναθροιομῷ)
742 2113 777 2142 et
801 2108 1004 2152 repetitione
1030 2107 1272 2151 particularum
1297 2106 1360 2139 secl
1391 2125 1430 2131 ›—

74 2178 137 2211 sed
154 2195 200 2204 —
221 2177 298 2214 secl,
323 2183 358 2208 et
378 2196 424 2200 —
445 2182 479 2207 et
494 2195 539 2200 —-
560 2182 605 2210 et.
657 2177 756 2210 Conf.
777 2177 887 2210 Vmo.
913 2177 1045 2217 Georg.
1065 2174 1109 2215 ΙΙ,
1134 2177 1203 2207 467
1222 2184 1296 2216 sqq.
1321 2173 1429 2208 Ovm.

76 2243 160 2276 Met.
187 2243 229 2283 V,
256 2245 297 2275 17
323 2253 397 2284 sqq.
423 2245 457 2274 et
483 2244 565 2275 507.
589 2245 671 2275 508.
701 2242 898 2284 Interprett.
925 2241 968 2273 ad
995 2240 1122 2274 'mem
1148 2242 1234 2274 Anu.
1259 2240 1285 2282 I,
1314 2242 1368 2272 10.
1386 2259 1428 2264 --

170 2309 213 2342 V.
240 2308 377 2340 49-f1n.
425 2306 598 2339 Exitus.
651 2306 791 2339 Redit
823 2307 874 2340 ad
908 2306 1024 2339 diem
1059 2306 1251 2339 natalem
1284 2309 1326 2338 et
1359 2315 1429 2337 na-

75 2373 233 2407 talitia
267 2383 416 2413 sacra,
466 2381 632 2404 vocans
665 2370 745 2404 huc
781 2371 934 2403 Osirin
972 2370 1270 2413 Geniumque,
1310 2370 1429 2402 deni»

77 2451 158 2484 que
190 2440 240 2473 ad
274 2439 473 2472 futurum
504 2442 680 2481 tempus
712 2447 936 2471 conversa
968 2437 1180 2470 oratione
1213 2441 1428 2481 precatur

77 2506 276 2540 sobolem
303 2506 528 2539 Messalae
553 2505 806 2545 illustrem,
840 2505 1107 2546 gratulatur
1132 2513 1151 2535 e
1176 2501 1428 2536 munitione

78 2573 178 2605 viae
204 2571 397 2604 Latinae
431 2570 758 2615 promerendas
793 2571 949 2615 populi
985 2570 1160 2609 laudes,
1197 2573 1323 2612 optat
1361 2569 1428 2599 ‹lv-

79 2640 210 2681 niqui²
247 2639 421 2673 reditus
457 2639 627 2674 natali„-
663 2639 957 2672 laetissimos.

1010 2710 1049 2743 ll
