1721 2953
523 125 666 167 LlssR.
698 125 749 164 Π.
810 124 968 166 ELEG.
999 127 1054 167 V.
1365 132 1445 165 2855

103 245 253 279 ieiunum
272 243 392 277 suisset
410 246 445 277 et
462 242 598 276 minime
619 241 803 286 poeticum,
828 238 906 274 hinc
930 241 1106 275 substituit
1125 239 1378 285 appellativum.
1400 261 1443 266 —

107 311 208 345 Cum
230 321 329 353 ,qua
361 308 613 343 redierunt.
662 306 786 339 Puella
819 304 956 339 rediens
978 307 1123 340 donatur
1146 306 1189 339 ab
1215 309 1366 339 amatore
1390 317 1449 339 ca-

103 387 184 418 seo,
219 386 286 409 non
311 374 369 409 vili
394 373 483 413 dono
507 376 703 416 pastorum,
737 374 773 405 et
806 381 907 414 agno.
967 374 1114 415 Agnus
1149 373 1267 415 ovis,
1301 376 1339 405 ut
1365 373 1449 416 pulli

104 451 287 484 equorum,
311 439 415 473 catuli
439 438 624 482 tigridum,
648 438 778 482 scymni
803 439 960 480 leonum,
989 438 1113 472 hinnuli
1140 448 1328 472 cervorum.
1355 477 1358 480 ¹
1378 440 1448 472 Or-

103 512 217 541 natum
243 506 395 550 quaerit,
420 510 459 539 ut
483 506 588 540 vides.
638 507 688 540 Ac
713 516 790 539 cum
814 505 933 538 niveae
956 505 1022 538 sint
1047 505 1296 538 laudatissimae
1322 504 1446 545 ovium,

102 572 146 606 cf.
175 573 280 607 Vina.
306 572 429 616 Eclog.
452 572 497 615 ΙΙ,
522 575 601 615 20.,
627 573 799 606 cumulate
827 572 987 606 niveae
1013 571 1229 605 candidus
1255 571 1350 605 dixit.

196 637 238 672 V.
264 641 404 673 39-66.
461 639 751 682 Persequens
789 643 1100 682 argumentum
1138 649 1273 682 supra
1308 638 1451 671 inter-

103 708 301 748 ruptum,
336 705 530 739 subiicit
562 705 826 738 vaticinium
860 704 1073 746 Sibyllae
1107 704 1252 748 ipsum
1288 703 1338 736 de
1379 702 1449 735 ad-

106 773 244 803 ventu
270 770 447 805 Aeneae
472 770 512 804 in
536 770 739 811 Italiam,
772 769 952 813 origine
977 771 1141 803 Romae
1176 773 1220 803 et
1253 769 1450 814 imperio

107 836 304 869 Romano
328 836 482 870 futuro
508 847 588 879 per
613 836 776 870 orbem.

195 902 238 935 V.
262 905 308 935 39
336 912 387 946 sq.
435 903 647 947 Impiger.
696 903 809 937 Recte
841 904 890 937 sic
923 903 1109 946 alloquitur
1142 913 1239 945 eum,
1278 904 1334 946 qui
1369 905 1446 937 lon-

104 968 222 1011 ginqui
246 968 378 1002 itineris
408 970 599 1003 molestiam
623 973 761 1003 strenue
786 971 938 1014 suscipit.
997 970 1158 1003 Ceterum
1184 970 1329 1003 observa
1354 969 1450 1003 subi-

106 1039 175 1068 tam
201 1037 422 1069 mutationem
449 1037 632 1079 orationis,
659 1041 760 1081 poeta
785 1037 859 1071 sine
884 1048 971 1070 nova
996 1036 1257 1080 praeparatione
1282 1035 1324 1069 ad
1350 1035 1454 1069 verba

105 1099 258 1142 Sibyllae
284 1099 472 1134 exhibenda
499 1105 676 1145 pergente.
704 1120 747 1125 —
782 1101 928 1135 frater
953 1102 1149 1145 Amoris,
1175 1113 1217 1135 ex
1245 1105 1355 1135 matre
1380 1102 1452 1135 Ve-

105 1176 198 1201 nere.
223 1185 269 1190 —-
293 1167 561 1210 volitantis,
586 1168 745 1210 volucris,
771 1168 904 1211 aligeri.
954 1169 1133 1203 Vutpms:
1160 1169 1300 1210 „Recto
1326 1166 1452 1200 iudicio

106 1234 266 1267 Amorem
291 1234 441 1277 appellat
465 1234 652 1276 aligerum,
676 1237 716 1267 ut
740 1235 785 1268 sit
810 1234 954 1268 duorum
980 1233 1122 1267 fratrum
1148 1233 1312 1277 quaedam
1334 1232 1455 1266 simili-

106 1298 224 1331 tudo.“
279 1298 370 1332 Nihil
408 1297 458 1331 his
497 1299 666 1342 proficias.
724 1298 812 1331 Illud
845 1309 995 1341 quaero,
1032 1309 1093 1332 cur
1131 1298 1268 1332 omnino
1304 1297 1455 1330 nominet

110 1366 260 1396 Aeneam
294 1363 348 1397 hic
383 1364 518 1397 Amoris
552 1364 710 1406 fratrem,
748 1375 860 1407 neque
896 1365 985 1398 enim
1018 1366 1151 1398 inanem
1177 1364 1311 1396 laudem
1338 1364 1453 1396 dicere

105 1430 222 1463 voluit.
271 1430 466 1474 Responsio
493 1430 621 1464 facilis:
658 1431 744 1464 Dico
770 1432 920 1465 suaviter
945 1440 1007 1474 per
1031 1434 1141 1463 totum
1167 1439 1302 1462 carmen
1328 1428 1454 1461 amoris

108 1496 312 1529 mentionem
339 1497 412 1530 fieri
437 1496 495 1529 ubi
520 1496 756 1538 commodum,
795 1501 829 1530 et
854 1507 942 1530 nunc
968 1496 1106 1539 quidem
1132 1495 1196 1528 hoc
1222 1495 1339 1528 subest
1372 1505 1453 1538 pro-

107 1561 227 1604 positis
251 1561 381 1595 verbis:
407 1561 693 1596 Comitabitur·te
721 1562 822 1594 etiam
852 1562 887 1594 in
911 1561 1045 1595 ltaliam
1070 1562 1215 1594 volitans
1243 1561 1348 1593 frater
1373 1560 1459 1594 ade—

107 1627 218 1670 ritque
250 1629 344 1670 genti
376 1632 476 1669 tuae,
511 1628 573 1661 sub
605 1629 766 1671 auspiciis
792 1629 928 1661 Amoris
953 1638 1041 1670 quae
1066 1628 1155 1660 laete
1187 1627 1321 1659 inistis
1355 1626 1455 1658 terris

108 1692 310 1726 efflorescet.
336 1711 382 1719 --
415 1693 542 1727 veliis
566 1694 767 1736 ratibus,
794 1694 888 1727 vides
914 1694 948 1726 in
972 1694 1093 1726 itinere
1119 1703 1194 1725 esse
1222 1694 1392 1733 Aeneam,
1420 1698 1458 1725 ut

108 1768 211 1801 supra
243 1758 479 1801 explicuimus.
529 1759 717 1803 Appulerat
741 1759 783 1792 ad
810 1758 905 1792 littus
937 1757 1179 1801 Erythraeum.
1206 1776 1251 1784 —-
1290 1758 1456 1791 Troica

109 1834 263 1865 sacra,
288 1827 442 1868 penates,
465 1824 645 1858 simulacra
666 1824 838 1867 penatium
860 1823 985 1866 lignea.
1034 1823 1123 1857 Vide
1148 1822 1291 1856 HEYNH
1312 1822 1457 1855 Excurs.

110 1888 172 1922 lX.
207 1889 251 1922 ad
285 1890 380 1932 Virg.
407 1890 491 1923 Aen.
515 1889 561 1923 II.
585 1907 630 1914 —
671 1889 713 1923 V.
739 1891 782 1922 41
809 1900 860 1932 sq.
907 1889 1165 1922 Laurentes
1199 1898 1346 1930 agros.
1397 1889 1456 1920 Sim

111 1960 182 1990 tum
205 1958 371 1999 locorum,
396 1957 438 1990 de
464 1957 588 2000 quibus
607 1957 764 1990 Tibullus
790 1957 883 1999 dicit,
906 1956 1079 1990 Hmmns
1107 1955 1268 1999 explicuit
1294 1954 1336 1988 ad
1358 1955 1458 1997 Virg⁴

109 2025 196 2057 Aen·
223 2023 300 2058 VII.
341 2023 488 2058 Excurs.
513 2024 575 2057 ΙΙΙ.
640 2025 854 2068 Appulerunt
892 2024 1034 2058 Troiani
1073 2024 1118 2057 ad
1156 2024 1251 2056 littus
1292 2023 1458 2056 orientale

110 2090 268 2132 Tiberis,
291 2090 350 2123 ubi
375 2090 460 2124 silva
484 2092 588 2124 lauris
614 2091 774 2134 frequens
801 2095 893 2133 erat,
930 2102 973 2125 ex
1003 2102 1070 2134 qua
1095 2095 1169 2124 tota
1195 2091 1292 2132 regio
1318 2091 1459 2123 istorum

110 2156 262 2188 locorum
298 2157 475 2191 Laurens,
514 2155 739 2188 Laurentina
777 2156 880 2190 dicta.
929 2156 999 2190 Hic
1034 2158 1169 2190 Aeneas
1205 2160 1319 2190 castra
1354 2157 1461 2189 munit

111 2224 274 2263 quattuor
307 2220 425 2254 stadiis
456 2231 476 2254 a
510 2221 594 2254 mari
625 2221 811 2254 secundum
846 2222 997 2255 DroNYs.
1024 2222 1052 2263 Ι,
1078 2225 1157 2264 53.,
1194 2233 1282 2265 quae
1307 2222 1457 2256 VIRGIL.

113 2287 197 2319 Aen.
233 2285 278 2327 X,
311 2288 392 2324 635,
426 2284 627 2318 Laurentia
663 2293 784 2319 castra
823 2286 924 2329 dicit,
966 2287 1124 2320 Tibullus
1161 2291 1199 2320 ut
1237 2288 1365 2321 VARRO
1406 2298 1460 2330 ap.

112 2354 209 2387 Serv.
235 2352 277 2386 ad
302 2352 399 2396 Virg.
426 2354 509 2386 Aen.
535 2353 597 2396 lx,
623 2356 657 2386 8.
708 2354 913 2386 Laurens
949 2357 1157 2387 castrum.
1208 2355 1318 2388 Sedes
1352 2355 1459 2398 prima

112 2420 362 2462 Troianorum,
401 2431 540 2464 parvum
569 2420 754 2464 oppidum,
792 2420 894 2453 etiam
919 2419 1024 2453 Troia
1052 2420 1192 2453 dictum.
1244 2421 1322 2454 Non
1357 2421 1461 2463 longe

115 2486 190 2519 hinc
223 2491 258 2520 et
291 2497 312 2519 a
346 2486 464 2520 Tiberi
500 2498 616 2520 versus
649 2488 816 2521 orientem
850 2490 923 2520 erat
956 2487 1052 2530 regia
1085 2487 1201 2520 Latini
1227 2489 1462 2522 Laurentum,

115 2565 157 2586 eo
191 2554 268 2587 loco
305 2555 405 2588 situm
440 2556 496 2598 qui
532 2565 619 2588 nunc
647 2558 805 2587 Paterno
842 2559 877 2588 et
908 2556 1012 2587 Torre
1047 2554 1082 2585 di
1116 2557 1274 2587 Paterno
1310 2557 1459 2587 vocatur.

117 2624 143 2654 A
172 2621 343 2655 Laurento
376 2621 418 2663 ad
451 2623 616 2656 orientem
645 2623 758 2666 paullo
791 2623 891 2655 altius
917 2622 950 2655 iu
975 2621 1222 2656 mediterranea
1249 2621 1460 2666 procedenti,
