1721 2953
239 117 255 151 l
269 117 315 152 12
543 107 913 151 COMMENTAR.
943 110 1004 151 IN
1034 109 1264 151 TIBULLI

239 229 436 261 commotus.
486 223 588 256 Ponit
621 227 734 256 autem
770 224 913 267 primum
948 226 1195 268 generaliorem
1221 226 1502 270 significationem
1527 228 1576 261 rei

237 292 395 336 (foedera
421 289 535 331 lecti),
567 292 638 321 tum
665 289 779 331 paullo
803 290 985 334 specialius
1011 295 1046 324 et
1072 290 1243 325 definitius
1268 293 1411 326 Veneris
1436 302 1577 337 compo-

235 360 357 401 sitique
382 357 503 400 capitis
527 354 653 398 gaudia
677 355 796 390 innuit.
844 355 943 390 Haec
968 360 1021 389 est
1045 356 1164 391 forma.
1190 376 1237 383 —

327 425 369 458 V.
406 424 525 456 9-46.
585 421 781 455 Medium
818 433 1009 457 carmen.
1065 424 1213 457 Prima
1255 435 1368 468 pars.
1419 425 1578 468 Depin-

233 493 299 537 git
331 500 522 525 amorem
555 498 677 522 suum
715 489 959 532 insignem,
1000 492 1376 524 remuneratione
1409 490 1579 533 dignis-

232 559 405 592 simum:
440 555 546 599 quid
578 554 751 588 fecerit
784 565 878 588 cum
913 560 1186 598 aegrotaret
1219 558 1369 600 Delia,
1405 558 1579 600 qualem

231 624 512 659 felicitatem
546 622 821 665 imaginatus
854 622 937 664 sit,
975 623 1013 655 si
1050 623 1274 656 restituta
1311 622 1578 657 valetudine

233 701 322 724 eam
349 700 498 724 secum
526 699 627 723 rnre
652 687 861 731 haberet,
887 689 1081 731 denique
1107 693 1152 722 ut
1177 690 1314 723 etiam
1339 700 1472 731 nunc,
1507 688 1577 721 nbi

233 757 350 789 alius
383 759 557 789 amator
589 755 853 800 praelatus,
889 755 1120 790 maximam
1154 756 1193 788 in
1229 766 1275 789 se
1300 756 1383 789 vim
1419 755 1581 788 habeat

231 821 496 855 recordatio
522 819 863 865 pulcherrimae
888 821 1086 866 puellae.
1136 821 1225 855 Nam
1252 820 1284 855 hi
1311 825 1381 855 tres
1406 821 1472 855 loci
1498 830 1581 854 con-

231 890 326 923 tinuo
352 899 537 933 progressu
562 886 757 923 cohaerent.

327 955 370 989 V.
394 957 416 987 9
440 965 489 997 sq.
540 953 708 998 Incipit
734 954 871 997 prima
897 953 1169 998 descriptio.
1195 971 1238 977 —
1279 952 1470 987 defessa.
1521 953 1581 986 Sic

226 1021 333 1068 fessa
365 1019 453 1054 infra
476 1019 535 1062 IV,
563 1022 595 1062 4,
631 1022 687 1054 10.
729 1021 786 1062 11,
818 1022 853 1054 2.
903 1020 1012 1053 Ovn).
1037 1019 1182 1054 Heroid.
1208 1019 1305 1062 XXI,
1331 1022 1388 1054 14.
1437 1019 1581 1053 Honm.

234 1091 346 1123 Carm.
382 1090 483 1123 Saec.
516 1090 574 1121 63.
615 1087 812 1131 Interprett.
845 1086 888 1121 ad
923 1087 1041 1121 ΑΕΤΝ.
1068 1089 1149 1121 624.
1171 1105 1218 1112 --
1256 1086 1403 1129 dicor,
1439 1090 1584 1126 constat,

233 1164 271 1192 ut
295 1162 389 1192 recte
415 1157 736 1190 Wmvnnnmcmns
763 1157 889 1188 monet.
937 1154 1109 1187 Provocat
1138 1153 1226 1186 enim
1261 1152 1304 1186 ad
1339 1156 1473 1195 notam,
1507 1163 1583 1186 cer-

232 1229 313 1267 tam,
339 1223 562 1257 indubitatam
587 1231 671 1255 rem.
695 1238 742 1244 —-
766 1220 899 1254 votis.
948 1219 1101 1254 Primum
1127 1229 1196 1253 uno
1223 1219 1358 1253 nomine
1382 1219 1584 1263 complecti-

234 1296 289 1324 tur
313 1289 394 1332 quid
419 1288 558 1328 fecerit,
596 1297 677 1319 mox
707 1285 956 1320 accuratiorem
992 1285 1256 1329 descriptionem
1294 1285 1400 1318 dabit.
1449 1284 1583 1329 Nempe

234 1358 438 1390 lustraverat
473 1354 603 1388 Deliam
639 1357 674 1386 et
708 1356 951 1396 procuraverat
985 1353 1114 1385 somnia
1150 1353 1244 1393 eius,
1281 1362 1356 1385 cum
1384 1352 1583 1385 lustratione

235 1435 316 1458 vero
342 1428 376 1457 et
401 1421 639 1467 procuratione
666 1419 764 1453 simul
791 1422 870 1452 vota
895 1429 973 1452 enm
999 1422 1081 1462 puta
1105 1428 1330 1462 nuncupasse,
1362 1419 1434 1451 sine
1461 1419 1582 1461 quibus

234 1501 311 1525 cum
348 1490 413 1523 vim
450 1498 516 1522 non
552 1486 748 1520 habuissent
781 1486 829 1519 illi
862 1486 968 1527 ritus,
1005 1485 1098 1519 vides
1135 1496 1196 1518 cur
1231 1486 1319 1518 votis
1354 1485 1489 1518 licuerit
1522 1484 1583 1518 de-

235 1557 369 1600 signare
395 1558 513 1589 totum.
574 1552 736 1586 Ceterum
761 1552 795 1585 in
821 1551 922 1585 simili
951 1561 1053 1585 causa
1079 1552 1268 1585 Pnommrr.
1293 1551 1338 1593 II,
1362 1554 1396 1592 9,
1421 1554 1479 1584 25.
1504 1556 1584 1584 vota

234 1623 338 1655 iactat
362 1623 520 1663 suscepta
546 1628 607 1662 pro
634 1616 803 1660 Cynthiae
827 1616 948 1657 salute,
973 1626 1013 1649 ac
1035 1620 1170 1649 constat
1197 1616 1312 1649 multis
1336 1616 1411 1649 aliis
1438 1617 1583 1660 scripto-

235 1696 308 1720 rum
334 1685 418 1718 locis
452 1687 487 1717 et
519 1681 799 1726 Inscriptionibus
824 1680 972 1723 antiquis
997 1680 1030 1713 in
1055 1680 1183 1713 morbis
1209 1692 1270 1725 pro
1299 1691 1454 1715 carorum
1488 1682 1584 1715 inco-

236 1752 390 1785 lumitate
426 1753 505 1783 vota
538 1748 664 1792 suscipi
699 1747 818 1788 solita,
851 1746 894 1779 de
927 1756 993 1788 qua
1027 1756 1064 1779 re
1098 1746 1185 1779 dixit
1220 1746 1514 1781 Baoncxnusms.
1538 1764 1585 1772 —-

236 1820 277 1853 V.
293 1821 332 1852 11
350 1829 400 1861 sq.
426 1817 633 1860 Ipseque.
660 1815 730 1849 Per
752 1814 910 1858 copulam
936 1813 1068 1847 orditur
1092 1814 1354 1858 explicationem
1377 1815 1585 1857 singularum

237 1895 372 1926 rerum,
411 1883 454 1916 cf.
481 1883 524 1916 ad
549 1882 576 1924 I,
602 1885 634 1924 6,
662 1884 719 1915 69.
744 1884 777 1922 9,
805 1884 859 1914 13.
894 1885 929 1914 et
965 1880 1052 1915 adde
1077 1891 1181 1925 supra
1213 1881 1241 1920 I,
1268 1883 1300 1922 4,
1325 1882 1405 1923 4l.,
1440 1881 1584 1914 similem

238 1951 415 1984 transitum
449 1958 511 1993 per
544 1958 624 1980 neu.
658 1965 702 1971 —
753 1946 840 1979 Mox
878 1947 1061 1989 circum,
1099 1947 1299 1980 circumiens
1335 1957 1410 1981 cum
1444 1946 1584 1981 sulfure.

238 2018 431 2050 Pronomen
466 2018 508 2048 te
536 2013 710 2048 codicibus
742 2013 1015 2047 commendatum
1048 2014 1150 2047 etiam
1177 2018 1358 2057 propterea
1382 2023 1498 2046 verum
1525 2012 1586 2046 ha-

239 2083 325 2125 beo,
361 2083 438 2125 quia
465 2087 520 2113 ter
544 2081 663 2114 melius
688 2081 802 2124 paullo
833 2084 910 2124 post
935 2079 1069 2114 dicitur.
1120 2080 1208 2114 Nam
1247 2079 1300 2113 hic
1327 2080 1463 2122 quidem
1489 2090 1585 2113 com-

239 2148 340 2182 mode
373 2148 482 2181 omitti
520 2148 651 2191 potnit,
684 2147 763 2190 quia
791 2158 853 2191 per
885 2158 923 2181 se
955 2148 1176 2190 intelligitur,
1215 2146 1382 2190 siquidem
1414 2157 1457 2179 ex
1489 2156 1584 2180 more

239 2217 305 2249 ritu
338 2226 406 2248 uno
440 2214 635 2248 continuato
671 2213 972 2248 circumferebatur
1007 2218 1059 2247 ter
1095 2213 1203 2246 sulfur
1237 2214 1270 2246 in
1303 2213 1513 2245 lustratione.
1539 2229 1583 2235 —-

242 2291 374 2325 puro,
402 2279 594 2324 purgationi
618 2282 718 2322 apto,
744 2283 922 2323 purgante.
973 2280 1097 2313 Graeci
1129 2282 1225 2310 θεῖον
1252 2275 1409 2322 καθαρόν
1432 2277 1584 2310 similiter

242 2349 377 2388 dicunt,
414 2350 451 2379 ut
485 2346 691 2378 Tmaocmr.
717 2344 847 2386 XXIV,
885 2347 942 2379 94.
993 2345 1154 2378 Ceterum
1192 2344 1266 2377 ride
1302 2344 1345 2375 de
1378 2342 1583 2375 lustrationis

244 2415 374 2448 ratione
412 2413 454 2445 ad
489 2412 517 2454 I,
545 2414 578 2453 2,
613 2414 668 2445 63.
705 2418 739 2445 et
772 2412 862 2446 adde
897 2411 1028 2445 Hnms.
1065 2411 1107 2444 ad
1145 2409 1245 2444 Ovid.
1282 2409 1373 2441 Fast.
1410 2407 1469 2447 lv,
1504 2408 1584 2439 740.

246 2481 388 2513 Murus
415 2478 579 2511 Exercitt.
612 2478 708 2510 Critt.
735 2479 775 2511 P.
800 2478 844 2512 ll.
872 2488 901 2511 c.
929 2479 983 2510 17.
1009 2495 1054 2501 —
1096 2472 1448 2519 praecinuisset.
1499 2471 1586 2503 Pro-

246 2547 317 2590 pria
342 2554 408 2578 vox
435 2544 477 2576 dc
501 2542 786 2575 incantationibus
812 2543 842 2575 in
869 2542 993 2576 morbis
1019 2541 1198 2580 adhibitis,
1225 2538 1312 2571 unde
1339 2537 1586 2581 praecantrices

249 2611 357 2643 dic-tae
391 2619 504 2652 sagae.
555 2608 640 2640 Vide
668 2608 838 2642 laudatum
865 2620 883 2641 a
912 2609 1049 2642 vimmo
1080 2611 1112 2640 et
1141 2604 1289 2638 Hermo
1316 2604 1526 2637 Gronovium
1554 2603 1584 2635 in
