1721 2953
512 153 656 192 LIBR.
686 153 736 191 ΙΙ.
796 152 954 192 ELEG.
983 155 1036 194 V.
1349 158 1429 192 25³7

100 269 181 302 lium
217 268 351 302 laudem
379 268 536 302 omittere
560 266 697 311 possit?
755 266 808 300 Ita
832 277 919 301 nunc
944 270 1048 303 etiam
1072 269 1248 309 Tibullus,
1280 268 1431 302 solennia

95 337 123 368 is
143 336 351 376 describens,
376 334 487 377 qualia
510 338 588 365 ante
614 336 648 365 et
666 336 744 377 post
768 343 912 366 messem
939 336 1086 378 agebant
1113 335 1230 368 rustici
1256 335 1290 367 in
1315 333 1432 375 herba,

95 400 137 434 cf.
164 401 206 433 ad
233 401 278 442 ΙΙ,
304 403 335 442 l,
359 403 416 434 21.
441 417 485 423 -—·
525 404 718 443 operata
742 400 846 443 deo,
881 401 924 435 cf.
951 402 993 443 ΙΙ,
1021 405 1053 444 1,
1079 405 1112 435 9.
1162 403 1322 435 Ceterum
1350 400 1432 434 haec

95 466 191 498 simul
226 465 381 508 opposita
406 468 484 497 sunt
509 470 587 497 ante
616 465 797 509 descriptis
834 466 935 499 rebus
972 466 1134 502 humanis.
1162 487 1206 492 —
1244 468 1309 500 dis
1322 478 1435 500 cum—

96 529 169 562 bet
202 530 244 562 in
279 528 430 562 herba.
479 529 653 563 HEYNms
687 532 878 574 comparari
912 532 1005 565 iubet
1031 536 1148 566 Annae
1173 534 1350 567 Perennae
1376 544 1433 565 so-

94 593 205 627 lennia
235 594 405 639 descripta
438 596 547 629 Ovm.
583 596 677 630 Fast.
711 595 773 637 ΙΙΙ,
803 598 871 628 523
901 607 972 640 sqq.
1000 618 1045 623 —
1096 600 1286 632 Arboris
1320 599 1434 631 anti-

95 669 230 702 quae,
267 662 383 703 quales
409 673 485 695 cum
511 663 600 695 altae
626 664 712 705 sint,
739 665 943 707 patulosque
970 676 1080 698 ramos
1110 665 1275 707 habeant,
1302 665 1435 707 longius

95 727 229 759 umbras
253 728 379 760 iaciunt
407 729 438 761 in
464 739 580 762 omnes
605 735 733 773 partes,
765 729 909 763 Hom'r.
934 730 1045 774 Epod.
1072 731 1116 772 ΙΙ,
1141 734 1206 764 23:
1233 730 1344 762 iacere
1371 729 1434 761 sul}

96 792 248 838 antiqua
272 793 370 830 ilice,
404 793 435 828 h.
462 806 494 828 e.
519 797 636 840 patula
663 801 697 830 et
721 797 893 830 umbrosa.
946 798 1094 830 Omnino
1120 808 1223 841 saepe
1249 798 1374 830 mentio
1397 797 1436 829 fit

95 858 307 900 antiquarum
331 860 510 902 arborum,
547 862 603 894 ubi
636 863 748 895 suavis
783 862 901 895 umbra
934 863 1153 905 designanda.
1204 864 1432 896 Ganumnus

96 923 227 956 confert
261 925 368 958 PLIN.
396 926 506 970 Epist.
533 928 627 971 VIII,
653 933 694 963 7:
734 929 897 962 ,Modicus
932 930 1030 962 collis
1066 930 1248 975 assurgit,
1283 928 1436 974 antiqua

96 999 262 1032 cupressu
296 1002 494 1024 nemorosus
527 998 562 1024 et
595 1006 737 1037 opacus.
766 1013 814 1019 ——-
850 995 967 1028 levis
1001 996 1174 1037 umbra,
1214 995 1316 1028 credo
1351 1004 1439 1036 quae

95 1065 161 1087 non
199 1056 296 1089 nimis
329 1059 518 1101 propinqua
551 1065 692 1102 urgeat,
732 1066 852 1105 utpote
877 1063 955 1095 altis
985 1064 1086 1095 ramis
1113 1062 1282 1108 (lustiger
1307 1062 1439 1093 St-lzat«

97 1121 197 1163 ten),
230 1132 306 1155 cum
344 1127 461 1156 contra
494 1123 688 1158 humiliores
722 1127 863 1160 arbores
895 1129 1071 1161 molestam
1103 1129 1256 1161 umbram
1283 1126 1438 1160 habeant.

99 1186 159 1218 Sic
197 1188 489 1222 accommodatum
529 1195 582 1223 est
618 1190 792 1233 epitheton
826 1193 967 1226 consilio
1005 1194 1081 1226 loci.
1146 1193 1322 1226 HnYMUs
1357 1202 1439 1225 vero

97 1252 205 1292 „levis
230 1253 369 1295 umbra,
397 1255 523 1297 inquit,
556 1260 722 1299 perpetuo
749 1256 899 1300 epitheto
925 1257 1067 1299 dicitur,
1094 1262 1176 1301 puto
1204 1258 1283 1300 quia
1310 1257 1397 1289 foliis
1421 1267 1441 1289 e

99 1318 220 1350 fronde
245 1319 404 1352 arborum
431 1320 552 1353 leviter
573 1321 615 1353 ab
642 1332 723 1354 aura
752 1323 852 1355 motis
877 1324 951 1366 ipsa
976 1324 1094 1356 umbra
1117 1325 1220 1356 micat
1245 1328 1279 1356 et
1304 1327 1442 1356 contre-

98 1383 246 1415 miscit.“
295 1386 340 1415 At
377 1385 466 1417 enim
501 1389 537 1417 ut
571 1386 645 1418 aliis
683 1387 766 1418 locis
803 1388 983 1420 conveniat
1018 1387 1102 1420 haec
1128 1389 1351 1430 significatio,
1390 1387 1442 1420 hic

99 1447 228 1480 inutilis
247 1452 299 1481 est
317 1453 351 1482 et
368 1449 490 1482 otiosa.
538 1448 653 1482 Etiam
681 1455 847 1493 perpetua
873 1450 1025 1494 epitheta
1049 1462 1111 1495 per
1136 1456 1243 1484 totum
1269 1453 1442 1485 Tibullum

99 1515 150 1546 sic
175 1517 254 1557 poni
279 1516 444 1558 vidimus,
478 1520 516 1549 ut
542 1527 678 1559 quoque
704 1517 780 1550 loco
807 1518 872 1550 rim
898 1516 1064 1560 habeant,
1090 1529 1201 1561 neque
1225 1519 1315 1561 quod
1341 1520 1444 1561 vulgo

103 1586 306 1624 perpetuum
332 1582 456 1615 dicitur
480 1581 673 1626 epitheton,
706 1584 831 1626 ubique
857 1584 999 1619 eandem
1024 1587 1306 1629 significationem
1334 1585 1446 1626 habet,

100 1646 143 1679 cf.
171 1647 214 1679 ad
239 1647 284 1689 ΙΙ,
307 1651 340 1688 6,
369 1650 403 1679 8.
455 1648 615 1680 Ceterum
641 1649 788 1681 nemoris
815 1649 901 1681 Ievis
927 1649 1051 1682 ambra
1079 1656 1131 1683 est
1156 1653 1263 1685 OVID.
1290 1652 1375 1684 Met·
1403 1653 1444 1692 V,

99 1715 180 1744 336.
208 1730 252 1736 —
288 1714 331 1746 V.
356 1716 401 1745 97
427 1724 500 1756 sqq.
551 1715 634 1745 Aut
661 1724 679 1746 e
704 1719 831 1747 veste
857 1726 933 1748 sua
959 1721 1026 1749 etc.
1062 1718 1170 1752 Ovm.
1196 1718 1289 1751 Fast.
1316 1720 1337 1750 l.
1364 1719 1442 1751 cin:

100 1779 194 1808 Pars
221 1775 280 1808 ubi
301 1789 367 1821 pro
392 1777 516 1822 rigidis
541 1777 695 1810 calamos
719 1784 880 1810 statuere
901 1780 1079 1817 columnis,
1105 1784 1266 1826 Desuper
1283 1788 1446 1814 extentas

100 1844 292 1888 imposuere
317 1850 431 1889 togas.
480 1845 569 1877 Sunt
594 1844 678 1877 haec
708 1845 904 1879 umbracula
928 1849 1069 1881 sertis
1096 1851 1250 1883 vincta
1281 1852 1445 1890 suaviter,

101 1912 261 1944 viminum
287 1916 323 1945 et
347 1912 522 1945 iuncorum
549 1913 582 1944 in
618 1922 746 1945 morem
774 1913 902 1946 circum
933 1915 1145 1957 errantibus,
1183 1917 1277 1958 quasi
1304 1916 1445 1948 frondea

102 1977 146 2010 sit
179 1976 321 2010 trichila.
371 1979 476 2011 Plura
510 1977 553 2010 de
591 1977 641 2012 his
679 1980 782 2012 rebus
820 1980 898 2013 vide
935 1981 1025 2025 apud
1065 1982 1257 2015 HssYmmr.
1320 1982 1446 2015 Confer

102 2044 202 2076 etiam
235 2054 338 2087 supra
370 2044 415 2086 ΙΙ,
443 2047 475 2086 1,
497 2047 554 2078 24.
580 2063 627 2068 —
670 2050 940 2087 coronatuS,
977 2051 1014 2079 ut
1048 2049 1152 2080 moris
1193 2048 1337 2081 Graecis
1371 2053 1449 2092 post

103 2111 293 2144 Homerum
328 2115 362 2144 et
387 2111 571 2153 Romanis,
609 2112 652 2145 cf.
681 2113 778 2146 Voss.
806 2112 848 2145 ad
875 2114 972 2155 Virg.
999 2114 1131 2156 Georg·
1158 2114 1202 2155 ll,
1232 2127 1266 2158 p.
1292 2117 1373 2147 454.
1412 2119 1446 2147 et

102 2176 394 2210 Bnoucxunsmm
421 2177 462 2209 ad
489 2177 675 2210 Tibullum.
701 2195 745 2201 —
780 2177 872 2209 sibi
898 2179 1113 2220 quisque,
1146 2190 1223 2212 nam
1250 2180 1447 2212 umbracula

105 2244 331 2276 communiter
356 2243 508 2276 fecerant
532 2254 744 2277 communem
771 2244 804 2276 in
829 2253 938 2278 usum.
959 2263 1006 2268 —-
1034 2245 1316 2289 Cespitibus·
1358 2246 1448 2278 Sua-

103 2309 154 2342 vis
180 2310 272 2342 lusus
296 2310 328 2342 in
354 2310 558 2353 repetitione
591 2311 694 2344 vocis.
746 2311 903 2344 Delectat
936 2312 1083 2345 animum
1111 2313 1295 2355 cogitatio,
1333 2313 1447 2345 onmia

104 2373 158 2407 hic
184 2385 202 2407 e
228 2374 325 2407 viridi
350 2375 479 2418 cespite
505 2385 592 2409 esse.
642 2377 823 2409 Postremo
859 2386 1002 2418 quaeras
1040 2378 1212 2420 quomodo
1239 2378 1363 2411 sactum
1394 2379 1448 2419 sit,

105 2443 143 2472 ut
175 2450 250 2473 cum
287 2440 318 2473 in
355 2439 418 2473 hoc
457 2441 591 2474 demum
626 2441 771 2475 disticho
807 2443 849 2476 de
883 2444 1007 2476 mensis
1043 2448 1077 2477 et
1110 2445 1252 2488 dapibus
1278 2447 1447 2488 loquatur,

107 2506 246 2538 calicem
273 2507 338 2540 iam
365 2507 396 2539 in
420 2508 631 2540 antecedenti
657 2512 907 2544 memoraverit.
957 2510 1092 2554 Nempe
1111 2518 1290 2556 postquam
1311 2514 1447 2546 umbra-

108 2572 183 2603 cula
210 2572 296 2604 dixit
320 2574 420 2606 sertis
447 2575 577 2615 sint-ta,
604 2577 751 2608 suasiter
775 2577 890 2610 statim
915 2577 1107 2611 redimitum
1133 2581 1232 2612 sertis
1259 2580 1360 2612 etiam
1389 2590 1449 2611 ca*

109 2638 206 2671 licem
242 2643 404 2673 monstrat
438 2646 515 2674 ante
552 2647 729 2685 potantes,
768 2645 900 2686 potiora
939 2655 1006 2679 uno
1034 2645 1177 2680 disticho
1208 2649 1448 2690 coiinplecteiffi.
