1721 2953
461 147 605 188 LlssP..
638 146 666 184 Ι.
726 142 883 185 ELEG.
915 143 1008 183 Vll.
1340 143 1413 180 159

70 284 122 308 tur
148 273 276 313 Osiris,
314 270 402 313 quod
430 269 558 313 primus
587 265 669 299 llaec
694 264 806 298 omnia
841 263 943 296 rudes
969 262 1119 296 homines
1143 259 1310 295 docuerit.
1362 262 1410 292 Ac

70 342 112 375 de
137 341 268 374 cultore
293 342 402 370 terrae
428 334 494 368 deo
520 333 603 366 satis
628 331 724 365 dixit.
751 349 795 354 -
837 330 877 363 V.
904 331 949 362 37
976 339 1051 371 sqq.
1101 327 1170 361 Iam
1198 327 1310 370 pergit
1337 325 1410 358 lon—

71 407 147 448 gius
190 408 224 438 et
257 406 436 446 postquam
475 399 541 432 vini
582 398 648 431 vim
684 395 856 437 laudavit,
909 394 1009 428 deum
1050 395 1160 438 ipsum
1198 394 1344 426 illustrat
1377 397 1414 424 ut

71 472 182 512 chori,
221 473 359 509 cantus,
402 467 467 500 ioci
503 464 680 506 omnisque
706 461 842 496 omnino
868 460 1061 494 festivitatis
1084 463 1273 501 amantem,
1311 460 1367 502 qui
1395 470 1415 491 a

71 539 214 574 Graecis
250 536 452 578 Latinisque
487 542 564 566 cum
602 529 739 565 Baccho
773 528 954 569 confusus,
986 528 1029 561 cs.
1056 527 1201 561 Hauon.
1228 528 1270 569 ΙΙ,
1297 528 1354 560 42.
1380 532 1416 560 et

70 606 260 639 lsnrionsx.
288 600 408 635 Panth.
436 600 508 634 libr.
537 598 580 639 ll,
609 601 638 639 l,
664 599 719 638 5.,
758 596 861 629 etiam
901 604 1012 627 mores
1047 594 1143 627 liuius
1182 594 1330 627 creditus
1364 599 1415 627 est

71 670 203 704 babere.
254 667 453 703 simillimus
480 676 560 700 vero
587 663 722 698 Baccho
751 664 843 696 visus
872 672 938 695 non
963 665 1074 695 tamen
1102 672 1162 705 pro
1181 660 1316 694 Baccho
1341 662 1417 704 ipso

71 748 89 770 a
119 741 217 781 poeta
244 735 397 776 habetur,
427 735 482 776 qui
512 743 576 766 non
603 732 712 765 solum
740 731 827 764 vites
855 733 889 763 et
914 727 1054 761 arbores
1079 731 1176 761 curet
1201 730 1237 759 ut
1261 724 1417 760 Bacchus

73 805 190 846 (Voss.
217 802 258 835 ad
288 801 381 843 virg.
409 802 539 843 Georg.
566 799 611 840 ΙΙ,
638 810 668 842 p.
695 797 820 840 264),
847 795 907 829 sed
936 795 1037 828 etiam
1069 797 1218 826 aratrum
1242 791 1418 831 invenerit,

72 871 161 912 quod
188 879 253 902 non
280 867 438 901 tribuitur
463 865 623 907 Baccho,
651 865 694 899 cf.
720 865 925 898 Wuncxnm
954 861 1018 895 mei
1046 859 1283 893 Additamenta
1308 857 1350 890 ad
1377 857 1417 890 li-

73 936 187 976 brum,
224 943 323 977 quem
359 932 496 976 scripsit
529 931 573 964 de
598 931 731 972 Trilog.
760 926 882 962 Aescli.
909 939 940 971 p.
968 929 1047 960 187.
1074 945 1119 950 -
1159 924 1221 957 Est
1248 924 1343 957 locus
1376 922 1421 955 de

73 999 209 1033 Osiride
243 998 329 1032 liaud
367 997 468 1031 dubie
506 996 732 1041 pulcherrima
772 1004 850 1038 pars
890 993 1068 1034 carminis,
1105 992 1148 1025 de
1182 991 1277 1024 cuius
1312 989 1421 1022 forma

74 1066 207 1109 poetica
240 1063 372 1098 tenebis
408 1062 499 1106 quod
532 1073 550 1095 a
587 1062 679 1096 nullo
716 1061 903 1104 interprete
937 1059 1154 1093 observatum
1190 1058 1222 1090 in
1262 1060 1421 1100 promptu

26 1124 33 1127 ”
75 1137 185 1164 tamen
220 1135 290 1171 est,
329 1129 496 1172 gradatim
531 1139 551 1161 a
591 1127 688 1161 laetis
729 1127 770 1160 ad
809 1125 950 1160 laetiora
987 1129 1022 1158 et
1055 1125 1236 1158 laetissima
1272 1122 1422 1167 procedi.

75 1196 230 1229 Primum
257 1195 343 1228 enim
369 1193 412 1228 de
438 1194 606 1227 frumento
632 1198 667 1226 et
690 1192 799 1237 pomis
828 1191 970 1225 inventis
996 1190 1141 1232 dicitur3
1177 1195 1254 1221 ram
1277 1189 1320 1222 de
1345 1189 1424 1222 vino

75 1263 241 1303 iucundo,
276 1267 310 1295 et
336 1261 432 1295 liuius
457 1261 593 1304 quidem
619 1261 669 1294 vis
694 1261 743 1294 sic
768 1260 959 1303 explicatur
983 1257 1172 1301 gradatim,
1206 1256 1363 1290 docuisse
1389 1255 1422 1288 id

76 1329 211 1363 omnino
246 1332 379 1362 cantum
406 1331 441 1360 et
474 1326 709 1367 saltationem,
749 1323 938 1358 exhilarare
962 1322 1134 1365 agricolae
1161 1325 1282 1365 pectus
1307 1320 1424 1354 labore

76 1395 269 1429 consectum
295 1397 330 1426 et
356 1392 482 1426 afferre
507 1392 560 1425 vel
586 1390 723 1424 afflictis
749 1389 923 1432 requiem3
943 1392 1121 1431 postremo
1146 1387 1251 1430 ipsius
1271 1385 1325 1418 dei
1349 1396 1423 1418 mo-

75 1471 129 1494 res
154 1460 329 1493 laetissimi
356 1456 601 1502 ο·υνιιθ·ροιο·,ιιῷ
627 1453 854 1498 pulcherrimo
880 1454 1111 1493 illustrantur,
1143 1451 1176 1484 in
1201 1461 1268 1494 quo
1293 1460 1424 1483 summa

75 1527 236 1559 orationis
261 1525 429 1558 alacritas.
480 1524 530 1557 De
555 1522 698 1556 consilio
731 1522 796 1555 loci
823 1522 856 1554 in
881 1519 1138 1553 Introductione
1163 1518 1328 1559 vidimus,
1366 1518 1423 1560 qui

74 1597 203 1626 tantum
238 1591 335 1625 abest
367 1595 405 1624 ut
438 1601 499 1635 pro
534 1590 746 1632 digressione
783 1587 957 1621 habendus
993 1586 1058 1627 sit,
1095 1589 1133 1618 ut
1173 1594 1241 1618 non
1276 1584 1426 1628 potuerit

75 1659 230 1692 blandior
264 1658 455 1700 excogitari
492 1657 664 1690 Messalae
700 1657 786 1688 laus.
813 1671 859 1679 —
903 1653 1004 1686 Nune
1037 1661 1219 1695 pergamus
1252 1650 1426 1692 explicare

76 1725 220 1767 singula.
261 1725 303 1758 V.
325 1726 370 1756 37
388 1734 437 1765 sq.
466 1731 601 1755 voces
627 1720 880 1754 inflectere
905 1723 1057 1758 cantu,
1083 1725 1263 1749 numerose
1282 1718 1426 1755 mutare,

79 1792 228 1833 variare,
252 1789 429 1823 modulari.
466 1789 631 1822 LucRET.
663 1788 701 1828 V,
730 1788 839 1820 1405:
876 1784 1001 1817 ducere
1024 1780 1240 1815 multimodis
1265 1791 1365 1812 voces
1390 1784 1426 1810 et

69 1857 216 1901 flectere
242 1860 381 1888 cantas.
431 1853 515 1887 Aliis
541 1853 572 1886 in
607 1853 691 1886 locis
726 1852 845 1885 molles
878 1854 913 1883 et
948 1849 1076 1883 fractae
1102 1847 1307 1882 mutationes
1333 1846 1425 1878 vocis

73 1923 250 1968 flexiones
276 1921 454 1962 dicuntur,
487 1924 524 1953 ut
557 1919 633 1952 C1c.
659 1918 702 1951 de
728 1918 824 1950 Orat.
849 1915 911 1957 111,
936 1918 994 1950 25.
1059 1915 1140 1950 Quo
1165 1913 1312 1957 pertinet
1337 1910 1426 1954 apud

80 1991 234 2023 Graecos
268 1985 452 2026 κάμπτειν,
498 1982 637 2029 καμπὴ,
685 1984 728 2018 cs.
762 1985 965 2028 interpretes
998 1981 1042 2016 ad
1074 1983 1274 2015 Amswol’u.
1311 1979 1428 2013 Nubes

80 2057 160 2088 963.
189 2055 259 2087 Inv.
287 2072 332 2077 —-
372 2053 423 2086 ad
457 2056 612 2086 certos
646 2050 817 2092 modos,
851 2049 893 2083 ad
919 2049 1067 2083 musicos
1091 2047 1232 2089 modos,
1257 2045 1298 2079 ad
1326 2045 1429 2078 musi-

81 2131 197 2155 corum
222 2121 521 2153 instrumentorum
548 2123 698 2152 cantum.
723 2136 769 2142 -—
802 2117 960 2151 nescia
995 2114 1207 2155 membra,
1242 2111 1430 2145 saltationis

82 2189 221 2231 ignara,
254 2191 292 2219 ut
319 2196 430 2219 nexus
463 2185 574 2220 docet.
624 2185 713 2220 Vide
747 2185 790 2219 de
824 2184 875 2217 his
909 2182 1086 2217 adiectivis
1120 2179 1162 2214 ad
1190 2179 1216 2221 I,
1242 2180 1276 2219 4,
1301 2179 1357 2210 48.
1386 2194 1431 2200 --

85 2262 282 2293 movere,
308 2257 435 2287 motus,
461 2251 599 2295 propria
623 2250 727 2284 verba
752 2250 794 2284 de
820 2249 1021 2289 saltatione,
1047 2251 1086 2280 ut
1108 2248 1252 2279 constat.
1302 2242 1431 2275 Exem-

85 2320 140 2364 pla
164 2320 268 2352 multa
293 2318 572 2350 Bnoncxnusms
599 2316 709 2349 habet.
738 2335 780 2340 —
823 2315 862 2349 V.
889 2317 934 2347 39
963 2324 1036 2356 sqq.
1083 2308 1308 2350 Bacchus,
1345 2307 1378 2340 h.
1401 2317 1431 2341 e.

86 2385 218 2426 vinum3
255 2385 343 2417 male
369 2383 470 2422 euim,
496 2386 534 2415 ut
559 2381 661 2415 etiam
691 2380 861 2414 Hssmms
888 2382 996 2420 notat,
1022 2375 1167 2411 Osiridis
1191 2374 1317 2409 nomini
1343 2383 1431 2406 nunc

86 2450 190 2483 semel
216 2449 307 2482 aliud
333 2448 577 2488 substitueret,
618 2446 644 2478 si
671 2445 771 2479 deum
798 2444 993 2486 Osiridem,
1027 2453 1092 2477 non
1119 2442 1232 2475 vinum
1260 2439 1432 2481 intelligis.

88 2517 138 2548 Ac
162 2524 263 2558 supra
289 2513 385 2546 docui
420 2523 486 2546 non
514 2522 573 2555 pro
601 2511 720 2544 eodem
748 2510 812 2544 deo
839 2508 1013 2543 Bacchum
1040 2512 1074 2542 et
1099 2507 1269 2540 Osiridem
1296 2506 1434 2538 Tibullo

90 2580 217 2614 baberi.
265 2580 418 2623 Denique
444 2580 591 2612 alienum
619 2590 634 2611 a
664 2579 831 2610 carmine.
867 2576 958 2619 quod
993 2574 1200 2619 Aegyptium
1235 2572 1334 2605 deun»
1361 2571 1435 2602 lau-

91 2648 166 2690 dat,
206 2644 330 2680 Bacchi
366 2645 488 2679 Graeci
527 2655 586 2690 pro
615 2644 748 2678 ‹Jsiride
787 2653 915 2678 nomen.
945 2661 983 2665 —
1024 2638 1258 2674 tristitiae
1290 2636 1434 2670 disso-
