1721 2953
305 106 313 138 l
331 106 375 139 ,Ἃ
610 93 979 142 [ὈΜΜΕΝΤΑΒ.
1010 101 1067 143 ΙΝ
1100 102 1326 146 TIBULLI

766 752 1172 800 1NTRODUCT1Q

290 917 388 990 Qui
415 939 452 969 ut
479 935 621 968 Vossius
648 933 808 968 dubitant
833 933 1008 968 Tibullum
1035 944 1218 978 puerorum
1251 935 1421 969 amoribus
1456 936 1635 978 uliquamh=

291 1004 457 1037 ssrretitum
494 1003 615 1044 fuisse,
655 1012 721 1036 non
758 1003 920 1045 legerunt
953 1005 1086 1035 attente
1122 1000 1185 1035 hoc
1222 1012 1380 1045 carmen,
1414 1004 1540 1046 inquo
1566 1007 1632 1037 tam

288 1081 413 1113 graves
437 1072 506 1104 irae
532 1069 738 1113 conspicuae
765 1073 843 1102 sunt
868 1073 937 1101 tam
967 1069 1075 1101 vii-ida
1106 1068 1262 1102 oratione
1287 1079 1493 1112 expressae,
1530 1073 1567 1102 ut
1591 1070 1628 1103 dc

285 1138 422 1170 fictione
445 1136 552 1169 totius
577 1135 626 1168 rei
654 1135 745 1168 nullo
774 1135 874 1168 niodo
901 1135 1047 1179 cogitari
1074 1135 1191 1178 possit,
1217 1135 1281 1169 etsi
1304 1135 1338 1168 iu
1363 1136 1471 1169 maius
1496 1139 1630 1169 auctam

281 1213 357 1238 eam
398 1202 592 1237 concedam.
653 1202 757 1246 Atqui
800 1202 829 1236 si
875 1201 973 1236 huius
1020 1203 1154 1245 elegiae
1195 1206 1435 1245 argumentum
1471 1213 1538 1236 non
1579 1208 1630 1236 est

279 1270 408 1311 fictum,
431 1278 498 1310 quo
524 1268 597 1301 iure
621 1272 763 1310 quartae
787 1271 822 1301 et
847 1270 989 1301 octavae
1013 1267 1198 1301 veritatem
1222 1268 1366 1302 subesse
1392 1267 1630 1311 negabimus?

278 1334 387 1376 Igitur
412 1333 570 1365 Tibullus
603 1336 722 1376 captus
748 1336 823 1366 erat
855 1342 973 1365 amore
1009 1333 1107 1375 pueri
1143 1333 1341 1376 cuiusdam,
1374 1332 1522 1367 Maratbi
1546 1344 1565 1366 a
1589 1343 1627 1367 se

280 1401 379 1442 dicti,
414 1410 515 1443 quem
542 1410 607 1442 ego
631 1399 734 1432 etiam
760 1399 794 1432 in
819 1397 883 1432 hoc
910 1398 1061 1431 carmine
1088 1398 1289 1442 intelligam.
1349 1400 1456 1433 Deest
1489 1399 1627 1442 quidem

276 1476 421 1508 nomen,
455 1465 514 1499 sed
550 1476 625 1498 cum
662 1464 726 1499 hoc
759 1465 896 1499 aliunde
931 1469 1051 1499 notum
1087 1470 1201 1508 esset,
1238 1476 1328 1500 nunc
1351 1467 1434 1500 satis
1459 1466 1566 1500 visum
1593 1464 1626 1500 in

276 1543 345 1567 tum
380 1533 475 1576 gravi
501 1531 743 1574 obiurgatione
767 1541 867 1564 suum
893 1540 1038 1574 puerum
1064 1529 1193 1564 dcere.
1254 1532 1293 1565 Si
1318 1531 1403 1565 alius
1427 1542 1514 1576 puer
1540 1531 1623 1565 fuis-

276 1604 346 1640 set,
387 1599 580 1640 legeremus
616 1597 738 1640 opinor
773 1606 915 1637 nomen,
959 1599 997 1628 ut
1030 1596 1136 1629 moris
1170 1601 1223 1630 est
1259 1597 1292 1631 in
1326 1596 1377 1631 his
1409 1598 1624 1632 carminibus.

273 1666 342 1699 Hic
368 1666 478 1708 igitur
502 1662 681 1697 Marathus
706 1666 785 1707 post
811 1666 968 1706 tempora
992 1663 1129 1707 elegIae
1152 1664 1214 1699 lv.
1241 1669 1277 1698 et
1307 1664 1404 1699 VIII.
1429 1666 1624 1700 muneribus

273 1735 394 1775 captus
427 1731 501 1764 seni
535 1729 668 1764 cuidam
701 1729 889 1774 pecunioso
914 1740 951 1763 se
978 1729 1141 1773 dederat,
1182 1742 1270 1774 quae
1304 1731 1441 1775 quidem
1476 1734 1623 1777 pessima

271 1797 415 1843 perfidia
439 1798 486 1831 ita
512 1797 674 1831 excitavit
705 1797 788 1830 iram
814 1797 965 1840 Tibulli,
1002 1802 1041 1831 ut
1066 1799 1266 1841 gravissime
1291 1809 1379 1833 nunc
1411 1800 1444 1833 in
1470 1810 1544 1835 eam
1569 1801 1623 1834 in-

270 1865 431 1909 vehatur,
465 1875 528 1898 nec
559 1874 631 1898 rem
668 1863 794 1898 habere
831 1865 863 1898 iu
894 1868 1070 1909 posterum
1103 1875 1180 1899 cum
1207 1875 1248 1899 eo
1279 1866 1371 1899 velit.
1430 1864 1494 1899 Est
1518 1866 1622 1909 igitur

267 1938 503 1976 argumentum
528 1931 693 1976 simplex,
729 1931 856 1975 quippe
890 1932 981 1975 quod
1014 1936 1124 1966 totum
1155 1931 1400 1979 obiurgatione
1432 1938 1467 1967 et
1485 1945 1619 1978 poenae

267 1999 534 2034 denuntiatione
561 1999 792 2042 contineatur,
827 2011 868 2034 ac
901 2000 981 2043 quid
1007 2001 1099 2034 aliud
1132 2005 1311 2046 praeterea
1346 2002 1458 2046 potuit
1490 2003 1524 2036 in
1560 2003 1619 2036 tali

265 2077 323 2108 re,
362 2076 463 2109 quam
486 2065 665 2110 increpare
690 2076 857 2110 puerum,
894 2071 967 2101 tum
1003 2068 1069 2112 ipsi
1105 2072 1139 2102 et
1164 2069 1356 2113 corruptori
1380 2079 1507 2113 poenas
1531 2079 1617 2104 nun-

265 2135 352 2168 tiare
385 2133 553 2167 meritas?
603 2133 700 2184 Iuvat
734 2144 816 2167 vero
843 2135 1083 2169 tractationem
1108 2135 1325 2170 considerare
1349 2137 1472 2171 rationi
1496 2140 1532 2170 et
1563 2137 1616 2170 in-

264 2200 335 2234 doli
360 2200 506 2243 elegiaci
531 2200 712 2242 carminis,
745 2205 784 2234 ut
807 2200 890 2234 mihi
911 2202 1047 2244 quidem
1073 2202 1227 2245 videtur,
1262 2204 1296 2237 iu
1321 2205 1379 2238 tali
1405 2214 1442 2238 re
1466 2205 1614 2239 maxime

262 2266 530 2302 convenientem.
582 2267 744 2300 Cernitur
777 2266 862 2302 haec
894 2279 984 2302 nuuc
1018 2269 1054 2302 in
1089 2279 1151 2312 eo,
1183 2269 1274 2313 quod
1299 2274 1402 2314 poeta
1427 2269 1611 2304 identidem

262 2334 388 2378 repetit
424 2338 459 2367 et
495 2334 636 2367 resumit
673 2334 756 2368 illud
791 2340 1053 2378 argumentum,
1098 2341 1135 2370 ut
1169 2337 1260 2371 solet
1294 2337 1437 2370 affectus
1474 2335 1609 2380 saepius

260 2400 373 2433 redire
397 2398 440 2433 ad
465 2399 555 2434 idem
579 2401 678 2434 aliter
710 2405 813 2445 atque
850 2403 951 2437 aliter
980 2403 1208 2438 tractandum.
1258 2403 1338 2436 Huc
1361 2403 1467 2446 igitur
1491 2401 1610 2447 dispo-

258 2465 338 2498 sitio
372 2465 528 2499 carminis
562 2466 752 2500 revocanda
788 2468 852 2501 fuit
887 2479 907 2502 a
941 2468 1059 2510 nobis,
1099 2479 1199 2511 quam
1229 2478 1329 2502 ·nunc
1365 2478 1605 2512 proponemus.

259 2530 411 2564 Affectus
446 2532 478 2564 iu
513 2532 625 2565 animo
658 2533 869 2569 dominantes
905 2535 1091 2578 prodeunt,
1139 2539 1176 2568 ut
1210 2545 1272 2578 par
1306 2538 1377 2576 est,
1421 2535 1534 2568 statim
1571 2536 1604 2569 in

257 2611 273 2632 a·
290 2598 459 2633 xordio.
509 2597 667 2642 Erumpit
690 2601 792 2645 igitur
810 2603 923 2638 statim
948 2601 1000 2637 hic
1023 2602 1228 2646 obiurgatio,
1257 2610 1344 2634 nunc
1366 2601 1501 2644 quidem
1524 2600 1602 2634 bre-
