1721 2953
249 153 299 189 46
563 143 930 187 (JOMMENTAR.
960 143 1019 184 IN
1048 140 1277 183 TIBULLI

250 265 367 299 eadem
395 272 506 297 rerum
532 259 747 303 compositio.
797 250 978 292 Falluntnr
1006 262 1119 291 autem
1145 256 1202 300 qui
1227 256 1270 289 de
1295 256 1449 290 collectis
1473 259 1507 288 et
1533 254 1594 288 de-

249 333 354 377 reptis
389 339 473 371 rogo
512 326 646 360 ossibus
679 324 721 358 ad
755 323 923 357 officinam
958 323 1125 365 magicam
1160 321 1389 355 instruendam
1420 321 1595 354 Tibullum

249 397 463 437 intelligunt,
489 402 577 435 quae
603 401 656 424 res
682 391 757 423 aliis
784 389 867 423 locis
892 391 1000 431 lecta,
1027 393 1064 422 ut
1088 400 1142 432 ap.
1167 388 1309 422 Luem.
1337 387 1397 429 Vl,
1423 389 1526 428 533„
1551 386 1594 419 ab

250 464 313 497 hoc
339 464 414 496 loco
440 460 550 493 aliena
575 461 648 500 est,
681 467 743 490 nec
768 467 844 490 cum
871 455 1068 489 evocatione
1101 455 1285 488 animarum
1320 453 1478 498 eomponi
1504 455 1597 486 recte

251 533 365 575 potest
398 532 433 561 et
464 526 624 567 coniungi
659 523 702 557 ad
736 534 836 556 unam
868 523 1082 557 sententiam.
1109 540 1154 547 -—
1190 521 1231 554 V.
1260 523 1305 554 49
1331 531 1384 562 sq.
1432 519 1597 560 Sequitur

249 598 394 630 alterum
418 603 480 638 par
505 589 747 631 distichorum,
783 593 818 622 et
842 599 930 621 nunc
954 587 1089 631 quidem
1116 587 1250 620 inverso
1277 586 1396 620 ordine
1420 595 1501 618 usus
1526 586 1598 628 pri-

249 674 340 697 mum
365 661 514 695 infernas
537 661 702 698 catervas,
728 656 850 689 deinde
873 659 1096 699 tempestates
1117 655 1204 688 coeli
1228 653 1367 687 exhibet
1387 663 1493 695 sagae
1515 652 1601 685 obe-

250 730 394 763 dientes.
423 725 550 770 (Quasi
575 723 781 757 Germanice
807 721 921 755 dicasz
946 721 1004 753 ilzr
1026 719 1197 766 gelzorcltt
1224 717 1336 751 Ober-
1363 717 1438 750 und
1467 718 1599 750 Ualer-

251 796 352 833 welt,
384 796 524 827 Unter-
549 791 623 824 und
647 788 850 832 Oberwell.)
903 787 1004 823 Quod
1029 791 1143 820 autem
1169 785 1236 819 duo
1261 785 1357 829 paria
1381 783 1600 817 distichorum

253 863 369 909 posuit
393 865 428 895 et
454 861 507 894 bis
532 859 686 903 depinxit
711 867 815 900 sagae
842 866 904 900 per
927 865 1053 899 supera
1079 857 1114 887 et
1139 853 1270 886 inferna
1294 852 1368 885 loca
1403 850 1600 895 potentiam,

253 933 346 964 recte
372 933 406 962 et
432 931 549 961 ornate
575 925 674 966 fecit,
714 934 756 956 ne
780 921 879 955 nimis
904 920 993 953 nude
1019 920 1168 960 diceret,
1205 919 1233 951 si
1258 918 1375 951 semel.
1425 916 1484 949 Sic
1508 916 1601 948 Pm-

254 1005 372 1029 nARth
393 992 497 1036 Pyth.
520 992 547 1025 I-
573 990 807 1035 oppositarum
833 989 866 1021 in
890 987 1041 1020 Hierone
1065 986 1228 1019 virtutum
1253 981 1524 1016 coniunctionem
1549 981 1601 1013 bis

255 1063 418 1096 declarat.
443 1078 490 1085 -
515 1061 643 1092 tenet
669 1056 873 1089 infernas
899 1058 1128 1094 catervas,
1155 1050 1186 1085 h.
1213 1062 1242 1085 e.
1268 1051 1395 1083 animas
1421 1052 1604 1089 evocatas;

254 1138 365 1170 neque
392 1126 480 1159 enim
504 1124 585 1157 licet
610 1133 687 1156 cum
711 1121 757 1154 H.
787 1121 913 1153 Vossxo
940 1122 1080 1162 repente
1106 1117 1188 1150 deos
1213 1116 1362 1149 infernos
1397 1114 1601 1157 intelligere,

255 1193 486 1237 Tisiphonen,
529 1189 684 1222 Hecaten
711 1197 788 1220 cum
813 1185 1028 1229 serpentibus
1053 1183 1282 1225 canibusque,
1320 1193 1404 1226 quas
1435 1192 1466 1215 v.
1493 1192 1522 1215 c.
1548 1192 1604 1224 ap.

256 1262 400 1295 Honvr.
426 1261 500 1293 Sat.
525 1258 553 1299 Ι,
579 1259 613 1298 8,
637 1259 682 1289 37
708 1265 781 1298 sqq.
805 1254 910 1288 vides,
962 1253 1012 1286 De
1045 1251 1095 1285 his
1128 1263 1147 1285 a
1172 1251 1310 1285 Tibullo
1346 1261 1424 1284 mox
1461 1249 1605 1290 dicetur,

256 1341 344 1363 nunc
368 1328 518 1361 infernae
543 1329 700 1358 catervae
730 1322 922 1355 necessario
948 1331 990 1354 ex
1016 1319 1231 1352 antecedenti
1258 1317 1401 1351 disticho
1427 1316 1604 1360 explican-

256 1397 331 1429 dae.
384 1395 432 1427 Ac
459 1402 501 1425 ne
525 1390 673 1424 maleto
707 1388 829 1421 habeat
863 1387 954 1429 quod
988 1386 1040 1418 bis
1073 1385 1115 1417 de
1149 1385 1302 1417 manibus
1327 1384 1410 1417 dicit
1435 1383 1604 1417 Tibullus.

258 1461 339 1494 dicit
365 1460 416 1492 bis
441 1457 508 1491 alio
533 1455 647 1496 modo,
674 1454 818 1498 primum
843 1456 880 1485 ut
907 1455 1028 1485 evocet
1050 1461 1108 1483 eas
1133 1460 1227 1492 saga,
1253 1450 1375 1482 deiude
1400 1452 1437 1481 ut
1461 1459 1523 1492 pro
1550 1459 1605 1480 ar-

258 1528 359 1561 bitrio
386 1528 501 1559 teneat
524 1527 582 1557 aut
608 1522 769 1555 remittat.
827 1520 913 1552 Cum
948 1519 1037 1551 enim
1073 1518 1227 1557 animae,
1265 1517 1390 1550 invitae
1416 1527 1503 1559 quae
1527 1526 1605 1549 sur-

259 1599 430 1636 rexerant,
456 1602 556 1635 quam
583 1590 728 1634 primum
754 1587 867 1621 redire
893 1589 1058 1629 cuperent
1082 1585 1115 1617 iu
1141 1583 1274 1626 Quietas
1297 1584 1407 1625 sedes,
1432 1593 1498 1616 non
1523 1593 1609 1626 pos-

257 1669 334 1698 sent
366 1672 448 1696 vcro
483 1658 642 1703 quamdiu
677 1657 783 1690 nollet
815 1666 918 1697 saga,
958 1653 1148 1686 luculenter
1173 1653 1274 1685 etiam
1301 1652 1349 1685 sic
1374 1651 1531 1684 laudatur
1556 1651 1607 1684 vis

259 1731 356 1764 huius
382 1728 537 1768 feminae,
562 1729 601 1758 ut
626 1726 741 1756 monet
766 1722 868 1755 etiam
896 1720 1189 1752 BROUCKHUSIUS.
1238 1717 1360 1750 Divisit
1385 1720 1498 1749 autem
1524 1715 1608 1749 haee

258 1798 306 1830 ita
322 1796 490 1835 Tibullus,
515 1793 594 1834 quia
619 1791 721 1823 etiam
748 1788 789 1822 de
813 1788 945 1831 superis
971 1786 1072 1820 rebus
1097 1785 1150 1818 bis
1177 1784 1290 1817 dicere
1316 1783 1452 1816 volebat
1478 1787 1512 1816 et
1538 1782 1607 1816 duo

260 1863 352 1908 paria
381 1859 601 1894 distichorum
637 1866 764 1900 ponere
799 1855 863 1887 sibi
898 1852 1158 1898 respondentia,
1197 1848 1480 1893 quemadmodum
1505 1859 1609 1892 supra

260 1927 388 1961 monui.
440 1923 538 1959 Unde
573 1923 631 1965 qui
665 1923 759 1954 locus
793 1919 966 1952 continuat
1003 1917 1152 1961 priorem
1188 1915 1231 1948 de
1257 1916 1454 1948 evocatione
1479 1915 1610 1948 anima-

261 2005 347 2034 rum,
373 1992 472 2025 simul
499 1995 610 2023 tamen
637 1986 857 2028 distinguitur
882 1985 924 2017 ab
950 1994 991 2016 eo
1017 1987 1052 2016 et
1076 1982 1260 2026 opponitur
1285 1980 1453 2024 sequenti.
1504 1980 1609 2013 Cete-

261 2070 335 2093 rum
360 2058 402 2091 ad
428 2060 557 2090 tenet
586 2054 628 2088 cf.
654 2054 761 2087 me.
787 2051 970 2091 XXXVII,
996 2053 1051 2083 73.
1079 2049 1252 2082 laudatum
1281 2059 1301 2081 a
1327 2047 1608 2080 Baoucmmsm:

261 2124 489 2170 Synoclzilide
517 2122 670 2165 (dicunt)
696 2118 838 2153 umbras
862 2117 1059 2156 inferorum
1083 2121 1250 2149 evocatas
1275 2113 1397 2147 teneri.
1425 2132 1463 2138 -
1500 2114 1610 2147 Porro

262 2194 436 2235 magico
463 2175 666 2224 stridore
693 2192 744 2221 est
768 2195 951 2226 murmure,
976 2190 1014 2218 ut
1039 2185 1115 2218 Sin.
1141 2184 1241 2215 l'rAn.
1269 2182 1364 2224 vul,
1389 2184 1471 2215 502.
1520 2181 1609 2214 Nam

263 2269 413 2293 murmur
437 2261 537 2290 notus
563 2257 596 2289 in
621 2253 772 2296 magicis,
798 2251 841 2286 cs.
860 2262 891 2284 v·
912 2263 942 2284 c.
969 2251 1075 2284 Ovn).
1103 2249 1188 2282 Met.
1209 2248 1286 2290 Vll,
1310 2250 1393 2281 251.
1444 2248 1520 2281 Alia
1544 2256 1610 2279 vox

264 2325 396 2367 magica
423 2327 474 2356 est
499 2323 658 2361 ululatus,
684 2319 775 2362 qnod
801 2319 912 2352 obiter
937 2322 1074 2358 annoto,
1108 2316 1216 2359 magis
1240 2315 1399 2355 tributus,
1433 2313 1477 2348 cf.
1503 2313 1612 2346 Ovrn.

265 2390 350 2423 Met.
379 2388 455 2429 Vll,
476 2390 554 2420 190.
578 2387 672 2427 XIV,
687 2388 768 2419 405.
794 2385 886 2417 Hon.
911 2385 983 2417 Sat.
1010 2383 1037 2424 I,
1053 2385 1086 2423 8,
1106 2384 1166 2415 25.
1215 2381 1294 2414 Hoc
1314 2381 1389 2414 loco
1413 2383 1507 2412 tenet
1526 2390 1611 2421 saga

265 2460 419 2490 catervas
440 2454 638 2494 colloquens
661 2456 695 2485 et
718 2461 880 2494 responsa
901 2458 1087 2492 quaerens,
1114 2446 1157 2481 cs.
1183 2445 1327 2479 Homvr.
1350 2445 1423 2477 Sat.
1442 2443 1468 2485 1,
1493 2446 1526 2486 S,
1551 2447 1609 2478 29.

268 2523 430 2556 Ceterum
466 2529 509 2552 ex
544 2518 655 2550 verbis
690 2516 843 2549 barbaris
868 2519 902 2548 et
935 2513 1146 2558 peregrinis,
1185 2510 1349 2551 dissonis,
1382 2509 1613 2543 ineffabilibus

268 2587 470 2623 constabant
494 2584 626 2626 magica
651 2584 819 2623 carmina,
844 2582 887 2615 cf.
914 2582 1070 2614 Lucum--
1095 2578 1186 2611 Dial.
1211 2579 1349 2609 meretr.
1378 2575 1446 2609 lV:
1477 2571 1611 2618 ἐπῳδήν

273 2666 345 2686 τινα
373 2653 514 2694 λέγουσι(
542 2645 706 2694 ἓπιτρόχῳ
731 2649 775 2692 ‘sss'
798 2645 946 2690 γλώσοῃ,
970 2638 1166 2688 βαιῖηέῖαρικιῖ
1193 2643 1247 2673 καὶ
1272 2636 1426 2686 φρικώδη
1449 2636 1613 2678 ὀνόματα,
