1721 2953
303 97 327 131 2
335 95 384 131 50·
623 80 992 128 COMMEMAR.
1018 87 1078 128 m
1109 87 1337 130 ‘rfflULm

658 387 1108 435 ELEGIA
1208 390 1287 439 lv.

775 694 1184 740 INTRODUCTIO.

299 845 479 906 Nemesis
515 868 564 901 ita
597 870 737 911 ceperat
774 866 968 909 Tibullum,
1008 869 1046 899 ut
1078 865 1304 900 indissolubili
1343 866 1477 900 vinculo
1512 876 1549 899 se
1586 866 1646 899 de-

300 935 449 968 vinctum
484 933 636 967 sentiret.
693 932 764 966 Sed
790 932 964 965 servitium
990 932 1088 965 triste
1114 935 1206 974 erat,
1241 943 1316 965 nam
1343 932 1544 966 admittebat
1569 944 1646 966 eum

301 1003 414 1046 puella
440 1002 586 1045 superba
612 1001 739 1044 pariter
765 1004 799 1033 et
825 1010 925 1033 avara
950 1000 1122 1033 rarissime
1149 1011 1211 1034 nec
1235 1001 1298 1033 nisi
1327 1001 1435 1043 pretio
1461 1001 1584 1042 allato,
1611 1005 1645 1033 et

299 1070 418 1112 quavis
444 1069 623 1102 occasione
648 1071 805 1110 arrepta,
838 1067 866 1099 si
901 1066 982 1109 quid
1008 1067 1191 1109 deliquisse
1217 1070 1335 1110 posset
1358 1066 1485 1107 rideri,
1518 1067 1646 1099 aditum

298 1135 525 1168 interdicebat
558 1138 596 1167 ut
629 1145 714 1167 nova
748 1143 888 1166 munera
924 1134 1076 1167 eliceret.
1125 1134 1185 1166 Sic
1214 1133 1369 1166 laborans
1404 1133 1559 1166 maximis
1585 1144 1646 1166 ae-

297 1202 425 1235 rumnis
456 1203 491 1235 in
525 1211 654 1235 summa
687 1201 719 1234 vi
756 1201 940 1234 affectuum
974 1200 1110 1244 scripsit
1144 1199 1207 1233 hoc
1245 1210 1379 1233 carmen
1405 1198 1586 1232 vehemens
1611 1202 1645 1231 et

297 1268 506 1302 iracundum.
558 1268 741 1302 Videamus
766 1269 911 1310 singula.
960 1268 1112 1301 Primum
1139 1267 1254 1300 dicens
1286 1266 1328 1299 de
1353 1266 1490 1298 servitio
1517 1264 1646 1297 Neme-

297 1335 362 1375 sis,
389 1334 539 1376 graviter
565 1338 599 1366 et
629 1334 788 1366 flebiliter
812 1335 965 1375 queritur
990 1334 1146 1366 duritiam
1176 1333 1249 1365 eius
1278 1336 1312 1364 et
1337 1341 1435 1363 servo
1456 1331 1579 1363 misero
1605 1341 1642 1363 se

298 1403 491 1442 comparat3
531 1408 606 1431 esse
639 1402 751 1430 tantos
783 1398 920 1431 dolores
954 1402 992 1430 ut
1025 1399 1163 1430 tolerari
1188 1398 1243 1430 vix
1271 1397 1411 1440 possint.
1468 1396 1542 1428 Nec
1568 1407 1645 1428 car-

296 1466 398 1507 mina,
424 1465 548 1508 pergit,
573 1469 708 1498 movent
735 1475 819 1506 eam,
845 1464 904 1497 scd
932 1466 1078 1508 pretium
1102 1474 1211 1506 usque
1237 1464 1387 1506 ssagitat3
1422 1464 1534 1496 valete
1560 1463 1644 1496 Mu*

298 1541 357 1563 sae
392 1540 478 1571 quae
514 1528 594 1562 nihil
631 1529 821 1573 prodestis,
863 1528 943 1562 mihi
980 1540 1041 1572 per
1073 1528 1214 1561 caedem
1249 1532 1284 1560 et
1308 1528 1437 1560 facinus
1469 1532 1643 1572 postremo

297 1604 437 1626 munera
462 1594 611 1637 paranda
637 1598 736 1635 sunt,
761 1596 799 1626 ut
824 1593 1031 1625 satisfaciam
1055 1593 1236 1633 avaritiae,
1265 1597 1323 1625 aut
1346 1594 1473 1636 rapiam
1503 1594 1644 1627 donaria

299 1659 512 1702 templorum.
564 1658 702 1699 Iamque
731 1657 953 1700 progrediens
979 1657 1113 1699 longius
1139 1661 1336 1690 exsecratur
1361 1648 1518 1691 auctores
1543 1659 1645 1691 luxu-

295 1727 366 1758 riae
399 1725 559 1768 puellaris
593 1725 649 1767 qui
684 1725 818 1767 lapillos
853 1724 1019 1767 pretiosos
1054 1724 1169 1766 legant
1203 1727 1237 1756 et
1270 1734 1451 1767 purpuram
1485 1724 1644 1767 Coasque

295 1794 408 1823 vestes
434 1790 464 1822 in
492 1789 640 1822 medium
666 1790 819 1829 afferant,
843 1787 932 1820 unde
958 1791 1032 1820 orta
1057 1788 1100 1820 sit
1124 1789 1266 1821 avaritia
1290 1799 1367 1822 cum
1392 1790 1488 1822 malis
1512 1788 1641 1822 artibus

295 1857 504 1899 puellarum,
531 1859 565 1888 et
590 1858 762 1898 postremo
789 1854 890 1886 etiam
916 1854 1021 1896 ipsius
1046 1853 1204 1887 Nemesis
1229 1855 1404 1887 avaritiam
1430 1859 1640 1895 exsecratur,

295 1922 435 1955 laudans
471 1925 590 1954 contra
622 1921 727 1952 bonas·
762 1924 796 1952 et
831 1930 895 1952 non
930 1930 1059 1953 avaras.
1109 1921 1235 1954 Verum
1261 1921 1341 1963 quid
1367 1925 1507 1964 prosunt
1531 1919 1642 1953 haec?

297 1989 421 2031 pergit.
471 1987 604 2028 Legem
630 1985 765 2029 scripsit
791 1985 947 2017 Nemesis
973 1985 1145 2027 quomodo
1171 1986 1237 2018 coli
1264 1986 1345 2018 velit·
1370 1995 1536 2026 amorem,
1565 1984 1642 2018 huic

296 2052 598 2095 obtemperandum
626 2055 689 2085 est.
739 2051 895 2083 Affirmat
923 2052 1029 2093 igitur
1054 2062 1142 2084 nunc
1167 2052 1219 2083 vel
1246 2051 1362 2084 sedem
1387 2051 1510 2084 avitam
1537 2052 1642 2084 caris-

295 2118 433 2157 simam,
460 2117 487 2149 si
512 2116 628 2148 iubeat
656 2116 814 2148 Nemesis
840 2126 877 2148 se
903 2117 1136 2158 venditurum,
1161 2126 1224 2149 nec
1251 2120 1385 2149 recusat
1412 2127 1538 2149 venena
1565 2117 1642 2149 Cir-

294 2192 371 2223 ces,
400 2181 566 2222 Medeae,
599 2176 797 2213 Thessaliae
829 2181 946 2213 bibere
972 2182 1132 2223 quodque
1158 2192 1201 2214 ex
1227 2182 1364 2223 inguine
1390 2192 1498 2224 equae
1523 2183 1639 2223 stillet,

294 2248 427 2288 aliaque
453 2247 578 2287 multa,
613 2246 641 2278 si
678 2246 778 2278 modo
812 2246 945 2289 placido
978 2247 1072 2279 vultu
1108 2258 1185 2280 eum
1219 2247 1385 2290 adspiciat
1418 2251 1538 2280 amata.
1587 2247 1640 2280 Ita

294 2312 461 2345 Tibullus.
510 2310 767 2353 Explicabimus
792 2311 1083 2354 compositionem.
1134 2313 1319 2346 Primarius
1343 2314 1484 2346 affectus
1506 2313 1637 2354 elegiae

296 2384 348 2412 est
374 2378 554 2412 manifesto
580 2389 699 2411 sensus
726 2379 868 2411 acerbus
894 2379 1023 2412 servitii
1049 2379 1144 2421 duri,
1177 2380 1266 2422 quod
1294 2380 1475 2421 incumbit,
1501 2384 1534 2412 et
1561 2391 1639 2413 ver-

294 2449 388 2478 satur
415 2445 590 2477 consilium
618 2449 740 2487 poetae
768 2445 799 2476 in
826 2455 889 2486 eo,
927 2449 963 2477 ut
998 2446 1136 2478 tollatur
1170 2444 1257 2479 baec.
1278 2445 1398 2478 duritia
1423 2447 1571 2488 servitii,
1609 2447 1635 2479 si

293 2511 365 2542 sieri
386 2511 503 2553 possit,
529 2514 562 2542 et
585 2510 696 2542 mitior
717 2512 773 2543 liat
791 2511 958 2545 Nemesis.
1004 2513 1116 2553 Atque
1136 2512 1168 2544 iu
1189 2511 1378 2544 exordio
1402 2516 1438 2544 ut
1459 2513 1505 2553 sit,
1529 2513 1635 2555 ipsum

294 2580 418 2610 statum
444 2576 493 2609 rei
520 2577 696 2620 proponit.;
724 2577 884 2611 describit
911 2582 943 2611 et
969 2578 1121 2620 queritur
1145 2577 1314 2610 miseriam
1342 2581 1375 2610 et
1397 2577 1530 2609 dolores
1552 2587 1636 2619 quos
