1721 2953
599 99 842 143 TIBULLL
1300 114 1389 140 cxci

44 228 132 267 cani
168 227 334 278 fingunt.
396 222 498 262 Cum
531 220 655 274 igitur
684 228 777 274 post
807 218 910 259 dicta
941 216 1220 259 antecedentia
1252 217 1389 255 onmia

44 303 203 342 clausae
244 306 433 340 maneant
479 299 613 348 fores;
666 296 847 337 suaviter
891 294 1014 334 ducta
1056 292 1152 332 inde
1193 291 1390 332 orationis

43 376 176 416 forma
205 375 402 415 exclamat
431 380 625 426 repente:
664 385 764 411 num
796 369 967 410 deorum
999 369 1100 409 iram
1130 368 1308 416 incurri,
1347 374 1391 405 ut

42 451 182 491 irritae
217 462 337 490 voces
374 462 489 488 meae
525 444 639 487 sint?
695 445 763 486 Sic
799 446 920 486 etiam
954 446 1019 485 hic
1050 446 1226 497 abrupta
1258 443 1391 483 oratio

43 524 333 577 pulcherrima.
413 524 627 564 Postremo
671 521 812 561 afferri
851 520 972 561 debet
1014 522 1127 560 locus
1167 520 1205 571 Ι,
1241 523 1287 569 5,
1323 521 1392 559 47.

42 613 164 654 quem
198 599 378 638 Baebius
416 606 456 638 et
488 597 726 641 Huschkius
766 611 895 650 prava
934 595 1267 649 interpunctione
1301 607 1394 634 cor-

41 688 203 727 rupere.
262 673 341 713 Sed
380 673 572 713 Tibullus
613 680 708 725 post
748 673 1048 725 expositionem
1087 682 1394 718 aerumnarum,

43 763 143 803 quas
185 749 331 789 Deliae
377 747 549 802 perfidia
595 749 632 788 ei
676 749 890 797 attulerat,
947 748 1093 799 plenus
1139 744 1282 784 dolore
1326 743 1391 782 his

42 825 177 867 verbis
216 825 393 877 graviter
430 824 563 877 pergit
603 822 654 863 ad
694 837 835 863 causas
880 821 1099 861 infortunii
1139 821 1392 873 alteramque

43 900 233 939 carminis
275 908 461 952 partem:
513 900 624 939 Haec
665 912 822 938 nocuere
861 898 970 947 mihi,
1023 896 1123 950 quod
1162 896 1269 934 adest
1308 896 1394 934 huic

42 975 140 1014 dives
179 983 349 1024 amator,
396 976 497 1014 Venit
535 978 572 1013 in
612 977 761 1013 exitium
800 974 942 1012 callida
982 973 1065 1011 lena
1102 985 1244 1020 meum,
1293 983 1393 1023 pro-

42 1051 172 1090 fectus
205 1052 327 1090 etiam
356 1051 422 1090 hic
454 1066 476 1090 a
507 1059 594 1090 toto
625 1051 844 1102 complexu
880 1046 1208 1087 antecedentium
1239 1060 1394 1086 rerum.

43 1127 178 1179 Atque
213 1126 311 1165 haec
348 1125 397 1164 de
430 1125 507 1165 his.
565 1126 778 1164 Postremo
812 1125 840 1163 ii
871 1137 1037 1176 quoque
1068 1122 1149 1162 loci
1170 1123 1396 1173 'abruptam

43 1202 272 1241 orationem
311 1202 486 1251 habent,
525 1201 568 1239 in
607 1201 759 1254 quibus
793 1200 930 1238 subito
963 1205 1147 1237 mutatur
1180 1197 1394 1236 sententia.

43 1276 126 1314 Sed
166 1275 215 1315 de
255 1276 330 1316 hac
364 1276 495 1326 figura
533 1289 657 1327 supra
693 1272 858 1313 abunde
898 1273 1144 1325 expositum.
1202 1272 1300 1310 Post
1335 1273 1396 1312 vi-

43 1350 246 1390 vidiorem
285 1357 445 1389 motum
483 1357 805 1388 consentaneum
846 1355 906 1387 est
943 1346 992 1386 ad
1029 1346 1274 1386 sedatiorem
1313 1354 1394 1386 sta-

45 1435 130 1464 tum
173 1424 362 1465 revocari
401 1432 604 1474 mentem3
659 1437 787 1477 quare
835 1437 928 1462 611111
970 1423 1149 1462 maxime
1198 1422 1395 1461 naturalis

42 1501 142 1540 haec
181 1499 352 1539 mutatio
394 1500 470 1551 sit,
518 1500 621 1538 licet.
651 1506 821 1551 repente
861 1497 955 1547 fiat,
1007 1511 1094 1536 non
1143 1496 1397 1537 offendimur

43 1589 178 1628 neque
230 1576 309 1616 hoc
362 1575 530 1615 nomine
582 1582 827 1615 accusarunt
877 1573 1105 1613 Tibullum.
1190 1572 1247 1612 Ut
1292 1573 1398 1612 nihil

42 1660 256 1704 praeterea
296 1651 457 1690 addam.
514 1652 580 1690 Tu
614 1663 714 1691 vero
753 1658 848 1702 post
885 1651 986 1689 haec
1026 1650 1164 1689 omnia
1207 1663 1395 1702 quaeras,

43 1740 128 1780 quo
162 1727 252 1766 iure
293 1727 463 1765 omnino
507 1725 710 1764 exstiterit
747 1725 821 1763 iste
863 1725 1018 1764 clamor
1056 1724 1105 1764 de
1146 1726 1246 1765 locis
1289 1728 1395 1765 male

44 1801 189 1842 vinctis
221 1799 331 1854 apud
357 1800 588 1848 Tibullum,
622 1799 695 1853 qui
726 1799 909 1850 egregius
939 1799 1088 1839 artifex
1120 1807 1197 1850 est,
1227 1800 1397 1841 vitiosos

45 1885 182 1915 autem
222 1875 417 1915 transitus
459 1887 665 1927 nusquam
706 1874 854 1924 habet,
906 1875 1040 1926 qualis
1080 1874 1146 1915 hie
1187 1883 1246 1914 est
1286 1876 1397 1928 apud

44 1950 304 2004 Lygdamum
347 1949 427 1999 III,
460 1952 507 1999 6,
541 1951 605 1988 13.
677 1947 785 1988 Nam
828 1948 886 1987 ibi
914 1949 980 1987 Ille
1022 1949 1113 1987 deus
1153 1948 1283 1990 Amor
1325 1958 1397 2002 est,

46 2038 138 2063 cum
185 2033 320 2064 tamen
371 2022 421 2062 de
472 2023 580 2063 curis
631 2021 800 2077 quidem
852 2023 1004 2063 amoriS
1054 2022 1206 2063 dictum
1256 2025 1308 2064 sit
1355 2027 1398 2065 in

46 2098 403 2148 antecedentibus,
459 2112 544 2137 non
592 2106 727 2138 autem
773 2097 822 2137 de
870 2097 946 2137 deo
989 2098 1168 2149 Amore,
1229 2098 1301 2138 sed
1347 2100 1397 2140 (16

45 2175 223 2214 Baccho.
297 2172 421 2226 Apud
465 2174 677 2214 Tibullum
726 2187 856 2212 unum
898 2173 1117 2213 transitum
1165 2174 1399 2227 improbavi

44 2252 105 2300 ΙΙ,
140 2255 187 2301 3,
219 2254 287 2289 33.
325 2251 414 2299 34.,
470 2248 542 2288 sed
582 2263 677 2288 eum
718 2249 762 2288 in
802 2248 1006 2298 carmine,
1060 2247 1175 2302 quod
1212 2249 1398 2291 ultimam

46 2340 213 2365 manum
254 2326 431 2366 auctoris
474 2337 557 2363 11011
596 2322 762 2364 videtur
801 2331 1041 2375 expertum,
1090 2337 1165 2364 nec
1202 2326 1397 2367 vitiosum

47 2401 157 2440 hunc
191 2400 305 2452 dico,
347 2399 419 2440 sed
453 2413 539 2438 non
574 2400 798 2451 optimum,
840 2399 911 2451 qui
945 2399 1039 2450 eligi
1074 2407 1248 2452 poterat.
1310 2402 1397 2444 Ob-

47 2477 209 2517 servavi
252 2489 351 2518 vero
399 2475 519 2514 etiam
568 2475 764 2527 pulchros
811 2474 1054 2514 transeundi
1096 2475 1242 2516 modos
1287 2493 1399 2520 com-

46 2552 213 2606 plures,
275 2565 378 2605 quos
426 2559 570 2591 notare
618 2548 823 2589 debebant
869 2550 941 2602 qui
991 2557 1070 2590 tam
1119 2555 1300 2606 prompti
1346 2555 1397 2594 ad
