1721 2953
306 145 384 181 :502
609 136 979 199 COMMENTAR.
1011 140 1069 180 IN
1101 141 1330 183 TIBULLI

307 254 557 301 stipendiis
583 253 814 288 faciendis
838 255 1050 298 cogitare
1076 255 1261 300 incipit,
1286 260 1333 290 ut
1359 256 1509 300 fugiat
1533 267 1646 292 amo-

306 325 367 357 ris
392 331 651 364 aerumnas,
675 320 751 355 sed
777 320 958 356 frustra.

398 389 440 423 V.
467 392 485 422 1
513 399 563 431 sq.
612 387 776 421 Macer.
825 389 1002 433 Apponam
1028 390 1173 424 Himm
1199 390 1321 424 verba:
1362 390 1451 432 „Est
1483 391 1646 425 Aemilius

305 457 424 490 Macer
447 454 678 495 Veronensis,
713 453 836 487 nobili's
861 458 985 498 poeta,
1023 455 1149 489 Ovidio
1173 459 1255 489 natu
1279 456 1407 498 maior,
1442 456 1587 499 Virgilio
1612 459 1647 489 et

302 520 442 554 Tibullo
477 519 549 552 fere
585 518 751 562 aequalis.
809 519 956 563 Scripsit
988 519 1295 564 Ornithogoniam‚
1332 521 1501 554 Tlieriaca
1534 525 1569 554 et
1604 520 1647 554 de

303 587 444 621 Herbis.
501 585 613 619 Multa
649 585 693 619 de
727 596 769 619 eo
805 585 907 620 docte
945 587 1120 629 congessit
1158 588 1440 621 Bnoucxnusms
1477 587 1521 621 ad
1557 587 1590 620 h.
1624 588 1646 620 l.

303 652 402 686 Adde
440 651 588 685 MAFFEI
623 651 794 684 Veronam
828 651 985 684 illustrat.
1020 651 1062 685 P.
1087 651 1132 685 11.
1167 663 1219 696 pr.
1278 653 1524 687 Circumfertur
1559 663 1648 686 nunc

301 720 367 753 sub
392 719 464 752 eius
488 718 623 751 nomine
657 717 744 750 liber
776 716 819 750 de
844 717 970 749 viribus
996 715 1191 750 herbarum.
1241 717 1404 751 Diversus
1428 718 1470 751 ab
1496 717 1561 751 hoc
1584 718 1649 751 suit

304 789 352 830 is,
389 787 446 829 qui
480 786 585 819 Iliaca
619 784 756 827 scripsit
791 783 853 826 (de
881 793 948 826 quo
983 783 1050 818 vid.
1079 784 1121 817 ad
1147 785 1296 818 Vmcn..
1332 785 1408 819 libr.
1432 785 1477 818 ΙΙ.
1503 784 1590 818 Exc.
1617 785 1647 819 1.

304 864 337 896 p.
359 851 473 894 306.),
499 860 600 893 quem
625 849 803 882 confusum
829 859 906 882 cum
932 849 991 881 illo
1016 849 1118 882 etiam
1143 860 1162 882 a
1188 849 1450 883 Buoncxnnsm
1477 853 1511 883 et
1535 861 1555 883 a
1580 861 1646 893 me,

305 924 384 964 post
408 920 493 952 alios
525 917 687 952 discrevit
712 917 964 950 wssnNsnonF.
995 916 1095 949 Poet.
1125 915 1204 950 Lat.
1229 916 1314 950 Min.
1345 916 1387 949 T.
1411 916 1472 950 IV.
1505 928 1539 959 p.
1565 919 1647 949 579.

303 987 413 1021 5sso.“
432 1003 478 1012 —
509 986 675 1020 Castra
700 985 934 1027 sequitur,
958 989 996 1016 ut
1020 983 1159 1016 Luem.
1185 982 1337 1017 Pharsal.
1362 983 1406 1025 X,
1431 985 1520 1016 407:
1547 982 1650 1015 nulla

301 1053 393 1097 fides
413 1052 601 1098 pietasque
625 1051 732 1088 viris,
768 1050 830 1096 qui
855 1056 977 1083 castra
1001 1056 1218 1095 sequamur,
1253 1049 1411 1081 laudante
1436 1049 1577 1082 vimmo
1612 1052 1647 1081 et

308 1122 619 1154 WUNDancnlo.
669 1118 766 1152 Adde
792 1118 901 1150 Ovm.
928 1117 1063 1150 Amorr.
1088 1116 1150 1157 111,
1174 1119 1208 1157 8,
1233 1118 1298 1148 26:
1327 1115 1474 1152 Discite,
1501 1115 1562 1161 qui
1587 1127 1648 1148 sa-

301 1187 411 1232 pitis,
448 1198 516 1218 non
550 1195 641 1230 qaae
676 1196 738 1216 nos
765 1183 895 1216 scimus
921 1182 1073 1220 inertes,
1109 1182 1179 1215 Sed
1209 1182 1366 1226 trepidas
1391 1182 1484 1215 acies
1507 1189 1543 1214 et
1560 1182 1650 1228 fera

305 1258 430 1285 castra
454 1250 564 1297 sequi.
612 1249 678 1282 Est
713 1252 829 1282 notum
861 1248 924 1281 sub
959 1247 1161 1281 Caesaribus
1195 1248 1349 1290 legiones
1374 1248 1407 1281 in
1440 1250 1561 1281 castris
1588 1246 1649 1280 ha-

305 1319 395 1351 bitas
431 1318 522 1350 circa
556 1317 642 1349 fines
674 1315 829 1358 imperii,
865 1312 956 1346 unde
992 1313 1156 1357 imprimis
1189 1312 1239 1345 his
1263 1313 1471 1357 temporibus
1496 1313 1648 1356 legitime

307 1389 421 1417 castra
443 1393 492 1426 pr.
518 1381 640 1414 militia
665 1379 767 1412 dicta.
790 1397 833 1402 —
877 1382 1034 1410 tenero
1070 1377 1174 1419 quid
1212 1377 1296 1410 fiet
1330 1377 1506 1410 Amori?
1556 1378 1649 1410 Con-

305 1449 413 1482 tendit
441 1448 652 1481 Huscnxms
677 1444 807 1477 Amore
832 1442 1045 1476 scribendum
1072 1453 1170 1484 esse,
1194 1446 1232 1475 ut
1257 1444 1359 1485 vulgo
1386 1443 1528 1476 dicitur:
1564 1444 1646 1486 quid

304 1515 364 1547 illo
390 1515 467 1555 fiet,
501 1511 584 1554 quid
609 1520 664 1543 me
689 1509 839 1542 futurum
866 1512 939 1550 est,
973 1508 1053 1551 quid
1079 1512 1113 1541 te
1139 1507 1265 1541 factum
1296 1511 1366 1549 est,
1397 1512 1431 1541 et
1456 1519 1543 1551 quae
1568 1513 1646 1541 sunt

306 1579 497 1616 huiusmodi
522 1579 639 1612 multa.
689 1577 760 1610 Sed
786 1576 935 1609 dativum
961 1576 1043 1608 satis
1068 1579 1209 1608 tuentur
1232 1576 1389 1608 Ovmms
1415 1576 1488 1610 Art.
1515 1578 1590 1610 Am.
1616 1577 1645 1618 l,

303 1650 393 1680 536:
415 1643 577 1689 perfidus
600 1640 661 1673 ille
687 1639 800 1672 abiit.-
828 1638 916 1685 quid
940 1637 1026 1670 mihi
1042 1638 1126 1681 fiet,
1152 1638 1207 1670 ait
1235 1638 1434 1682 (Ariadna),
1460 1645 1495 1673 et
1520 1642 1648 1674 lems

305 1712 381 1744 libr.
406 1709 520 1750 XLV,
552 1718 582 1740 c.
613 1709 678 1739 39:
728 1704 826 1749 Quid
849 1704 971 1737 deinde
996 1711 1071 1736 tam
1097 1703 1230 1748 opimae
1250 1705 1427 1749 praedae,
1461 1712 1536 1738 tam
1563 1719 1652 1751 opu-

305 1777 423 1810 lentae
457 1773 626 1808 victoriae
663 1771 784 1816 spoliis
812 1770 903 1814 fiet,
943 1771 1000 1804 ubi
1037 1771 1126 1805 conf.
1159 1772 1373 1815 DRAKENB„
1410 1778 1445 1807 et
1479 1775 1650 1808 PnAv'rus

306 1843 498 1879 Mostellar.
523 1841 586 1882 III,
611 1842 644 1881 2,
670 1842 738 1872 88:
779 1837 1027 1871 Alexandrum
1064 1840 1240 1883 lllagnum
1273 1845 1382 1884 atque
1416 1839 1650 1885 Agathoclem

306 1908 412 1941 aiant
437 1916 621 1939 maxumas
645 1905 729 1935 Duo
754 1914 808 1935 res
832 1902 1003 1948 gessisse:
1029 1902 1117 1948 quid
1140 1903 1224 1935 mihi
1240 1904 1313 1947 fiet
1339 1904 1463 1942 tertio,
1494 1906 1565 1950 Qui
1591 1918 1651 1939 so-

306 1973 366 2006 lus
397 1971 502 2018 facio
532 1969 705 2016 facinora
741 1968 967 2002 immortalia.
1028 1971 1127 2005 Quae
1158 1971 1224 2004 iam
1256 1972 1417 2005 VULPIUS
1450 1974 1574 2006 attulit.
1601 1992 1648 1998 —-

309 2041 380 2073 Sit
406 2047 573 2078 comes,
599 2036 711 2068 socius
737 2037 887 2078 militiae,
914 2042 948 2070 et
967 2038 1148 2071 comitetur
1169 2038 1320 2071 Macrum
1340 2038 1464 2080 ubique
1489 2042 1647 2081 tanquam

309 2104 515 2143 commilito,
552 2112 646 2134 arma
680 2101 792 2134 ferens
825 2106 858 2135 et
894 2103 1027 2136 labores
1062 2104 1211 2136 tolerans
1236 2108 1273 2136 ut
1298 2103 1430 2137 ceteri?
1482 2104 1649 2145 Armigeri

307 2180 429 2203 munus
454 2178 522 2201 non
548 2167 728 2200 convenire
755 2166 819 2199 deo
847 2168 996 2200 Vossms
1029 2172 1064 2200 et
1090 2168 1301 2201 Huscnxrus
1327 2172 1549 2209 monuerunt,
1586 2178 1648 2201 nec

308 2239 404 2279 patet
438 2233 518 2276 quid
552 2232 733 2276 profuisset
768 2230 821 2264 liic
857 2232 933 2264 talis
965 2233 1070 2265 fictio.
1129 2233 1294 2268 Quaestio
1331 2232 1414 2267 haec
1446 2236 1518 2265 est:
1558 2232 1647 2266 Num

308 2303 430 2344 perget
456 2299 574 2332 Macer
605 2299 706 2331 etiam
738 2298 771 2330 in
804 2299 924 2331 castris
949 2299 1064 2332 fovere
1090 2299 1151 2332 hos
1175 2310 1294 2332 sensus
1320 2300 1522 2339 amatorios,
1557 2297 1647 2340 quod

308 2365 466 2398 Tibullus
498 2364 633 2407 poetice
667 2364 713 2396 ita
746 2363 850 2396 dixit:
890 2363 980 2397 Num
1014 2365 1117 2397 etiam
1154 2365 1185 2397 in
1221 2365 1341 2398 castris
1368 2365 1471 2396 Amor
1503 2372 1578 2394 cum
1605 2372 1647 2394 eo

310 2431 373 2463 erit
409 2433 567 2471 tanquam
601 2430 713 2462 socius
749 2430 1005 2475 inseparabilis,
1041 2431 1296 2475 comparatione
1323 2430 1428 2473 petita
1452 2428 1494 2460 ab
1520 2429 1648 2470 amicis,

310 2495 366 2536 qni
393 2495 495 2527 etiam
530 2495 562 2526 in
597 2495 721 2527 bellum
757 2500 945 2537 sequuntur
978 2497 1065 2529 alter
1092 2498 1257 2537 alterum,
1293 2505 1358 2527 una
1382 2494 1545 2534 militant,
1583 2504 1647 2526 una

309 2559 422 2593 ferunt
448 2559 582 2592 labores
608 2569 736 2593 omneS.
765 2579 804 2585 -—
850 2562 973 2594 collo
1007 2566 1156 2603 gerat,
1194 2560 1224 2593 li.
1252 2571 1282 2594 e.
1318 2570 1360 2592 ex
1387 2560 1474 2592 collo
1499 2570 1647 2602 appensa

310 2628 435 2669 portet.
485 2625 661 2659 Quaenam
699 2624 783 2658 haec
820 2626 926 2659 sunt?
977 2629 1082 2660 Amor
1115 2626 1193 2658 licet
1230 2624 1325 2658 miles
1358 2634 1422 2656 non
1451 2628 1561 2656 tamen
1588 2623 1647 2656 ha-
