1721 2953
481 139 624 182 LIBR.
654 137 685 177 I.
744 133 903 175 ELEG.
935 135 988 175 X.
1330 136 1405 173 197

64 256 142 291 dere
167 254 307 302 capillo.
332 273 374 280 —-
416 254 527 289 Porro
553 252 721 295 exigua
759 251 800 284 in
837 249 945 284 aede
983 248 1013 282 h.
1047 258 1077 283 e.
1106 248 1138 282 ln
1176 247 1263 282 atrio
1289 256 1405 292 parvo,

63 333 141 357 cum
173 321 323 357 nondum
358 324 426 354 tam
458 327 602 361 magnae
635 320 670 350 et
696 315 896 359 magnificae
922 315 1043 349 domus
1068 317 1193 350 essent.
1242 313 1405 357 Singula-

62 402 134 426 rem
159 401 211 436 pr.
236 393 309 424 tota
334 388 434 422 domo
460 390 579 420 contra
603 395 702 419 usum
727 395 794 418 non
820 383 964 427 accipio,
989 393 1101 427 neque
1126 393 1212 428 opus
1237 380 1300 416 hoc
1326 391 1404 426 per-

63 457 169 500 fugio.
218 455 282 489 Est
306 453 410 487 aedes
435 462 515 497 pars
541 453 680 492 domus,
712 450 875 484 conclave
903 459 1025 491 omne,
1057 459 1161 493 quare
1186 446 1268 482 nihil
1292 447 1405 481 obstat

62 533 129 566 quo
167 523 278 556 minus
315 520 358 555 de
395 520 482 554 atrio
518 519 672 562 cogites,
712 517 770 551 ubi
807 516 942 551 stabant
979 516 1101 551 Lares.
1165 516 1216 549 Ac
1252 514 1407 549 similiter

61 589 206 624 HoRA'r.
230 588 260 630 Ι,
283 591 341 630 30,
367 589 408 621 4:
449 585 620 631 Glycerae
646 584 806 617 decoram
838 582 957 615 <zeelem
992 582 1035 616 de
1068 582 1156 615 atrio
1189 581 1333 625 accipio.
1360 595 1407 604 -

60 654 104 689 V.
128 655 173 686 21
200 663 273 696 sqq.
321 651 429 687 Vides
462 649 715 694 simplicitatem
755 645 930 692 pulchram
966 646 1098 690 priscae
1131 645 1264 679 aetatis.
1313 643 1405 677 Lau-

59 720 154 754 davit
178 720 338 753 S'm'rms
364 715 546 761 Sophoclis
569 725 686 749 versus
710 725 729 747 e
753 712 899 756 Polyido
924 723 978 756 ap.
1003 712 1198 746 Poanfn.
1223 710 1266 744 de
1290 709 1406 744 Absti-

60 792 151 821 nent.
191 786 264 820 libr.
297 785 341 819 IL
383 783 427 817 cs.
461 783 641 816 Sopnocr„
675 781 873 823 Fragment.
910 779 1058 812 Brunck.
1096 790 1129 821 p.
1153 778 1233 811 440.
1294 776 1407 809 Discis

59 858 173 888 autem
199 852 253 886 hic
279 851 425 885 Laribus
448 850 636 891 ruralibus,
671 849 729 891 qui
755 857 883 882 messes
909 850 944 879 et
971 845 1058 879 bona
1085 845 1162 878 vina
1188 844 1334 886 dabant,
1368 848 1406 876 ut

59 929 136 953 cum
161 921 263 963 poeta
288 918 418 960 loquar,
444 916 470 958 Ι,
497 918 529 957 1,
553 917 633 956 24.,
671 914 760 947 facta
795 922 906 946 messe
937 916 973 946 et
1004 910 1173 945 vindemia
1196 920 1295 944 uvam
1321 910 1407 943 liba-

59 989 128 1018 tam
163 988 198 1018 et
232 992 392 1016 coronam
425 981 575 1026 spiceam
612 979 805 1024 impositam
840 978 954 1022 capiti.
1018 977 1116 1011 Haec
1151 977 1287 1020 quidem
1320 979 1408 1010 stata

58 1050 222 1083 festorum
247 1058 353 1082 sacra.
379 1065 426 1072 —
469 1048 627 1090 Atque.
676 1045 797 1087 Pergit
821 1054 910 1078 nunc
934 1042 977 1077 ad
1001 1044 1186 1088 peculiaria
1212 1046 1246 1077 et
1269 1042 1409 1076 maiora.

59 1115 160 1150 Unde
194 1115 296 1149 etiam
328 1114 538 1148 constructi0
572 1115 713 1145 mutata.
763 1113 875 1154 Atque
903 1111 937 1143 in
971 1109 1118 1153 graviori
1152 1116 1278 1150 causa,
1314 1107 1408 1149 dicit,

61 1182 118 1215 ubi
146 1181 220 1225 quis
249 1184 364 1215 votum
389 1180 518 1213 fecerat
542 1187 652 1221 eoque
680 1177 808 1220 potitus
834 1177 949 1220 paullo
983 1176 1091 1209 maius
1125 1174 1330 1208 sacrificium
1355 1171 1410 1206 of-

59 1246 150 1281 ferre
175 1247 342 1289 debebat,
370 1247 437 1280 liba
463 1250 498 1280 et
521 1246 587 1279 mel
614 1245 749 1278 dabant.
800 1243 965 1277 Attendes
992 1242 1097 1286 igitur
1121 1241 1164 1275 ad
1188 1241 1291 1275 verba
1315 1239 1410 1274 voti

62 1326 238 1359 compos
272 1315 306 1347 in
340 1314 509 1358 principio
545 1313 676 1357 posita,
711 1312 791 1355 quia
825 1311 866 1343 iis
898 1310 1071 1354 oppositio
1105 1309 1224 1342 nititur
1248 1305 1347 1340 huius
1372 1310 1408 1339 et

59 1380 293 1416 antecedentis
317 1377 463 1412 distichi.
514 1378 638 1412 Veram
675 1377 839 1410 rationem
876 1375 978 1409 etiam
1004 1374 1324 1408 WUNnssRmcnms
1359 1371 1411 1405 vi-

60 1450 165 1484 derat.
216 1447 381 1482 Conferes
405 1446 538 1488 ‘vel-ba:
579 1444 739 1478 resoluta
773 1454 909 1480 comas,
947 1442 989 1476 cf.
1026 1442 1053 1484 Ι,
1088 1444 1122 1484 3,
1156 1443 1213 1474 31.
1239 1458 1285 1464 -—
1326 1439 1411 1473 Mox

59 1518 159 1560 ipse
193 1515 365 1549 adiectum
401 1512 496 1547 vides
533 1517 673 1557 propter
708 1511 960 1556 oppositionem
994 1510 1082 1544 filiae
1115 1510 1148 1543 in
1184 1512 1410 1554 pentametro,

60 1584 143 1618 Sine
168 1594 208 1617 ea
231 1583 379 1616 alienum
414 1583 506 1615 esset
532 1578 742 1624 pronomen,
778 1588 855 1611 cum
891 1577 994 1611 etiam
1027 1587 1126 1610 uvam
1160 1581 1195 1610 et
1221 1579 1312 1609 serta
1337 1575 1410 1618 ipse

59 1652 164 1685 ferret
189 1649 270 1684 Lari
295 1652 411 1692 pater,
437 1650 475 1680 ut
501 1649 606 1690 patet.
634 1663 679 1668 -—
724 1643 827 1676 filia
854 1653 990 1686 parva
1014 1641 1171 1675 favum.
1222 1640 1412 1674 Conserunt

60 1719 168 1752 Ovm.
194 1717 289 1750 Fast.
315 1715 359 1756 Π,
382 1716 464 1747 651.
491 1714 523 1746 in
548 1709 820 1745 Terminalibusz
854 1708 935 1741 inde
960 1706 1021 1740 ubi
1052 1713 1106 1740 ter
1123 1707 1257 1753 fruges
1283 1707 1411 1740 medios

60 1782 202 1816 immisit
227 1782 265 1814 in
296 1780 415 1826 ignes,
445 1776 600 1824 porrigit
624 1776 751 1810 incisos
770 1775 858 1820 filia
879 1785 997 1819 parva
1021 1773 1146 1820 favos.
1170 1792 1214 1798 —-·
1257 1774 1411 1817 Denique

62 1861 215 1897 purum
250 1849 294 1883 ad
330 1852 506 1888 ornatum,
546 1850 583 1879 ut
618 1846 684 1878 mel
722 1854 855 1888 purum.
883 1862 927 1867 —
978 1844 1020 1877 V.
1045 1844 1105 1876 25.
1136 1844 1193 1875 26.
1234 1846 1409 1883 aerata3

60 1928 182 1959 saeva,
230 1915 433 1961 perniciosa.
495 1914 584 1946 Sunt
621 1911 760 1954 hastae,
804 1911 913 1944 iacula
951 1909 1091 1954 cuspide
1129 1920 1238 1944 aerea.
1307 1911 1409 1946 Quod

62 1986 212 2020 Vossms
243 1983 285 2016 de
310 1981 488 2025 Aquitanis
517 1981 668 2023 cogitat,
703 1978 792 2023 apud
825 1989 910 2022 quos
936 1987 994 2011 aes
1020 1975 1231 2017 fodiebatur,
1266 1976 1409 2009 alienum

62 2054 113 2085 est
146 2051 189 2084 ab
223 2048 288 2083 hoc
321 2049 409 2081 loco.
459 2046 645 2082 Videamus
680 2050 807 2079 cetera.
856 2045 976 2078 Disces
1010 2054 1090 2077 vero
1115 2054 1204 2077 nunc
1229 2053 1289 2076 cur
1314 2048 1410 2077 ante—

61 2116 187 2150 cedens
212 2111 379 2148 distichon
404 2111 586 2145 addiderit.
637 2110 770 2154 Nempe
805 2113 923 2143 votum
956 2112 991 2142 et
1021 2109 1095 2152 ipse
1119 2108 1210 2141 facit.
1261 2108 1326 2141 Est
1348 2118 1411 2141 au*

62 2188 131 2216 tem
158 2181 287 2215 Tibulli
313 2184 428 2213 votum
455 2189 517 2222 pro
543 2177 654 2211 reditu
680 2177 769 2210 felici
794 2187 813 2210 e
838 2177 952 2217 bello,
986 2176 1018 2209 in
1044 2186 1111 2218 qua
1137 2186 1174 2209 re
1199 2174 1410 2209 Huscuxms

62 2247 203 2292 egregie
237 2249 352 2280 monet
386 2245 526 2287 antiquo
561 2245 629 2277 ritu
670 2254 809 2287 porcum
848 2243 963 2276 voveri
999 2245 1035 2275 et
1073 2242 1238 2274 immolari
1273 2241 1410 2274 solitum

61 2313 133 2348 sive
158 2311 305 2346 Laribus
328 2310 400 2343 sive
424 2309 498 2343 aliis
524 2308 598 2342 diis.
648 2309 706 2342 Sic
732 2319 787 2352 ap.
812 2308 1061 2341 Tnssocmwm
1086 2307 1214 2348 XXIV,
1240 2310 1298 2341 97.
1347 2307 1411 2340 Ti2

63 2380 168 2414 resias
192 2379 377 2412 Alcmenae
402 2375 624 2420 praescribit:
652 2376 734 2418 Ζηνὶ
760 2372 794 2406 δ’
819 2372 984 2417 ἐῑιιρῥέξαι
1012 2374 1260 2417 καθυπερτὲρῳ
1286 2370 1408 2417 ἄρσε-ιε

62 2454 196 2492 χοῖρον,
230 2447 414 2484 ὁύςμενέων
450 2445 513 2476 αἰεὶ
548 2444 801 2487 καθυπέρτεροι
834 2437 877 2478 οἷς
900 2441 1083 2473 nasama.
1135 2441 1174 2474 L.
1204 2442 1411 2474 POMPONIUs

64 2525 118 2557 ap.
145 2513 295 2547 Gellium
321 2511 416 2553 XVI,
444 2514 474 2544 6.
504 2514 536 2543 el
566 2508 778 2543 Mam-obium
806 2509 942 2542 Saturn.
972 2508 1030 2550 vl,
1054 2510 1094 2541 9:
1123 2509 1234 2543 Mars,
1262 2507 1327 2539 tihi·
1351 2520 1410 2540 vo-

67 2590 126 2612 veo
146 2577 355 2623 facturum,
383 2576 413 2609 εἰ
438 2574 591 2611 rediero,
618 2573 753 2606 bidente
779 2584 886 2606 verre.
937 2573 1006 2607 Iam
1033 2573 1108 2607 vide
1134 2583 1257 2606 nexum
1284 2574 1412 2606 oratio-

67 2645 137 2678 nis:
176 2642 254 2686 Ego
280 2652 371 2684 νθῐο,
398 2642 518 2685 inquil,
544 2651 620 2676 cum
647 2653 664 2675 e
691 2640 780 2676 hello
807 2641 933 2676 servari
959 2640 1101 2684 cupiam,
1128 2650 1267 2684 porcum
1294 2650 1411 2680 voveo,⁴
