1721 2953
322 134 400 171 276
641 123 1012 169 COMMENTAR.
1037 126 1099 170 IN
1127 126 1164 167 T
1166 125 1359 170 IBULLI

321 248 461 289 aliisque
488 243 592 284 locis,
626 241 687 277 sed
712 240 905 278 huiusmodi
931 244 1068 279 oracula
1094 253 1160 277 non
1189 241 1379 276 babuerunt
1402 241 1501 285 Itali,
1530 247 1565 277 et
1589 253 1666 277 cum

321 323 400 348 mox
424 311 614 354 Sibyllinae
639 314 749 344 sortes
774 315 1014 352 memorentur,
1041 309 1134 354 quod
1159 320 1268 354 genus
1292 310 1412 346 simile,
1439 319 1505 353 ego
1529 311 1667 355 proprie

321 379 374 412 bio
399 388 518 411 vocem
543 376 674 420 accipio
711 385 788 410 cum
822 375 918 418 aliis,
957 379 996 409 ut
1020 374 1180 409 distincta
1205 385 1332 418 genera
1356 379 1517 419 quattuor
1541 373 1667 409 habea-

319 456 403 480 mus.
453 445 541 478 Cum
574 447 684 477 sortes
719 442 762 476 ab
797 442 1037 478 illustrioribus
1074 446 1145 476 tum
1171 440 1244 477 sere
1268 444 1566 476 contemnerentur
1591 439 1669 473 Ro-

317 522 392 545 mae
419 509 480 553 (cf.
507 509 551 544 ad
575 509 602 552 I,
627 511 661 552 3,
689 508 787 552 11.)‚
812 507 986 544 Hssnrms
1014 508 1156 553 opponit
1176 507 1286 553 plebis
1310 507 1588 552 superstitionem
1613 505 1668 538 ni-

318 577 380 610 mis
404 582 541 610 tenuem
566 585 641 608 esse
666 575 754 608 inter
778 572 838 608 has
871 574 1023 619 publicas
1058 571 1196 615 laudes,
1233 573 1393 606 concedit
1417 577 1532 606 tamen
1556 571 1667 604 Prae-

316 642 466 675 nestinas
504 644 615 674 sortes
654 650 755 685 posse
791 638 856 674 huc
891 639 1018 673 vocari.
1079 637 1127 671 Et
1167 635 1232 671 boc
1270 636 1444 672 faciamus.
1504 637 1668 671 Sum’ou.

317 707 435 741 Tiber.
460 709 526 740 63:
568 705 694 739 Vicina
723 716 804 738 vero
831 701 910 737 urbi
941 701 1087 736 oracula
1116 702 1225 735 etiam
1249 700 1407 735 disiicere
1431 707 1580 734 conatus
1603 705 1669 736 est,

317 772 380 805 secl
415 771 600 805 maiestate
636 769 951 804 Praenestinarum
983 767 1134 801 sortium
1171 765 1320 800 territus
1357 766 1508 800 destitit.
1567 764 1666 798 Unde

317 844 460 886 apparet
483 841 516 874 in
548 850 615 883 quo
641 838 769 872 honore
794 838 873 871 illae
906 837 1009 871 etiam
1033 840 1107 870 tum
1134 835 1268 870 fuerint.
1319 834 1408 869 Vide
1434 835 1532 878 plura
1556 831 1599 866 de
1624 832 1664 865 iis

317 919 371 953 ap.
398 907 526 941 Creme.
558 906 600 940 de
628 906 737 939 Divin.
765 904 810 946 ΙΙ,
835 905 892 937 41.
941 902 1014 936 Sed
1049 906 1145 936 erant
1170 905 1282 935 sortes
1313 899 1470 945 publicae
1503 899 1606 932 etiam
1632 899 1665 930 in

316 975 391 1008 aliis
416 974 568 1014 urbibus,
592 976 631 1005 ut
651 971 741 1015 apud
767 970 936 1010 Caeritas,
960 968 1040 1002 Lw.
1066 966 1164 1008 XXI,
1189 968 1247 1000 61.
1274 965 1333 999 ubi
1359 963 1449 998 conf.
1473 963 1666 1007 interprett.

316 1040 414 1074 Adde
440 1039 682 1073 Nrssnmmmm
714 1036 848 1069 Histor.
872 1035 975 1067 Rom.
1001 1033 1045 1066 Τ.
1069 1031 1098 1065 Ι.
1124 1043 1157 1075 p.
1183 1033 1253 1064 565
1278 1040 1352 1073 sqq.
1379 1028 1423 1061 de
1449 1027 1512 1062 hoc
1536 1037 1664 1071 genere

315 1106 565 1150 disputantem,
591 1101 682 1147 quod
707 1101 858 1134 maxime
882 1099 1040 1133 Italicum
1064 1096 1224 1138 videtur,
1250 1099 1288 1129 ut
1310 1095 1468 1128 Tibullus
1492 1095 1592 1128 aliter
1613 1095 1664 1127 in-

315 1171 423 1214 telligi
445 1180 511 1204 non
533 1169 667 1203 debeat.
689 1184 734 1192 —
761 1163 1023 1210 praesentit
1047 1162 1120 1197 scil.
1140 1161 1266 1203 futura,
1292 1161 1448 1195 absolute
1467 1160 1605 1194 dictum.
1619 1177 1666 1184 —-

314 1250 408 1273 cum
433 1239 542 1272 deus
569 1240 670 1270 exta
693 1234 725 1269 h.
753 1245 782 1268 e.
809 1235 904 1267 iecur
929 1231 1095 1272 maxime,
1120 1229 1326 1272 signavit
1350 1229 1492 1270 notis,
1521 1228 1665 1271 impres-

316 1306 361 1338 sit
394 1305 494 1347 signa
531 1302 655 1342 futuri,
693 1299 806 1343 qualia
842 1298 1007 1332 describit
1038 1296 1244 1331 Mamaos
1269 1295 1301 1328 in
1327 1295 1413 1328 libro
1445 1294 1488 1328 de
1511 1294 1666 1327 Etruscis

314 1371 414 1403 Tom.
440 1368 486 1402 ΙΙ.
526 1379 557 1410 p.
598 1368 666 1399 182
691 1376 764 1407 sqq.
830 1362 882 1397 Ad
920 1373 951 1396 v.
988 1366 1094 1393 notae
1130 1361 1248 1394 confer
1285 1371 1362 1393 cum
1401 1361 1665 1393 Bizonen-mrsu>

315 1436 415 1470 Ovid.
442 1436 525 1467 Met.
553 1433 628 1474 vll,
654 1435 744 1466 600:
781 1429 891 1463 Fibra
918 1440 1054 1475 quoque
1080 1439 1189 1474 aegra
1214 1433 1319 1460 notas
1343 1427 1417 1460 veri
1442 1427 1666 1474 monitusque

316 1504 456 1537 deorum
491 1499 716 1534 Prodiderat.
778 1496 875 1531 Adde
911 1497 1097 1531 Vummm.
1156 1495 1282 1529 Graeci
1321 1502 1458 1539 σημεῖον
1495 1495 1666 1536 dixerunt,

312 1576 352 1605 ut
387 1571 490 1605 Sum.
529 1572 563 1603 et
600 1566 764 1599 Hnsrcu.
801 1573 834 1596 v.
867 1557 968 1602 λοβὸς
1003 1559 1087 1593 haec
1122 1558 1267 1592 liabent:
1309 1556 1447 1603 σημεῖόν
1479 1571 1515 1591 τι
1551 1561 1584 1592 ἓν
1615 1561 1665 1603 τῷ

315 1633 433 1681 ἥπατι,
460 1655 499 1660 -
542 1633 762 1672 Lubrica,
799 1633 837 1662 ut
860 1638 965 1672 saepe
990 1627 1129 1660 difficile
1155 1627 1200 1660 sit
1224 1630 1344 1660 tenues
1368 1626 1544 1669 fluxasque
1568 1632 1666 1662 notas

314 1707 528 1748 dignoscere.
557 1720 603 1726 —
656 1700 697 1733 V.
733 1701 776 1731 15
809 1708 861 1739 sq.
910 1694 1104 1737 Sibylla.
1161 1694 1277 1736 Aegre
1315 1704 1416 1727 careo
1452 1693 1505 1728 bic
1542 1705 1571 1729 v.
1611 1701 1666 1727 est

315 1772 393 1805 inde
420 1771 462 1803 ab
489 1768 563 1802 ΑΜ.
590 1768 692 1799 1515.
721 1764 821 1804 lecto,
848 1771 925 1795 cum
952 1759 1179 1805 oppositionis
1204 1760 1292 1793 ratio
1318 1761 1469 1805 postulet
1495 1764 1530 1794 ut
1550 1763 1664 1805 paullo

312 1840 486 1873 fortiorem
513 1838 690 1868 accentum
715 1843 745 1865 v.
771 1828 910 1874 Sibylla
936 1827 1078 1870 babeat,
1104 1828 1159 1861 cui
1185 1828 1236 1862 rei
1261 1828 1422 1862 inserviet
1446 1829 1574 1873 optime
1598 1835 1663 1865 est,

312 1906 355 1940 cf.
379 1906 420 1940 ad
446 1906 474 1946 Ι,
502 1906 533 1945 1,
557 1904 613 1935 34.
663 1901 777 1943 Saepe
803 1898 1008 1932 monuimus.
1058 1896 1130 1930 Sed
1155 1895 1336 1930 dicendum
1363 1896 1406 1930 de
1431 1897 1574 1939 Sibyllis
1599 1902 1661 1939 est,

314 1975 355 2008 ‹le
378 1973 501 2017 quibus
525 1970 626 2003 etiam
652 1967 825 2000 Hssrmcs
851 1964 1049 2009 disputavit.
1099 1963 1208 1997 Erant
1241 1964 1395 2006 Sibyllae
1429 1969 1524 1998 vates
1556 1965 1663 2009 Apol-

312 2042 440 2081 lineae,
479 2036 668 2069 habitantes
706 2032 763 2065 nbi
799 2032 926 2074 templa
959 2030 1026 2063 dei.
1077 2028 1282 2062 Huiusmodi
1310 2030 1485 2063 oraculum
1518 2030 1663 2072 Sibylli-

311 2116 390 2139 num
418 2103 551 2137 eXstitit
574 2101 654 2133 olim
680 2100 784 2133 etiam
810 2097 899 2142 apud
927 2096 1153 2139 Gergitbios,
1187 2096 1244 2138 qui
1269 2096 1481 2130 Teucrorum
1506 2101 1661 2131 veterum

309 2171 475 2214 reliquiae
510 2179 529 2202 e
563 2176 671 2209 regno
706 2165 857 2198 Troiano
893 2163 1120 2198 consederant
1153 2163 1187 2195 iu
1214 2162 1407 2196 recessibus
1431 2162 1533 2204 Idae,
1570 2163 1660 2197 conf.

309 2239 503 2272 Hssnonor.
532 2234 606 2275 Vll,
631 2236 687 2266 43.
715 2234 861 2266 ΑΤΗΕΝ.
886 2232 947 2275 VI,
972 2234 1053 2272 256,
1080 2241 1110 2264 c.
1134 2256 1141 2259 .
1160 2229 1322 2262 Habebat
1348 2230 1437 2262 enim
1463 2229 1543 2262 urbs
1567 2230 1658 2261 Ger-

308 2306 361 2348 gis
395 2302 558 2346 templum
596 2304 693 2333 vetus
728 2298 916 2342 Apollinis,
954 2296 998 2331 cf.
1031 2298 1222 2330 STEPHAN.
1257 2295 1425 2328 Brzmw.
1461 2304 1492 2327 v.
1526 2294 1660 2337 Γέργις,

307 2371 438 2413 Sibylla
472 2372 584 2402 autem
613 2367 710 2400 istius
746 2365 896 2408 regionis
931 2364 1190 2407 Hellespontica
1224 2362 1316 2396 dicta
1349 2363 1420 2394 sive
1445 2361 1659 2404 Mermessia,

307 2437 349 2471 cf.
377 2436 564 2469 LAcTffi'r.
592 2433 674 2465 lnst.
700 2432 726 2473 1,
752 2435 792 2473 63
827 2442 904 2464 nam
933 2431 1141 2463 Mermessus
1173 2432 1246 2462 erat
1271 2423 1366 2469 κώμη
1391 2428 1581 2470 Γεργιθνία,
1616 2427 1659 2461 cf.

307 2506 411 2539 Sum.
461 2503 532 2535 lam
560 2499 721 2533 credibile
747 2503 799 2532 est
825 2497 877 2531 hic
902 2497 1062 2530 vaticinia
1086 2500 1161 2529 orta
1187 2494 1230 2527 de
1257 2502 1344 2525 novo
1369 2492 1452 2525 flore
1476 2493 1571 2535 regni
1597 2493 1660 2526 sub

308 2567 475 2602 Aeneadis
503 2566 635 2605 futuro,
671 2563 954 2607 quemadmodum
986 2562 1087 2594 etiam
1121 2558 1271 2592 Honrssm
1298 2559 1391 2592 locus
1417 2559 1660 2592 celeberrimus

309 2635 350 2667 de
384 2632 548 2666 Aeneadis
584 2631 625 2664 ad
661 2629 746 2663 banc
783 2630 902 2663 urbem
938 2626 1109 2671 pertinere
1144 2624 1277 2658 ridetur
1304 2625 1339 2658 ll.
1366 2624 1444 2668 XX,
1472 2627 1551 2658 307.
1601 2624 1660 2656 Sic
