1721 2953
597 93 838 135 TIBULLI.
1290 106 1390 130 (va

162 213 271 252 Rure
303 210 404 251 levis
434 220 562 249 verno
592 206 717 246 flores
746 204 833 257 apis
862 203 1008 255 ingerit
1036 205 1175 252 alveo,

217 285 429 337 Compleat
460 290 506 322 ut
540 281 649 321 dulci
682 281 814 321 sedula
847 281 967 319 melle
998 280 1128 319 favos.

49 362 201 402 Videas
231 359 371 400 eadem
402 359 448 397 in
479 357 566 397 aliis
601 356 745 397 formis
775 355 1119 395 enuntiationum.
1175 351 1241 394 Sic
1271 355 1390 405 vulgo

48 438 167 476 etiam
208 435 328 483 alias,
382 433 456 472 ubi
498 432 762 472 continuatur
801 429 910 470 idem
952 429 1203 479 subiectum,
1254 436 1392 469 amant

49 513 308 562 interponere
338 509 417 558 ille,
456 521 508 546 ne
538 508 729 558 langueat
758 505 914 555 oratio,
959 512 1005 544 ut
1036 506 1076 555 Ι,
1108 509 1156 553 2,
1187 508 1263 544 58:

155 585 220 623 Tu
250 592 389 622 tamen
422 582 625 622 abstineas
660 582 771 622 aliis:
811 595 908 620 nam
940 588 1074 621 cetera
1107 587 1245 621 cernet

216 657 387 700 Omnia:
428 657 478 698 de
509 672 575 698 me
606 671 691 698 uno
721 657 869 698 sentiet
901 658 958 696 ille
988 654 1114 704 nihil,

49 733 119 774 ubi
149 735 258 773 conf.
287 734 608 774 annotationem.
664 735 799 786 Atque
829 731 987 772 addunt
1016 729 1186 770 omnino
1219 728 1263 767 in
1294 741 1391 767 con-

48 808 275 848 tinuatione
319 808 502 848 eiusdem
549 807 864 849 constructionis
910 805 1099 846 secundis
1146 811 1216 844 aut
1263 803 1393 843 tertiis

47 885 238 924 membris
268 899 380 924 nunc
407 885 486 924 hoc
516 898 626 924 nunc
654 881 759 923 illud
788 881 839 923 ad
869 880 1062 922 alendum
1092 888 1132 920 et
1161 878 1392 932 augendum

47 960 243 1012 vigorem.
303 960 343 1009 Ι,
375 964 420 1010 6,
449 963 527 999 57:

157 1033 256 1075 Non
287 1047 360 1086 ego
390 1042 430 1074 te
460 1042 633 1088 propter
661 1047 787 1087 parco
820 1033 917 1083 tibi,
956 1030 1027 1073 sed
1057 1039 1127 1072 tua
1156 1037 1286 1071 mater

213 1110 284 1149 Me
315 1119 452 1151 movet
485 1119 607 1164 atque
636 1111 718 1149 iras
751 1124 871 1149 aurea
898 1108 1024 1149 vincit
1053 1122 1161 1148 anus.

45 1188 86 1234 Ι,
117 1189 162 1236 6,
192 1187 269 1225 46:

160 1260 272 1299 Haec
307 1258 378 1299 ubi
408 1259 604 1298 Bellonae
634 1266 750 1297 motu
779 1266 838 1298 est
869 1257 1037 1309 agitata,
1076 1271 1151 1296 nec
1189 1270 1322 1296 acrem

215 1333 462 1382 Flammam,
500 1346 585 1372 non
615 1346 741 1372 amens
773 1332 946 1374 verbera
974 1338 1081 1372 torta
1109 1331 1237 1370 timet.

44 1414 86 1465 I,
118 1417 166 1464 9,
195 1415 276 1451 22:

155 1486 241 1527 Ure
271 1499 409 1525 meum
442 1485 580 1538 potius
608 1483 772 1534 flamma
804 1491 926 1536 caput
956 1491 995 1522 et
1025 1491 1116 1535 pete
1148 1483 1258 1522 ferro

215 1559 379 1613 Corpus
410 1568 449 1600 et
477 1563 607 1600 intorto
637 1560 811 1602 verbere
844 1566 957 1610 terga
986 1571 1090 1599 seca.

46 1637 108 1688 ΙΙ,
141 1639 188 1685 1,
220 1639 297 1675 68:

158 1710 250 1763 Ipse
280 1710 469 1761 interque
499 1721 639 1758 greges
669 1709 861 1759 interque
895 1712 1081 1745 armenta
1110 1703 1270 1756 Cupido

214 1782 348 1824 Natus
379 1790 416 1822 et
445 1783 642 1821 indomitas
674 1779 823 1820 dicitur
857 1780 965 1820 inter
995 1791 1137 1833 equae.

49 1860 108 1909 ΙΙ,
142 1863 186 1910 1,
217 1862 284 1897 81.
314 1861 391 1897 82:

157 1933 328 1985 Sancte,
374 1932 471 1974 veni
500 1930 674 1984 dapibus
704 1930 840 1980 festis,
879 1927 950 1968 sed
984 1942 1092 1982 pone
1122 1926 1286 1979 sagittas

212 2009 264 2049 Et
292 2008 440 2062 procul
469 2005 657 2047 ardentes
687 2005 782 2045 hinc
813 2018 945 2058 precor
979 2002 1083 2043 abde
1113 2004 1233 2043 faces.

50 2085 91 2132 Ι,
123 2087 168 2133 6,
198 2087 274 2124 37:

162 2177 729 2188 ———————
771 2167 853 2194 non
886 2166 1008 2193 saeva
1042 2163 1189 2191 recuso

215 2232 426 2282 Verbera,
466 2229 646 2270 detracto
676 2243 762 2269 non
793 2243 859 2280 ego
889 2229 1023 2268 vincla
1056 2225 1224 2279 pedum.

51 2307 124 2348 ubi
153 2307 262 2348 conf.
286 2305 608 2346 annotationem.
665 2304 773 2345 Hinc
804 2317 932 2357 porro
963 2302 1060 2362 talia
1084 2301 1270 2354 placent:
1304 2300 1334 2349 I,
1363 2302 1399 2349 5,

53 2385 118 2424 44.
176 2385 216 2434 I,
249 2388 294 2434 8,
326 2387 402 2423 62:

162 2457 274 2509 Quid
305 2465 479 2512 prosunt
509 2464 635 2504 artes,
672 2455 870 2494 miserum
899 2452 933 2492 si
962 2451 1117 2505 spernit
1147 2459 1349 2492 amantem

221 2534 271 2573 Et
301 2533 402 2585 fugit
437 2546 489 2572 ex
522 2533 611 2585 ipso
645 2544 757 2570 saeva
789 2530 913 2582 puella
942 2526 1067 2568 toro?
