1721 2953
285 105 347 150 72
650 101 892 148 'l'lBULLI
936 102 1045 149 LIB.
1077 103 1150 148 III.
1180 111 1213 148 5.
1241 113 1273 149 6.

332 224 535 272 Natalem
568 224 715 289 primo
752 237 955 272 nostrum
990 225 1140 273 videre
1176 237 1406 291 parentes,

408 312 518 357 Cum
559 309 719 356 cecidit
754 310 845 358 fato
883 312 1038 359 consul
1075 324 1260 377 uterque
1296 313 1408 377 pari.

336 396 461 457 Quid
497 395 708 441 fraudare
745 396 865 443 iuvat
900 397 1031 443 vitem
1068 398 1369 445 crescentibus
1398 397 1494 444 uvis

281 493 328 526 20
408 481 462 526 Et
495 480 632 526 modo
662 493 767 528 nata
802 482 919 529 mala
954 482 1113 529 vellere
1150 502 1284 548 poma
1319 484 1489 529 manu?

334 566 534 623 Parcite,
578 566 794 631 pallentes
831 568 978 614 undas
1010 568 1268 633 quicunque
1304 568 1461 615 tenetis

403 652 619 717 Duraque
655 653 798 698 sortiti
830 653 957 699 tertia
991 671 1130 716 regna
1167 654 1250 700 dei.

333 736 510 803 Elysios
547 736 652 784 olim
687 737 816 785 liceat
852 757 1122 802 cognoscere
1153 757 1336 804 campos

403 822 733 888 Lethaeamque
770 836 909 871 ratem
948 825 1299 890 Cimmeriosque
1334 823 1482 882 lacus,

283 918 330 952 25
348 909 459 955 Cum
491 927 588 955 mea
626 928 792 972 rugosa
825 909 1058 974 pallebunt
1095 929 1174 958 ora
1210 922 1386 957 senecta

401 995 457 1041 Et
489 996 680 1042 referam
716 996 867 1060 pueris
904 1008 1107 1061 tempora
1141 996 1290 1061 prisca
1326 1015 1471 1043 senex.

335 1080 482 1145 Atque
519 1081 689 1127 utinam
727 1100 842 1128 vano
878 1082 1179 1147 nequicquam
1216 1094 1384 1129 terrear
1417 1084 1565 1129 aestu!

402 1166 641 1229 Languent
674 1177 741 1212 ter
776 1166 939 1231 quinos
976 1167 1057 1213 sed
1088 1185 1185 1213 mea
1218 1167 1420 1214 membra
1456 1167 1564 1215 dies.

335 1251 393 1296 At
427 1251 554 1297 vobis
591 1253 764 1298 Tuscae
798 1252 1081 1299 celebrantur
1110 1253 1298 1300 numina
1332 1252 1542 1321 lymphae

283 1346 330 1380 30
412 1335 468 1382 Et
502 1335 644 1383 facilis
682 1336 799 1383 lenta
834 1336 1014 1401 pellitur
1049 1338 1172 1384 unda
1208 1357 1357 1384 manu.

336 1421 478 1468 'Vivite
516 1421 687 1479 felices,
734 1441 952 1469 memores
991 1435 1031 1469 et
1066 1422 1194 1469 vivite
1230 1423 1399 1480 nostri,

405 1507 505 1553 Sive
542 1508 706 1554 erimus
744 1527 822 1554 seu
856 1527 940 1555 nos
971 1508 1060 1555 sata
1096 1508 1234 1555 fuisse
1271 1508 1416 1556 velint.

336 1594 509 1639 Interea
544 1593 698 1656 nigras
735 1594 931 1658 pecudes
967 1594 1210 1659 promittite
1245 1594 1339 1641 Diti

404 1678 460 1725 Et
494 1678 610 1725 nivei
646 1677 771 1726 lactis
807 1679 969 1745 pocula
1005 1680 1140 1727 mixta
1174 1697 1309 1726 mero*

724 1935 1061 1974 ELEGIA
1127 1935 1200 1974 Vl.

336 2013 564 2103 Candide
597 2057 754 2113 Liber,
799 2057 904 2103 ades
942 2058 1025 2118 (sic
1063 2057 1118 2103 sit
1156 2057 1233 2104 [ibi
1264 2057 1450 2125 mystica
1481 2060 1579 2107 vitis

412 2145 620 2208 Semper⁷
656 2143 727 2189 ‘sic
764 2142 929 2189 hedera
967 2155 1168 2207 tempora
1199 2143 1341 2190 vincta
1377 2146 1551 2207 geras),

384 2320 424 2353 Χ.
447 2321 498 2352 17.
534 2321 674 2363 primo
709 2324 922 2355 nostrum.
982 2322 1048 2354 Alii
1083 2321 1208 2356 nostri.
1268 2322 1383 2365 Vulgo
1417 2320 1529 2354 nostri
1559 2320 1634 2365 pri—

290 2396 380 2415 mum
407 2395 449 2416 ex·
478 2385 570 2417 {ibris
597 2386 712 2428 paucis
739 2396 799 2418 nec
827 2386 940 2427 bonis,
975 2387 1022 2419 ait
1050 2387 1313 2420 hunnum-Nus.

387 2465 422 2496 Υ.
441 2467 495 2497 3-2.
530 2464 644 2496 volent
676 2466 777 2507 vulgo
807 2476 849 2498 ex
877 2476 955 2499 uno.

386 2545 471 2575 ΜΣ).
508 2553 638 2585 geras
677 2544 775 2576 ΙΨΑιι
809 2550 911 2578 recte.
978 2545 1226 2577 tammus-xus
1260 2554 1335 2577 cum
1372 2544 1465 2577 libris
1491 2543 1609 2589 seras.
