<?xml version="1.0" encoding="UTF-8"?>
<!DOCTYPE html PUBLIC "-//W3C//DTD XHTML 1.0 Transitional//EN"
    "http://www.w3.org/TR/xhtml1/DTD/xhtml1-transitional.dtd">
<html xmlns="http://www.w3.org/1999/xhtml" xml:lang="en" lang="en">
 <head>
  <title>
</title>
<meta http-equiv="Content-Type" content="text/html;charset=utf-8" />
  <meta name='ocr-system' content='tesseract 3.04.00' />
  <meta name='ocr-capabilities' content='ocr_page ocr_carea ocr_par ocr_line ocrx_word'/>
</head>
<body>
  <div class='ocr_page' id='page_1' title='image "./carminaexrecensi00tibuuoft_0701.png"; bbox 0 0 1721 2953; ppageno 0'>
   <div class='ocr_carea' id='block_1_1' title="bbox 0 1394 17 2953">
    <p class='ocr_par' dir='ltr' id='par_1_1' title="bbox 0 1394 17 2953">
     <span class='ocr_line' id='line_1_1' title="bbox 0 1394 17 2953; baseline 0 0"><span class='ocrx_word' id='word_1_1' title='bbox 0 1394 17 2953; x_wconf 95' lang='lat' dir='ltr'> </span> 
     </span>
    </p>
   </div>
   <div class='ocr_carea' id='block_1_2' title="bbox 519 160 1461 203">
    <p class='ocr_par' dir='ltr' id='par_1_2' title="bbox 519 160 1461 203">
     <span class='ocr_line' id='line_1_2' title="bbox 519 160 1461 203; baseline -0.003 -1"><span class='ocrx_word' id='word_1_2' title='bbox 519 163 659 203; x_wconf 86' lang='lat' dir='ltr'>LIBR.</span> <span class='ocrx_word' id='word_1_3' title='bbox 692 162 762 201; x_wconf 87' lang='grc' dir='ltr'>ΙΙΙ.</span> <span class='ocrx_word' id='word_1_4' title='bbox 821 160 977 201; x_wconf 85' lang='lat' dir='ltr'><strong>ELEG.</strong></span> <span class='ocrx_word' id='word_1_5' title='bbox 1006 161 1078 201; x_wconf 80' lang='lat' dir='ltr'>Vl.</span> <span class='ocrx_word' id='word_1_6' title='bbox 1384 166 1461 200; x_wconf 78' lang='lat'>375</span> 
     </span>
    </p>
   </div>
   <div class='ocr_carea' id='block_1_3' title="bbox 73 274 1460 1318">
    <p class='ocr_par' dir='ltr' id='par_1_3' title="bbox 73 274 1460 1318">
     <span class='ocr_line' id='line_1_3' title="bbox 124 274 1460 323; baseline 0 -12"><span class='ocrx_word' id='word_1_7' title='bbox 124 279 312 323; x_wconf 77' lang='lat' dir='ltr'>oppositio,</span> <span class='ocrx_word' id='word_1_8' title='bbox 349 279 490 311; x_wconf 86' lang='lat' dir='ltr'>alterum</span> <span class='ocrx_word' id='word_1_9' title='bbox 526 276 624 309; x_wconf 87' lang='lat' dir='ltr'>deum</span> <span class='ocrx_word' id='word_1_10' title='bbox 659 275 746 309; x_wconf 86' lang='lat' dir='ltr'>dites</span> <span class='ocrx_word' id='word_1_11' title='bbox 781 274 911 317; x_wconf 78' lang='lat' dir='ltr'>faeere,</span> <span class='ocrx_word' id='word_1_12' title='bbox 957 277 1101 311; x_wconf 86' lang='lat' dir='ltr'>alterum</span> <span class='ocrx_word' id='word_1_13' title='bbox 1136 278 1254 318; x_wconf 75' lang='lat' dir='ltr'>mites,</span> <span class='ocrx_word' id='word_1_14' title='bbox 1302 287 1460 320; x_wconf 76' lang='lat' dir='ltr'>quorsum</span> 
     </span>
     <span class='ocr_line' id='line_1_4' title="bbox 122 342 1458 391; baseline -0.003 -10"><span class='ocrx_word' id='word_1_15' title='bbox 122 348 280 391; x_wconf 65' lang='lat' dir='ltr'>spectat?</span> <span class='ocrx_word' id='word_1_16' title='bbox 330 346 523 380; x_wconf 82' lang='lat' dir='ltr'>Redeamus</span> <span class='ocrx_word' id='word_1_17' title='bbox 554 344 665 388; x_wconf 85' lang='lat' dir='ltr'>potius</span> <span class='ocrx_word' id='word_1_18' title='bbox 699 342 741 375; x_wconf 88' lang='lat' dir='ltr'>ad</span> <span class='ocrx_word' id='word_1_19' title='bbox 771 343 998 377; x_wconf 82' lang='lat' dir='ltr'>coniecturam</span> <span class='ocrx_word' id='word_1_20' title='bbox 1035 343 1153 379; x_wconf 79' lang='lat' dir='ltr'>mites,</span> <span class='ocrx_word' id='word_1_21' title='bbox 1197 355 1281 387; x_wconf 81' lang='lat' dir='ltr'>quae</span> <span class='ocrx_word' id='word_1_22' title='bbox 1320 344 1458 377; x_wconf 77' lang='lat' dir='ltr'>sormam</span> 
     </span>
     <span class='ocr_line' id='line_1_5' title="bbox 73 410 1459 454; baseline -0.002 -7"><span class='ocrx_word' id='word_1_23' title='bbox 73 421 76 423; x_wconf 70' lang='grc'><strong><em>’</em></strong></span> <span class='ocrx_word' id='word_1_24' title='bbox 122 415 308 447; x_wconf 86' lang='lat' dir='ltr'>sententiae</span> <span class='ocrx_word' id='word_1_25' title='bbox 335 414 456 446; x_wconf 83' lang='lat' dir='ltr'>claram</span> <span class='ocrx_word' id='word_1_26' title='bbox 484 412 590 444; x_wconf 77' lang='lat' dir='ltr'>affert.</span> <span class='ocrx_word' id='word_1_27' title='bbox 643 410 775 454; x_wconf 85' lang='lat' dir='ltr'>Nempe</span> <span class='ocrx_word' id='word_1_28' title='bbox 803 411 945 454; x_wconf 88' lang='lat' dir='ltr'>primum</span> <span class='ocrx_word' id='word_1_29' title='bbox 971 413 1175 453; x_wconf 81' lang='lat' dir='ltr'>generaliter</span> <span class='ocrx_word' id='word_1_30' title='bbox 1200 412 1298 453; x_wconf 79' lang='lat' dir='ltr'>dicit,</span> <span class='ocrx_word' id='word_1_31' title='bbox 1336 411 1459 445; x_wconf 87' lang='lat' dir='ltr'>deiude</span> 
     </span>
     <span class='ocr_line' id='line_1_6' title="bbox 120 479 1459 523; baseline -0.001 -10"><span class='ocrx_word' id='word_1_32' title='bbox 120 482 299 523; x_wconf 82' lang='lat' dir='ltr'>specialius</span> <span class='ocrx_word' id='word_1_33' title='bbox 326 482 360 511; x_wconf 89' lang='lat' dir='ltr'>et</span> <span class='ocrx_word' id='word_1_34' title='bbox 385 489 445 521; x_wconf 87' lang='lat' dir='ltr'>per</span> <span class='ocrx_word' id='word_1_35' title='bbox 471 483 586 522; x_wconf 83' lang='lat' dir='ltr'>partes</span> <span class='ocrx_word' id='word_1_36' title='bbox 613 479 759 522; x_wconf 74' lang='lat' dir='ltr'>explicat</span> <span class='ocrx_word' id='word_1_37' title='bbox 786 489 876 519; x_wconf 84' lang='lat' dir='ltr'>rem,</span> <span class='ocrx_word' id='word_1_38' title='bbox 914 479 946 511; x_wconf 88' lang='lat' dir='ltr'>in</span> <span class='ocrx_word' id='word_1_39' title='bbox 981 491 1046 521; x_wconf 79' lang='lat' dir='ltr'>quo</span> <span class='ocrx_word' id='word_1_40' title='bbox 1082 481 1213 514; x_wconf 82' lang='lat' dir='ltr'>notabis</span> <span class='ocrx_word' id='word_1_41' title='bbox 1249 491 1344 512; x_wconf 88' lang='lat' dir='ltr'>usum</span> <span class='ocrx_word' id='word_1_42' title='bbox 1378 490 1459 512; x_wconf 83' lang='lat' dir='ltr'>aua-</span> 
     </span>
     <span class='ocr_line' id='line_1_7' title="bbox 121 546 1458 591; baseline 0 -11"><span class='ocrx_word' id='word_1_43' title='bbox 121 548 257 591; x_wconf 85' lang='lat' dir='ltr'>pborae.</span> <span class='ocrx_word' id='word_1_44' title='bbox 307 549 451 581; x_wconf 74' lang='lat' dir='ltr'><strong>Fallitur</strong></span> <span class='ocrx_word' id='word_1_45' title='bbox 485 548 572 580; x_wconf 89' lang='lat' dir='ltr'>enim</span> <span class='ocrx_word' id='word_1_46' title='bbox 604 547 764 579; x_wconf 54' lang='lat' dir='ltr'>Bicnms</span> <span class='ocrx_word' id='word_1_47' title='bbox 800 547 946 590; x_wconf 86' lang='lat' dir='ltr'>repetito</span> <span class='ocrx_word' id='word_1_48' title='bbox 971 546 1029 578; x_wconf 83' lang='lat' dir='ltr'>ille</span> <span class='ocrx_word' id='word_1_49' title='bbox 1056 547 1183 580; x_wconf 84' lang='lat' dir='ltr'>—ille</span> <span class='ocrx_word' id='word_1_50' title='bbox 1217 548 1366 580; x_wconf 68' lang='lat' dir='ltr'>‹lirersas</span> <span class='ocrx_word' id='word_1_51' title='bbox 1405 557 1458 580; x_wconf 81' lang='lat' dir='ltr'>res</span> 
     </span>
     <span class='ocr_line' id='line_1_8' title="bbox 119 613 1456 656; baseline -0.001 -10"><span class='ocrx_word' id='word_1_52' title='bbox 119 614 279 655; x_wconf 72' lang='lat' dir='ltr'>distingui</span> <span class='ocrx_word' id='word_1_53' title='bbox 302 624 441 647; x_wconf 83' lang='lat' dir='ltr'>censens</span> <span class='ocrx_word' id='word_1_54' title='bbox 465 623 571 655; x_wconf 90' lang='lat' dir='ltr'>eaque</span> <span class='ocrx_word' id='word_1_55' title='bbox 597 613 639 646; x_wconf 90' lang='lat' dir='ltr'>de</span> <span class='ocrx_word' id='word_1_56' title='bbox 665 623 767 646; x_wconf 89' lang='lat' dir='ltr'>causa</span> <span class='ocrx_word' id='word_1_57' title='bbox 792 617 825 646; x_wconf 87' lang='lat' dir='ltr'>et</span> <span class='ocrx_word' id='word_1_58' title='bbox 850 613 924 656; x_wconf 90' lang='lat' dir='ltr'>ipse</span> <span class='ocrx_word' id='word_1_59' title='bbox 950 617 1066 646; x_wconf 85' lang='lat' dir='ltr'>tenens</span> <span class='ocrx_word' id='word_1_60' title='bbox 1091 613 1202 652; x_wconf 80' lang='lat' dir='ltr'>dites,-</span> <span class='ocrx_word' id='word_1_61' title='bbox 1229 623 1305 646; x_wconf 88' lang='lat' dir='ltr'>uam</span> <span class='ocrx_word' id='word_1_62' title='bbox 1326 615 1456 646; x_wconf 90' lang='lat' dir='ltr'>certum</span> 
     </span>
     <span class='ocr_line' id='line_1_9' title="bbox 119 678 1458 722; baseline 0.001 -11"><span class='ocrx_word' id='word_1_63' title='bbox 119 683 170 711; x_wconf 86' lang='lat' dir='ltr'>est</span> <span class='ocrx_word' id='word_1_64' title='bbox 194 678 397 722; x_wconf 76' lang='lat' dir='ltr'>anaphoram</span> <span class='ocrx_word' id='word_1_65' title='bbox 424 679 523 712; x_wconf 89' lang='lat' dir='ltr'>etiam</span> <span class='ocrx_word' id='word_1_66' title='bbox 548 679 593 711; x_wconf 90' lang='lat' dir='ltr'>ibi</span> <span class='ocrx_word' id='word_1_67' title='bbox 619 679 730 711; x_wconf 90' lang='lat' dir='ltr'>locum</span> <span class='ocrx_word' id='word_1_68' title='bbox 755 678 896 719; x_wconf 83' lang='lat' dir='ltr'>babere,</span> <span class='ocrx_word' id='word_1_69' title='bbox 924 678 979 711; x_wconf 89' lang='lat' dir='ltr'>ubi</span> <span class='ocrx_word' id='word_1_70' title='bbox 1007 679 1156 721; x_wconf 87' lang='lat' dir='ltr'>partibus</span> <span class='ocrx_word' id='word_1_71' title='bbox 1183 679 1370 713; x_wconf 85' lang='lat' dir='ltr'>sententiae</span> <span class='ocrx_word' id='word_1_72' title='bbox 1395 689 1458 712; x_wconf 90' lang='lat' dir='ltr'>cu-</span> 
     </span>
     <span class='ocr_line' id='line_1_10' title="bbox 120 744 1455 789; baseline 0.001 -12"><span class='ocrx_word' id='word_1_73' title='bbox 120 745 249 777; x_wconf 82' lang='lat' dir='ltr'>iusdam</span> <span class='ocrx_word' id='word_1_74' title='bbox 275 745 500 789; x_wconf 87' lang='lat' dir='ltr'>praemittitur</span> <span class='ocrx_word' id='word_1_75' title='bbox 525 744 717 786; x_wconf 84' lang='lat' dir='ltr'>generalior</span> <span class='ocrx_word' id='word_1_76' title='bbox 742 744 892 777; x_wconf 81' lang='lat' dir='ltr'>eiusdem</span> <span class='ocrx_word' id='word_1_77' title='bbox 920 746 1127 786; x_wconf 84' lang='lat' dir='ltr'>enuntiatio,</span> <span class='ocrx_word' id='word_1_78' title='bbox 1165 746 1252 778; x_wconf 85' lang='lat' dir='ltr'>conf.</span> <span class='ocrx_word' id='word_1_79' title='bbox 1279 756 1366 787; x_wconf 84' lang='lat' dir='ltr'>quae</span> <span class='ocrx_word' id='word_1_80' title='bbox 1393 755 1455 779; x_wconf 83' lang='lat' dir='ltr'>ex—</span> 
     </span>
     <span class='ocr_line' id='line_1_11' title="bbox 118 809 1455 853; baseline 0 -10"><span class='ocrx_word' id='word_1_81' title='bbox 118 812 215 853; x_wconf 87' lang='lat' dir='ltr'>posui</span> <span class='ocrx_word' id='word_1_82' title='bbox 242 812 272 843; x_wconf 93' lang='lat' dir='ltr'>in</span> <span class='ocrx_word' id='word_1_83' title='bbox 300 811 535 843; x_wconf 78' lang='lat' dir='ltr'>dissertatione</span> <span class='ocrx_word' id='word_1_84' title='bbox 561 809 603 842; x_wconf 88' lang='lat' dir='ltr'>de</span> <span class='ocrx_word' id='word_1_85' title='bbox 628 809 832 842; x_wconf 88' lang='lat' dir='ltr'>Elocutione</span> <span class='ocrx_word' id='word_1_86' title='bbox 857 809 995 842; x_wconf 88' lang='lat' dir='ltr'>Tibulli.</span> <span class='ocrx_word' id='word_1_87' title='bbox 1054 811 1121 845; x_wconf 80' lang='lat' dir='ltr'>Qui</span> <span class='ocrx_word' id='word_1_88' title='bbox 1147 821 1227 843; x_wconf 86' lang='lat' dir='ltr'>usus</span> <span class='ocrx_word' id='word_1_89' title='bbox 1252 821 1328 843; x_wconf 89' lang='lat' dir='ltr'>cum</span> <span class='ocrx_word' id='word_1_90' title='bbox 1354 810 1455 843; x_wconf 87' lang='lat' dir='ltr'>etiam</span> 
     </span>
     <span class='ocr_line' id='line_1_12' title="bbox 118 876 1457 920; baseline 0.001 -11"><span class='ocrx_word' id='word_1_91' title='bbox 118 878 160 909; x_wconf 81' lang='lat' dir='ltr'>ab</span> <span class='ocrx_word' id='word_1_92' title='bbox 185 878 377 911; x_wconf 77' lang='lat' dir='ltr'>Huscnxro</span> <span class='ocrx_word' id='word_1_93' title='bbox 411 879 648 920; x_wconf 81' lang='lat' dir='ltr'>ignoraretur,</span> <span class='ocrx_word' id='word_1_94' title='bbox 687 876 739 910; x_wconf 88' lang='lat' dir='ltr'>bic</span> <span class='ocrx_word' id='word_1_95' title='bbox 769 888 904 920; x_wconf 87' lang='lat' dir='ltr'>quoque</span> <span class='ocrx_word' id='word_1_96' title='bbox 933 878 1020 910; x_wconf 89' lang='lat' dir='ltr'>male</span> <span class='ocrx_word' id='word_1_97' title='bbox 1057 876 1206 910; x_wconf 86' lang='lat' dir='ltr'>defendit</span> <span class='ocrx_word' id='word_1_98' title='bbox 1238 877 1347 913; x_wconf 77' lang='lat' dir='ltr'>dites,</span> <span class='ocrx_word' id='word_1_99' title='bbox 1389 887 1457 920; x_wconf 90' lang='lat' dir='ltr'>quo</span> 
     </span>
     <span class='ocr_line' id='line_1_13' title="bbox 116 943 1457 985; baseline 0 -9"><span class='ocrx_word' id='word_1_100' title='bbox 116 943 194 976; x_wconf 90' lang='lat' dir='ltr'>nibil</span> <span class='ocrx_word' id='word_1_101' title='bbox 221 944 328 985; x_wconf 85' lang='lat' dir='ltr'>magis</span> <span class='ocrx_word' id='word_1_102' title='bbox 352 944 509 978; x_wconf 89' lang='lat' dir='ltr'>alienum.</span> <span class='ocrx_word' id='word_1_103' title='bbox 560 943 658 977; x_wconf 91' lang='lat' dir='ltr'>Nuuc</span> <span class='ocrx_word' id='word_1_104' title='bbox 682 949 795 978; x_wconf 90' lang='lat' dir='ltr'>autem</span> <span class='ocrx_word' id='word_1_105' title='bbox 818 945 981 978; x_wconf 89' lang='lat' dir='ltr'>unitatem</span> <span class='ocrx_word' id='word_1_106' title='bbox 1006 945 1081 977; x_wconf 92' lang='lat' dir='ltr'>loco</span> <span class='ocrx_word' id='word_1_107' title='bbox 1108 944 1270 977; x_wconf 87' lang='lat' dir='ltr'>redditam</span> <span class='ocrx_word' id='word_1_108' title='bbox 1291 943 1396 977; x_wconf 84' lang='lat' dir='ltr'>vides.</span> <span class='ocrx_word' id='word_1_109' title='bbox 1413 961 1457 966; x_wconf 95' lang='lat'>——</span> 
     </span>
     <span class='ocr_line' id='line_1_14' title="bbox 117 1009 1455 1054; baseline -0.001 -12"><span class='ocrx_word' id='word_1_110' title='bbox 117 1009 354 1050; x_wconf 81' lang='lat' dir='ltr'>contudit,</span> <span class='ocrx_word' id='word_1_111' title='bbox 394 1009 543 1051; x_wconf 82' lang='lat' dir='ltr'>domuit,</span> <span class='ocrx_word' id='word_1_112' title='bbox 581 1009 694 1052; x_wconf 83' lang='lat' dir='ltr'>fregit.</span> <span class='ocrx_word' id='word_1_113' title='bbox 744 1009 894 1052; x_wconf 85' lang='lat' dir='ltr'>Collegit</span> <span class='ocrx_word' id='word_1_114' title='bbox 920 1011 1026 1044; x_wconf 89' lang='lat' dir='ltr'>multa</span> <span class='ocrx_word' id='word_1_115' title='bbox 1053 1011 1209 1054; x_wconf 83' lang='lat' dir='ltr'>exempla</span> <span class='ocrx_word' id='word_1_116' title='bbox 1233 1010 1455 1042; x_wconf 72' lang='lat' dir='ltr'>Bnoucrfflu-</span> 
     </span>
     <span class='ocr_line' id='line_1_15' title="bbox 116 1074 1456 1119; baseline -0.001 -12"><span class='ocrx_word' id='word_1_117' title='bbox 116 1084 199 1107; x_wconf 80' lang='lat' dir='ltr'>sms.</span> <span class='ocrx_word' id='word_1_118' title='bbox 249 1074 296 1107; x_wconf 89' lang='lat' dir='ltr'>Et</span> <span class='ocrx_word' id='word_1_119' title='bbox 335 1074 466 1108; x_wconf 87' lang='lat' dir='ltr'>ferox</span> <span class='ocrx_word' id='word_1_120' title='bbox 504 1078 576 1115; x_wconf 86' lang='lat' dir='ltr'>est,</span> <span class='ocrx_word' id='word_1_121' title='bbox 617 1076 673 1117; x_wconf 87' lang='lat' dir='ltr'>qui</span> <span class='ocrx_word' id='word_1_122' title='bbox 708 1085 857 1108; x_wconf 89' lang='lat' dir='ltr'>amorem</span> <span class='ocrx_word' id='word_1_123' title='bbox 892 1074 1133 1119; x_wconf 85' lang='lat' dir='ltr'>adspernatur,</span> <span class='ocrx_word' id='word_1_124' title='bbox 1173 1075 1214 1109; x_wconf 85' lang='lat' dir='ltr'>cf.</span> <span class='ocrx_word' id='word_1_125' title='bbox 1240 1076 1456 1108; x_wconf 72' lang='lat' dir='ltr'>Mi&#39;rscnssn-</span> 
     </span>
     <span class='ocr_line' id='line_1_16' title="bbox 114 1140 1455 1181; baseline 0.001 -10"><span class='ocrx_word' id='word_1_126' title='bbox 114 1149 267 1172; x_wconf 63' lang='lat' dir='ltr'>tremum</span> <span class='ocrx_word' id='word_1_127' title='bbox 293 1140 335 1172; x_wconf 91' lang='lat' dir='ltr'>ad</span> <span class='ocrx_word' id='word_1_128' title='bbox 362 1140 483 1174; x_wconf 86' lang='lat' dir='ltr'>Horat.</span> <span class='ocrx_word' id='word_1_129' title='bbox 507 1141 551 1181; x_wconf 83' lang='grc' dir='ltr'>ΙΙ,</span> <span class='ocrx_word' id='word_1_130' title='bbox 579 1143 611 1181; x_wconf 83' lang='grc'>4,</span> <span class='ocrx_word' id='word_1_131' title='bbox 638 1143 671 1173; x_wconf 86' lang='grc'>2.</span> <span class='ocrx_word' id='word_1_132' title='bbox 692 1161 737 1165; x_wconf 85' lang='lat'>—-</span> <span class='ocrx_word' id='word_1_133' title='bbox 763 1142 968 1176; x_wconf 88' lang='lat' dir='ltr'>dominae</span> <span class='ocrx_word' id='word_1_134' title='bbox 993 1143 1116 1176; x_wconf 81' lang='lat' dir='ltr'>misit</span> <span class='ocrx_word' id='word_1_135' title='bbox 1141 1143 1179 1176; x_wconf 89' lang='lat' dir='ltr'>in</span> <span class='ocrx_word' id='word_1_136' title='bbox 1205 1142 1455 1181; x_wconf 78' lang='lat' dir='ltr'>arbitrium,</span> 
     </span>
     <span class='ocr_line' id='line_1_17' title="bbox 117 1205 1453 1252; baseline 0 -15"><span class='ocrx_word' id='word_1_137' title='bbox 117 1205 260 1239; x_wconf 77' lang='lat' dir='ltr'>subiecit</span> <span class='ocrx_word' id='word_1_138' title='bbox 285 1207 424 1239; x_wconf 86' lang='lat' dir='ltr'>arbitrio</span> <span class='ocrx_word' id='word_1_139' title='bbox 451 1208 595 1250; x_wconf 90' lang='lat' dir='ltr'>puellae.</span> <span class='ocrx_word' id='word_1_140' title='bbox 647 1209 756 1241; x_wconf 68' lang='lat' dir='ltr'>Vme-</span> <span class='ocrx_word' id='word_1_141' title='bbox 793 1210 876 1242; x_wconf 85' lang='lat' dir='ltr'>Aen.</span> <span class='ocrx_word' id='word_1_142' title='bbox 903 1209 981 1251; x_wconf 87' lang='lat' dir='ltr'>XII,</span> <span class='ocrx_word' id='word_1_143' title='bbox 1008 1212 1096 1243; x_wconf 89' lang='lat'>190:</span> <span class='ocrx_word' id='word_1_144' title='bbox 1131 1208 1279 1252; x_wconf 74' lang='lat' dir='ltr'>paribus</span> <span class='ocrx_word' id='word_1_145' title='bbox 1306 1219 1340 1239; x_wconf 72' lang='lat' dir='ltr'>se</span> <span class='ocrx_word' id='word_1_146' title='bbox 1366 1206 1453 1249; x_wconf 74' lang='lat' dir='ltr'>legi-</span> 
     </span>
     <span class='ocr_line' id='line_1_18' title="bbox 116 1269 1451 1318; baseline 0.001 -17"><span class='ocrx_word' id='word_1_147' title='bbox 116 1270 179 1302; x_wconf 71' lang='lat' dir='ltr'>bus</span> <span class='ocrx_word' id='word_1_148' title='bbox 204 1269 324 1303; x_wconf 75' lang='lat' dir='ltr'>ambae</span> <span class='ocrx_word' id='word_1_149' title='bbox 350 1271 510 1304; x_wconf 73' lang='lat' dir='ltr'>Invictae</span> <span class='ocrx_word' id='word_1_150' title='bbox 531 1278 655 1317; x_wconf 79' lang='lat' dir='ltr'>gentes</span> <span class='ocrx_word' id='word_1_151' title='bbox 680 1278 826 1305; x_wconf 76' lang='lat' dir='ltr'>aeterna</span> <span class='ocrx_word' id='word_1_152' title='bbox 851 1273 888 1305; x_wconf 80' lang='lat' dir='ltr'>in</span> <span class='ocrx_word' id='word_1_153' title='bbox 905 1273 1057 1318; x_wconf 80' lang='lat' dir='ltr'>foedera</span> <span class='ocrx_word' id='word_1_154' title='bbox 1084 1273 1245 1306; x_wconf 77' lang='lat' dir='ltr'>mittunt.</span> <span class='ocrx_word' id='word_1_155' title='bbox 1296 1271 1451 1305; x_wconf 79' lang='lat' dir='ltr'>conferri</span> 
     </span>
    </p>
   </div>
   <div class='ocr_carea' id='block_1_4' title="bbox 112 1338 1454 1446">
    <p class='ocr_par' dir='ltr' id='par_1_4' title="bbox 112 1338 1454 1446">
     <span class='ocr_line' id='line_1_19' title="bbox 113 1338 1454 1383; baseline -0.001 -12"><span class='ocrx_word' id='word_1_156' title='bbox 113 1339 213 1371; x_wconf 82' lang='lat' dir='ltr'>etiam</span> <span class='ocrx_word' id='word_1_157' title='bbox 242 1343 354 1381; x_wconf 87' lang='lat' dir='ltr'>potest</span> <span class='ocrx_word' id='word_1_158' title='bbox 383 1340 508 1371; x_wconf 90' lang='lat' dir='ltr'>locutio</span> <span class='ocrx_word' id='word_1_159' title='bbox 534 1338 583 1371; x_wconf 86' lang='lat' dir='ltr'>ire</span> <span class='ocrx_word' id='word_1_160' title='bbox 608 1338 674 1371; x_wconf 76' lang='lat' dir='ltr'>sab</span> <span class='ocrx_word' id='word_1_161' title='bbox 699 1339 899 1382; x_wconf 74' lang='lat' dir='ltr'>imperium,</span> <span class='ocrx_word' id='word_1_162' title='bbox 936 1339 981 1381; x_wconf 84' lang='grc' dir='ltr'>ΙΙ,</span> <span class='ocrx_word' id='word_1_163' title='bbox 1015 1342 1048 1381; x_wconf 83' lang='grc'>4,</span> <span class='ocrx_word' id='word_1_164' title='bbox 1074 1343 1129 1374; x_wconf 74' lang='grc'>54.</span> <span class='ocrx_word' id='word_1_165' title='bbox 1156 1351 1268 1383; x_wconf 77' lang='lat' dir='ltr'>supra.</span> <span class='ocrx_word' id='word_1_166' title='bbox 1295 1358 1340 1363; x_wconf 92' lang='lat'>-——</span> <span class='ocrx_word' id='word_1_167' title='bbox 1379 1339 1454 1371; x_wconf 79' lang='lat' dir='ltr'>Ar-</span> 
     </span>
     <span class='ocr_line' id='line_1_20' title="bbox 112 1402 1452 1446; baseline 0.001 -10"><span class='ocrx_word' id='word_1_168' title='bbox 112 1404 300 1444; x_wconf 86' lang='lat' dir='ltr'>menias,</span> <span class='ocrx_word' id='word_1_169' title='bbox 327 1403 512 1443; x_wconf 85' lang='lat' dir='ltr'>adiective,</span> <span class='ocrx_word' id='word_1_170' title='bbox 538 1402 580 1436; x_wconf 85' lang='lat' dir='ltr'>cf.</span> <span class='ocrx_word' id='word_1_171' title='bbox 608 1404 759 1436; x_wconf 72' lang='lat' dir='ltr'>Gmnre.</span> <span class='ocrx_word' id='word_1_172' title='bbox 786 1404 828 1436; x_wconf 88' lang='lat' dir='ltr'>ad</span> <span class='ocrx_word' id='word_1_173' title='bbox 854 1404 953 1437; x_wconf 84' lang='lat' dir='ltr'>Ovid.</span> <span class='ocrx_word' id='word_1_174' title='bbox 980 1405 1065 1438; x_wconf 88' lang='lat' dir='ltr'>Met.</span> <span class='ocrx_word' id='word_1_175' title='bbox 1095 1406 1173 1446; x_wconf 75' lang='lat' dir='ltr'>XV,</span> <span class='ocrx_word' id='word_1_176' title='bbox 1197 1409 1253 1438; x_wconf 79' lang='lat'>86.</span> <span class='ocrx_word' id='word_1_177' title='bbox 1304 1405 1350 1437; x_wconf 84' lang='lat' dir='ltr'>Et</span> <span class='ocrx_word' id='word_1_178' title='bbox 1375 1404 1452 1438; x_wconf 85' lang='lat' dir='ltr'>vide</span> 
     </span>
    </p>
   </div>
   <div class='ocr_carea' id='block_1_5' title="bbox 104 1469 1455 2633">
    <p class='ocr_par' dir='ltr' id='par_1_5' title="bbox 104 1469 1455 2633">
     <span class='ocr_line' id='line_1_21' title="bbox 110 1469 1455 1510; baseline 0 -8"><span class='ocrx_word' id='word_1_179' title='bbox 110 1469 240 1502; x_wconf 60' lang='lat' dir='ltr'>Herus.</span> <span class='ocrx_word' id='word_1_180' title='bbox 266 1470 308 1502; x_wconf 85' lang='lat' dir='ltr'>ad</span> <span class='ocrx_word' id='word_1_181' title='bbox 334 1469 432 1503; x_wconf 85' lang='lat' dir='ltr'>Ovid.</span> <span class='ocrx_word' id='word_1_182' title='bbox 460 1470 531 1502; x_wconf 84' lang='lat' dir='ltr'>Art.</span> <span class='ocrx_word' id='word_1_183' title='bbox 559 1470 632 1502; x_wconf 85' lang='lat' dir='ltr'>Am.</span> <span class='ocrx_word' id='word_1_184' title='bbox 658 1470 702 1510; x_wconf 90' lang='grc' dir='ltr'>ΙΙ,</span> <span class='ocrx_word' id='word_1_185' title='bbox 732 1473 811 1503; x_wconf 84' lang='grc'><strong>183.</strong></span> <span class='ocrx_word' id='word_1_186' title='bbox 861 1470 947 1504; x_wconf 85' lang='lat' dir='ltr'>Mox</span> <span class='ocrx_word' id='word_1_187' title='bbox 977 1471 1129 1504; x_wconf 86' lang='lat' dir='ltr'>fulvas</span> <span class='ocrx_word' id='word_1_188' title='bbox 1156 1471 1340 1503; x_wconf 90' lang='lat' dir='ltr'>leaenas</span> <span class='ocrx_word' id='word_1_189' title='bbox 1372 1469 1455 1503; x_wconf 90' lang='lat' dir='ltr'>dicit</span> 
     </span>
     <span class='ocr_line' id='line_1_22' title="bbox 109 1535 1450 1580; baseline 0.001 -12"><span class='ocrx_word' id='word_1_190' title='bbox 109 1536 331 1578; x_wconf 87' lang='lat' dir='ltr'>oppositionis</span> <span class='ocrx_word' id='word_1_191' title='bbox 365 1546 465 1569; x_wconf 89' lang='lat' dir='ltr'>causa</span> <span class='ocrx_word' id='word_1_192' title='bbox 499 1535 633 1569; x_wconf 86' lang='lat' dir='ltr'>adiecto</span> <span class='ocrx_word' id='word_1_193' title='bbox 667 1535 838 1580; x_wconf 82' lang='lat' dir='ltr'>epitheto,</span> <span class='ocrx_word' id='word_1_194' title='bbox 872 1548 947 1571; x_wconf 92' lang='lat' dir='ltr'>cum</span> <span class='ocrx_word' id='word_1_195' title='bbox 974 1538 1060 1571; x_wconf 84' lang='lat' dir='ltr'>alius</span> <span class='ocrx_word' id='word_1_196' title='bbox 1093 1538 1136 1570; x_wconf 87' lang='lat' dir='ltr'>sit</span> <span class='ocrx_word' id='word_1_197' title='bbox 1172 1537 1309 1579; x_wconf 83' lang='lat' dir='ltr'>tigrium</span> <span class='ocrx_word' id='word_1_198' title='bbox 1346 1537 1450 1569; x_wconf 87' lang='lat' dir='ltr'>color.</span> 
     </span>
     <span class='ocr_line' id='line_1_23' title="bbox 108 1599 1453 1645; baseline 0.001 -13"><span class='ocrx_word' id='word_1_199' title='bbox 108 1600 221 1644; x_wconf 90' lang='lat' dir='ltr'>Saepe</span> <span class='ocrx_word' id='word_1_200' title='bbox 245 1601 435 1633; x_wconf 86' lang='lat' dir='ltr'>notavimus</span> <span class='ocrx_word' id='word_1_201' title='bbox 467 1599 554 1633; x_wconf 86' lang='lat' dir='ltr'>hunc</span> <span class='ocrx_word' id='word_1_202' title='bbox 583 1611 709 1634; x_wconf 87' lang='lat' dir='ltr'>morem</span> <span class='ocrx_word' id='word_1_203' title='bbox 741 1601 923 1644; x_wconf 88' lang='lat' dir='ltr'>poeticum.</span> <span class='ocrx_word' id='word_1_204' title='bbox 974 1602 1050 1635; x_wconf 85' lang='lat' dir='ltr'>Etsi</span> <span class='ocrx_word' id='word_1_205' title='bbox 1077 1612 1156 1635; x_wconf 86' lang='lat' dir='ltr'>vero</span> <span class='ocrx_word' id='word_1_206' title='bbox 1182 1603 1317 1645; x_wconf 88' lang='lat' dir='ltr'>placere</span> <span class='ocrx_word' id='word_1_207' title='bbox 1344 1603 1453 1645; x_wconf 81' lang='lat' dir='ltr'>possit</span> 
     </span>
     <span class='ocr_line' id='line_1_24' title="bbox 108 1663 1454 1708; baseline 0.002 -11"><span class='ocrx_word' id='word_1_208' title='bbox 108 1665 229 1697; x_wconf 80' lang='lat' dir='ltr'>Vossu</span> <span class='ocrx_word' id='word_1_209' title='bbox 255 1665 457 1706; x_wconf 71' lang='lat' dir='ltr'>Bmmque</span> <span class='ocrx_word' id='word_1_210' title='bbox 480 1665 583 1697; x_wconf 85' lang='lat' dir='ltr'>lectio</span> <span class='ocrx_word' id='word_1_211' title='bbox 609 1663 739 1708; x_wconf 75' lang='lat' dir='ltr'>fulvos</span> <span class='ocrx_word' id='word_1_212' title='bbox 772 1663 905 1701; x_wconf 79' lang='lat' dir='ltr'>leones,</span> <span class='ocrx_word' id='word_1_213' title='bbox 939 1669 977 1697; x_wconf 90' lang='lat' dir='ltr'>ut</span> <span class='ocrx_word' id='word_1_214' title='bbox 1010 1667 1151 1699; x_wconf 88' lang='lat' dir='ltr'>variavit</span> <span class='ocrx_word' id='word_1_215' title='bbox 1184 1667 1340 1700; x_wconf 81' lang='lat' dir='ltr'>Ovmms</span> <span class='ocrx_word' id='word_1_216' title='bbox 1365 1666 1454 1700; x_wconf 86' lang='lat' dir='ltr'>Met.</span> 
     </span>
     <span class='ocr_line' id='line_1_25' title="bbox 109 1728 1450 1774; baseline 0.001 -11"><span class='ocrx_word' id='word_1_217' title='bbox 109 1729 187 1771; x_wconf 85' lang='lat' dir='ltr'>XV,</span> <span class='ocrx_word' id='word_1_218' title='bbox 212 1733 277 1763; x_wconf 84' lang='lat'>56:</span> <span class='ocrx_word' id='word_1_219' title='bbox 314 1728 573 1774; x_wconf 79' lang='lat' dir='ltr'>Armeniaeque</span> <span class='ocrx_word' id='word_1_220' title='bbox 607 1728 717 1773; x_wconf 76' lang='lat' dir='ltr'>tigres</span> <span class='ocrx_word' id='word_1_221' title='bbox 749 1728 980 1774; x_wconf 81' lang='lat' dir='ltr'>iracundique</span> <span class='ocrx_word' id='word_1_222' title='bbox 1005 1729 1140 1771; x_wconf 78' lang='lat' dir='ltr'>leones,</span> <span class='ocrx_word' id='word_1_223' title='bbox 1174 1734 1224 1764; x_wconf 85' lang='lat' dir='ltr'>est</span> <span class='ocrx_word' id='word_1_224' title='bbox 1248 1734 1361 1764; x_wconf 82' lang='lat' dir='ltr'>tamen</span> <span class='ocrx_word' id='word_1_225' title='bbox 1388 1742 1450 1774; x_wconf 88' lang='lat' dir='ltr'>pa-</span> 
     </span>
     <span class='ocr_line' id='line_1_26' title="bbox 109 1794 1448 1840; baseline 0.002 -13"><span class='ocrx_word' id='word_1_226' title='bbox 109 1794 248 1828; x_wconf 87' lang='lat' dir='ltr'>rendum</span> <span class='ocrx_word' id='word_1_227' title='bbox 277 1795 432 1828; x_wconf 88' lang='lat' dir='ltr'>codicum</span> <span class='ocrx_word' id='word_1_228' title='bbox 458 1794 663 1828; x_wconf 83' lang='lat' dir='ltr'>auctoritati.</span> <span class='ocrx_word' id='word_1_229' title='bbox 688 1813 734 1819; x_wconf 92' lang='grc'>-</span> <span class='ocrx_word' id='word_1_230' title='bbox 771 1795 938 1829; x_wconf 84' lang='lat' dir='ltr'>Perlectis</span> <span class='ocrx_word' id='word_1_231' title='bbox 963 1796 1104 1838; x_wconf 84' lang='lat' dir='ltr'>singulis</span> <span class='ocrx_word' id='word_1_232' title='bbox 1129 1800 1258 1829; x_wconf 85' lang='lat' dir='ltr'>restant</span> <span class='ocrx_word' id='word_1_233' title='bbox 1283 1797 1448 1840; x_wconf 84' lang='lat' dir='ltr'>quaedam</span> 
     </span>
     <span class='ocr_line' id='line_1_27' title="bbox 108 1857 1449 1905; baseline 0.002 -13"><span class='ocrx_word' id='word_1_234' title='bbox 108 1859 150 1892; x_wconf 91' lang='lat' dir='ltr'>de</span> <span class='ocrx_word' id='word_1_235' title='bbox 175 1863 248 1892; x_wconf 86' lang='lat' dir='ltr'>toto</span> <span class='ocrx_word' id='word_1_236' title='bbox 273 1861 348 1893; x_wconf 91' lang='lat' dir='ltr'>loco</span> <span class='ocrx_word' id='word_1_237' title='bbox 374 1859 551 1893; x_wconf 91' lang='lat' dir='ltr'>monenda.</span> <span class='ocrx_word' id='word_1_238' title='bbox 601 1858 666 1892; x_wconf 83' lang='lat' dir='ltr'>Est</span> <span class='ocrx_word' id='word_1_239' title='bbox 689 1857 744 1893; x_wconf 82' lang='lat' dir='ltr'>hic</span> <span class='ocrx_word' id='word_1_240' title='bbox 769 1860 865 1892; x_wconf 87' lang='lat' dir='ltr'>locus</span> <span class='ocrx_word' id='word_1_241' title='bbox 891 1871 976 1893; x_wconf 86' lang='lat' dir='ltr'>unus</span> <span class='ocrx_word' id='word_1_242' title='bbox 1008 1871 1052 1894; x_wconf 87' lang='lat' dir='ltr'>ex</span> <span class='ocrx_word' id='word_1_243' title='bbox 1085 1863 1201 1905; x_wconf 85' lang='lat' dir='ltr'>paucis</span> <span class='ocrx_word' id='word_1_244' title='bbox 1233 1861 1323 1905; x_wconf 87' lang='lat' dir='ltr'>apud</span> <span class='ocrx_word' id='word_1_245' title='bbox 1348 1862 1449 1904; x_wconf 62' lang='lat' dir='ltr'>Ly„-</span> 
     </span>
     <span class='ocr_line' id='line_1_28' title="bbox 108 1924 1447 1972; baseline 0.004 -15"><span class='ocrx_word' id='word_1_246' title='bbox 108 1924 254 1967; x_wconf 88' lang='lat' dir='ltr'>damum,</span> <span class='ocrx_word' id='word_1_247' title='bbox 279 1926 336 1967; x_wconf 87' lang='lat' dir='ltr'>qui</span> <span class='ocrx_word' id='word_1_248' title='bbox 362 1926 481 1959; x_wconf 83' lang='lat' dir='ltr'>melius</span> <span class='ocrx_word' id='word_1_249' title='bbox 508 1926 694 1966; x_wconf 81' lang='lat' dir='ltr'>elaborati3</span> <span class='ocrx_word' id='word_1_250' title='bbox 717 1926 812 1959; x_wconf 89' lang='lat' dir='ltr'>vides</span> <span class='ocrx_word' id='word_1_251' title='bbox 832 1926 1092 1970; x_wconf 86' lang='lat' dir='ltr'>descriptionem</span> <span class='ocrx_word' id='word_1_252' title='bbox 1119 1938 1307 1970; x_wconf 82' lang='lat' dir='ltr'>nervosam,</span> <span class='ocrx_word' id='word_1_253' title='bbox 1332 1928 1447 1972; x_wconf 85' lang='lat' dir='ltr'>quales</span> 
     </span>
     <span class='ocr_line' id='line_1_29' title="bbox 108 1990 1448 2036; baseline 0.004 -12"><span class='ocrx_word' id='word_1_254' title='bbox 108 1990 161 2024; x_wconf 85' lang='lat' dir='ltr'>bic</span> <span class='ocrx_word' id='word_1_255' title='bbox 198 1997 303 2035; x_wconf 86' lang='lat' dir='ltr'>poeta</span> <span class='ocrx_word' id='word_1_256' title='bbox 342 1993 560 2036; x_wconf 85' lang='lat' dir='ltr'>paucissimas</span> <span class='ocrx_word' id='word_1_257' title='bbox 597 1991 718 2033; x_wconf 86' lang='lat' dir='ltr'>habet,</span> <span class='ocrx_word' id='word_1_258' title='bbox 759 1993 920 2035; x_wconf 79' lang='lat' dir='ltr'>plurimas¹</span> <span class='ocrx_word' id='word_1_259' title='bbox 958 1995 1114 2036; x_wconf 84' lang='lat' dir='ltr'>egregias</span> <span class='ocrx_word' id='word_1_260' title='bbox 1148 1995 1315 2029; x_wconf 90' lang='lat' dir='ltr'>Tibullus.</span> <span class='ocrx_word' id='word_1_261' title='bbox 1377 1995 1448 2029; x_wconf 89' lang='lat' dir='ltr'>Sed</span> 
     </span>
     <span class='ocr_line' id='line_1_30' title="bbox 108 2058 1446 2101; baseline 0.002 -10"><span class='ocrx_word' id='word_1_262' title='bbox 108 2058 187 2101; x_wconf 91' lang='lat' dir='ltr'>quid</span> <span class='ocrx_word' id='word_1_263' title='bbox 213 2061 284 2093; x_wconf 86' lang='lat' dir='ltr'>vult</span> <span class='ocrx_word' id='word_1_264' title='bbox 309 2059 372 2092; x_wconf 83' lang='lat' dir='ltr'>sibi</span> <span class='ocrx_word' id='word_1_265' title='bbox 399 2070 453 2092; x_wconf 89' lang='lat' dir='ltr'>res</span> <span class='ocrx_word' id='word_1_266' title='bbox 479 2058 560 2092; x_wconf 70' lang='lat' dir='ltr'>hic?</span> <span class='ocrx_word' id='word_1_267' title='bbox 609 2059 752 2092; x_wconf 84' lang='lat' dir='ltr'>Dixerat</span> <span class='ocrx_word' id='word_1_268' title='bbox 774 2058 856 2090; x_wconf 79' lang='lat' dir='ltr'>mite</span> <span class='ocrx_word' id='word_1_269' title='bbox 881 2063 1051 2093; x_wconf 85' lang='lat' dir='ltr'>certamen</span> <span class='ocrx_word' id='word_1_270' title='bbox 1076 2060 1142 2093; x_wconf 88' lang='lat' dir='ltr'>vini</span> <span class='ocrx_word' id='word_1_271' title='bbox 1165 2060 1324 2096; x_wconf 81' lang='lat' dir='ltr'>futurum.</span> <span class='ocrx_word' id='word_1_272' title='bbox 1374 2061 1446 2094; x_wconf 88' lang='lat' dir='ltr'>Iam</span> 
     </span>
     <span class='ocr_line' id='line_1_31' title="bbox 107 2125 1446 2168; baseline 0.002 -11"><span class='ocrx_word' id='word_1_273' title='bbox 107 2125 241 2167; x_wconf 86' lang='lat' dir='ltr'>pergit:</span> <span class='ocrx_word' id='word_1_274' title='bbox 267 2126 372 2158; x_wconf 85' lang='lat' dir='ltr'>Amor</span> <span class='ocrx_word' id='word_1_275' title='bbox 397 2125 505 2166; x_wconf 86' lang='lat' dir='ltr'>enim,</span> <span class='ocrx_word' id='word_1_276' title='bbox 531 2125 584 2158; x_wconf 91' lang='lat' dir='ltr'>cui</span> <span class='ocrx_word' id='word_1_277' title='bbox 610 2125 774 2158; x_wconf 89' lang='lat' dir='ltr'>servimus</span> <span class='ocrx_word' id='word_1_278' title='bbox 799 2135 937 2167; x_wconf 88' lang='lat' dir='ltr'>omnes,</span> <span class='ocrx_word' id='word_1_279' title='bbox 964 2127 1055 2159; x_wconf 88' lang='lat' dir='ltr'>mitis</span> <span class='ocrx_word' id='word_1_280' title='bbox 1079 2126 1162 2160; x_wconf 88' lang='lat' dir='ltr'>deus</span> <span class='ocrx_word' id='word_1_281' title='bbox 1187 2132 1259 2168; x_wconf 83' lang='lat' dir='ltr'>est,</span> <span class='ocrx_word' id='word_1_282' title='bbox 1284 2131 1321 2160; x_wconf 91' lang='lat' dir='ltr'>ut</span> <span class='ocrx_word' id='word_1_283' title='bbox 1346 2128 1446 2161; x_wconf 89' lang='lat' dir='ltr'>etiam</span> 
     </span>
     <span class='ocr_line' id='line_1_32' title="bbox 106 2191 1447 2236; baseline 0.001 -13"><span class='ocrx_word' id='word_1_284' title='bbox 106 2192 314 2233; x_wconf 89' lang='lat' dir='ltr'>compotatio</span> <span class='ocrx_word' id='word_1_285' title='bbox 338 2194 452 2224; x_wconf 88' lang='lat' dir='ltr'>nostra</span> <span class='ocrx_word' id='word_1_286' title='bbox 477 2191 613 2234; x_wconf 79' lang='lat' dir='ltr'>quieta,</span> <span class='ocrx_word' id='word_1_287' title='bbox 639 2192 772 2234; x_wconf 89' lang='lat' dir='ltr'>placida</span> <span class='ocrx_word' id='word_1_288' title='bbox 797 2202 873 2225; x_wconf 86' lang='lat' dir='ltr'>esse</span> <span class='ocrx_word' id='word_1_289' title='bbox 899 2191 1042 2235; x_wconf 87' lang='lat' dir='ltr'>debeat,</span> <span class='ocrx_word' id='word_1_290' title='bbox 1068 2196 1169 2236; x_wconf 88' lang='lat' dir='ltr'>atque</span> <span class='ocrx_word' id='word_1_291' title='bbox 1196 2191 1272 2226; x_wconf 88' lang='lat' dir='ltr'>binc</span> <span class='ocrx_word' id='word_1_292' title='bbox 1296 2193 1447 2226; x_wconf 82' lang='lat' dir='ltr'>illustra—</span> 
     </span>
     <span class='ocr_line' id='line_1_33' title="bbox 105 2257 1444 2300; baseline 0.001 -11"><span class='ocrx_word' id='word_1_293' title='bbox 105 2257 154 2289; x_wconf 79' lang='lat' dir='ltr'>vit</span> <span class='ocrx_word' id='word_1_294' title='bbox 178 2257 244 2289; x_wconf 79' lang='lat' dir='ltr'>vim</span> <span class='ocrx_word' id='word_1_295' title='bbox 271 2257 404 2290; x_wconf 82' lang='lat' dir='ltr'>Amoris</span> <span class='ocrx_word' id='word_1_296' title='bbox 428 2258 758 2290; x_wconf 86' lang='lat' dir='ltr'>mansuefacientem.</span> <span class='ocrx_word' id='word_1_297' title='bbox 808 2257 957 2291; x_wconf 87' lang='lat' dir='ltr'>Iudicavi</span> <span class='ocrx_word' id='word_1_298' title='bbox 981 2268 1127 2300; x_wconf 78' lang='lat' dir='ltr'>nexum3</span> <span class='ocrx_word' id='word_1_299' title='bbox 1160 2259 1220 2292; x_wconf 90' lang='lat' dir='ltr'>sed</span> <span class='ocrx_word' id='word_1_300' title='bbox 1246 2257 1339 2291; x_wconf 88' lang='lat' dir='ltr'>vides</span> <span class='ocrx_word' id='word_1_301' title='bbox 1364 2257 1444 2300; x_wconf 87' lang='lat' dir='ltr'>quid</span> 
     </span>
     <span class='ocr_line' id='line_1_34' title="bbox 107 2323 1443 2365; baseline 0.002 -11"><span class='ocrx_word' id='word_1_302' title='bbox 107 2323 297 2365; x_wconf 78' lang='lat' dir='ltr'>peccaverit</span> <span class='ocrx_word' id='word_1_303' title='bbox 331 2323 541 2365; x_wconf 83' lang='lat' dir='ltr'>Lygdamus.</span> <span class='ocrx_word' id='word_1_304' title='bbox 602 2324 751 2358; x_wconf 84' lang='lat' dir='ltr'>Primum</span> <span class='ocrx_word' id='word_1_305' title='bbox 791 2325 879 2358; x_wconf 90' lang='lat' dir='ltr'>enim</span> <span class='ocrx_word' id='word_1_306' title='bbox 919 2335 995 2359; x_wconf 88' lang='lat' dir='ltr'>cum</span> <span class='ocrx_word' id='word_1_307' title='bbox 1034 2325 1238 2359; x_wconf 87' lang='lat' dir='ltr'>antecedens</span> <span class='ocrx_word' id='word_1_308' title='bbox 1277 2326 1443 2358; x_wconf 80' lang='lat' dir='ltr'>sententia</span> 
     </span>
     <span class='ocr_line' id='line_1_35' title="bbox 105 2387 1442 2436; baseline 0.002 -16"><span class='ocrx_word' id='word_1_309' title='bbox 105 2387 189 2422; x_wconf 80' lang='lat' dir='ltr'>haec</span> <span class='ocrx_word' id='word_1_310' title='bbox 214 2390 278 2422; x_wconf 78' lang='lat' dir='ltr'>sit:</span> <span class='ocrx_word' id='word_1_311' title='bbox 316 2395 351 2420; x_wconf 76' lang='lat' dir='ltr'>et</span> <span class='ocrx_word' id='word_1_312' title='bbox 377 2389 408 2421; x_wconf 78' lang='lat' dir='ltr'>si</span> <span class='ocrx_word' id='word_1_313' title='bbox 438 2389 517 2435; x_wconf 80' lang='lat' dir='ltr'>quis</span> <span class='ocrx_word' id='word_1_314' title='bbox 542 2396 718 2422; x_wconf 82' lang='lat' dir='ltr'>certamen</span> <span class='ocrx_word' id='word_1_315' title='bbox 744 2391 819 2423; x_wconf 79' lang='lat' dir='ltr'>vini</span> <span class='ocrx_word' id='word_1_316' title='bbox 843 2398 1003 2424; x_wconf 68' lang='lat' dir='ltr'>recusat,</span> <span class='ocrx_word' id='word_1_317' title='bbox 1028 2391 1156 2436; x_wconf 61' lang='lat' dir='ltr'>infelix</span> <span class='ocrx_word' id='word_1_318' title='bbox 1182 2392 1229 2425; x_wconf 77' lang='lat' dir='ltr'>sit</span> <span class='ocrx_word' id='word_1_319' title='bbox 1255 2392 1291 2424; x_wconf 83' lang='lat' dir='ltr'>in</span> <span class='ocrx_word' id='word_1_320' title='bbox 1316 2403 1442 2427; x_wconf 83' lang='lat' dir='ltr'>amore,</span> 
     </span>
     <span class='ocr_line' id='line_1_36' title="bbox 104 2453 1443 2499; baseline 0.004 -15"><span class='ocrx_word' id='word_1_321' title='bbox 104 2463 166 2486; x_wconf 85' lang='lat' dir='ltr'>uec</span> <span class='ocrx_word' id='word_1_322' title='bbox 193 2463 348 2495; x_wconf 83' lang='lat' dir='ltr'>maguam</span> <span class='ocrx_word' id='word_1_323' title='bbox 382 2455 447 2487; x_wconf 85' lang='lat' dir='ltr'>vim</span> <span class='ocrx_word' id='word_1_324' title='bbox 483 2453 605 2487; x_wconf 88' lang='lat' dir='ltr'>babeat</span> <span class='ocrx_word' id='word_1_325' title='bbox 639 2454 813 2498; x_wconf 85' lang='lat' dir='ltr'>epitheton</span> <span class='ocrx_word' id='word_1_326' title='bbox 838 2455 919 2487; x_wconf 78' lang='lat' dir='ltr'>mite</span> <span class='ocrx_word' id='word_1_327' title='bbox 945 2456 989 2489; x_wconf 91' lang='lat' dir='ltr'>ibi</span> <span class='ocrx_word' id='word_1_328' title='bbox 1016 2458 1110 2499; x_wconf 86' lang='lat' dir='ltr'>quasi</span> <span class='ocrx_word' id='word_1_329' title='bbox 1136 2458 1247 2491; x_wconf 88' lang='lat' dir='ltr'>obiter</span> <span class='ocrx_word' id='word_1_330' title='bbox 1270 2459 1443 2497; x_wconf 77' lang='lat' dir='ltr'>insertum,</span> 
     </span>
     <span class='ocr_line' id='line_1_37' title="bbox 106 2520 1441 2565; baseline 0.002 -14"><span class='ocrx_word' id='word_1_331' title='bbox 106 2529 206 2552; x_wconf 84' lang='lat' dir='ltr'>nemo</span> <span class='ocrx_word' id='word_1_332' title='bbox 243 2520 397 2563; x_wconf 81' lang='lat' dir='ltr'>profecto</span> <span class='ocrx_word' id='word_1_333' title='bbox 433 2521 656 2564; x_wconf 79' lang='lat' dir='ltr'>exspectabat</span> <span class='ocrx_word' id='word_1_334' title='bbox 690 2520 753 2554; x_wconf 88' lang='lat' dir='ltr'>boc</span> <span class='ocrx_word' id='word_1_335' title='bbox 788 2522 897 2565; x_wconf 90' lang='lat' dir='ltr'>ipsum</span> <span class='ocrx_word' id='word_1_336' title='bbox 933 2533 1019 2555; x_wconf 90' lang='lat' dir='ltr'>nunc</span> <span class='ocrx_word' id='word_1_337' title='bbox 1056 2523 1257 2556; x_wconf 85' lang='lat' dir='ltr'>illustratum</span> <span class='ocrx_word' id='word_1_338' title='bbox 1292 2524 1331 2556; x_wconf 90' lang='lat' dir='ltr'>iri</span> <span class='ocrx_word' id='word_1_339' title='bbox 1364 2523 1441 2555; x_wconf 83' lang='lat' dir='ltr'>data</span> 
     </span>
     <span class='ocr_line' id='line_1_38' title="bbox 104 2586 1441 2633; baseline 0.003 -16"><span class='ocrx_word' id='word_1_340' title='bbox 104 2595 227 2628; x_wconf 82' lang='lat' dir='ltr'>opera,</span> <span class='ocrx_word' id='word_1_341' title='bbox 263 2596 324 2619; x_wconf 87' lang='lat' dir='ltr'>nec</span> <span class='ocrx_word' id='word_1_342' title='bbox 350 2586 377 2618; x_wconf 87' lang='lat' dir='ltr'>si</span> <span class='ocrx_word' id='word_1_343' title='bbox 411 2586 547 2620; x_wconf 82' lang='lat' dir='ltr'>abesset</span> <span class='ocrx_word' id='word_1_344' title='bbox 582 2588 694 2628; x_wconf 86' lang='lat' dir='ltr'>locus,</span> <span class='ocrx_word' id='word_1_345' title='bbox 731 2587 942 2621; x_wconf 78' lang='lat' dir='ltr'>desiderares</span> <span class='ocrx_word' id='word_1_346' title='bbox 967 2589 1158 2632; x_wconf 85' lang='lat' dir='ltr'>quidquam.</span> <span class='ocrx_word' id='word_1_347' title='bbox 1211 2590 1272 2622; x_wconf 66' lang='lat' dir='ltr'>Est</span> <span class='ocrx_word' id='word_1_348' title='bbox 1307 2594 1441 2633; x_wconf 78' lang='lat' dir='ltr'>praeter</span> 
     </span>
    </p>
   </div>
   <div class='ocr_carea' id='block_1_6' title="bbox 104 2653 1442 2697">
    <p class='ocr_par' dir='ltr' id='par_1_6' title="bbox 104 2653 1442 2697">
     <span class='ocr_line' id='line_1_39' title="bbox 104 2653 1442 2697; baseline 0.002 -13"><span class='ocrx_word' id='word_1_349' title='bbox 104 2653 337 2685; x_wconf 71' lang='lat' dir='ltr'>necessitatem</span> <span class='ocrx_word' id='word_1_350' title='bbox 362 2653 590 2697; x_wconf 75' lang='lat' dir='ltr'>interpositus,</span> <span class='ocrx_word' id='word_1_351' title='bbox 642 2655 770 2686; x_wconf 79' lang='lat' dir='ltr'>Deinde</span> <span class='ocrx_word' id='word_1_352' title='bbox 798 2656 899 2688; x_wconf 79' lang='lat' dir='ltr'>etiam</span> <span class='ocrx_word' id='word_1_353' title='bbox 926 2657 1084 2689; x_wconf 87' lang='lat' dir='ltr'>transitus</span> <span class='ocrx_word' id='word_1_354' title='bbox 1109 2657 1215 2689; x_wconf 81' lang='lat' dir='ltr'>malus</span> <span class='ocrx_word' id='word_1_355' title='bbox 1242 2659 1303 2688; x_wconf 79' lang='lat' dir='ltr'>est.</span> <span class='ocrx_word' id='word_1_356' title='bbox 1356 2656 1442 2690; x_wconf 77' lang='lat' dir='ltr'>Quis</span> 
     </span>
    </p>
   </div>
  </div>
 </body>
</html>
