1721 2953
465 187 609 228 LIBR.
637 185 713 226 IV.
770 184 939 226 CARM.
968 185 1024 226 X.
1333 184 1415 224 457

78 303 364 338 contemtissimae
388 302 605 343 ancillarum,
640 303 680 333 ut
704 309 724 333 e
746 299 939 333 Pss'rnomo
965 309 995 332 c.
1022 299 1103 331 132.
1129 297 1256 340 liquet,
1292 297 1418 330 collato

79 372 322 404 Bonrrxesno
355 369 389 402 in
424 369 540 402 Sabin.
573 367 673 401 Tom.
696 365 740 399 11.
776 376 854 409 pag.
883 368 960 399 104.
1009 364 1095 398 Erat
1118 375 1201 398 vero
1227 362 1420 409 quasillum

85 435 248 478 calathus,
274 436 307 468 in
332 445 400 477 quo
424 435 568 467 ancillae
594 443 696 477 pensa
721 432 839 465 diurna
864 432 1086 476 reponebant,
1110 430 1154 464 cf.
1180 429 1334 463 laudatos
1357 429 1422 462 iam

80 502 123 534 ab
148 502 223 534 aliis
246 501 450 544 interpretes
475 499 518 532 ad
542 500 731 533 PROPERT.
756 497 818 539 lv,
843 501 876 540 7,
901 500 957 532 41.
993 502 1028 531 et
1051 496 1094 530 ad
1121 497 1247 530 Crcnn.
1271 494 1420 538 Philipp.

79 566 140 607 Ill,
165 568 198 599 4.
247 567 298 598 Ac
320 564 430 609 premi
455 563 609 611 quasillo
634 570 687 596 est
711 567 852 604 tenere,
891 567 1049 606 portare,
1090 561 1311 596 circumferre
1336 570 1422 602 qua-

78 633 189 665 sillum
215 642 319 674 grave
343 632 430 664 lana.
478 631 659 664 Postremo
683 640 826 671 moneo,
863 630 954 672 quod
979 630 1053 674 ipse
1079 629 1214 671 vidisti,
1247 639 1301 663 me
1326 628 1423 661 initio

81 698 269 730 sententiae
303 697 440 730 lectioni
470 697 518 730 sit
551 697 753 741 praetulisse
779 696 1008 730 coniecturam
1034 696 1183 730 Hnmsu
1209 695 1266 737 si,
1303 697 1424 738 utpote

81 764 201 796 melius
238 764 492 796 convenientem
531 762 652 795 rationi
693 761 861 795 carminis.
927 761 1034 794 Ridet
1071 761 1185 805 puella
1225 758 1424 793 Cerinthum

81 830 171 873 quod
198 830 294 863 nimis
319 840 459 862 securus
483 830 527 861 sit
552 828 595 861 de
619 828 735 861 favore
760 838 835 861 suo.
884 826 1010 869 Erras,
1035 827 1102 868 ait,
1130 825 1220 869 quod
1246 830 1424 858 aeternum

81 897 191 930 credis
216 897 364 930 favorem
389 906 513 929 meum.
562 896 600 928 Si
630 900 667 928 tu
700 895 800 928 aliam
834 905 947 936 amam,
981 898 1058 927 sunt
1084 895 1185 927 etiam
1211 891 1290 926 milii
1317 892 1428 925 admi-

81 968 223 997 ratores.
271 963 333 995 Sin
359 972 466 1005 ponas
490 960 562 998 sit,
586 960 696 994 dicet:
733 959 858 994 habeas
884 959 946 993 tibi
972 960 1074 1001 alias,
1099 959 1177 992 nihil
1204 958 1332 999 refert,
1360 967 1428 990 non

83 1031 204 1072 doleo,
241 1033 320 1064 sunt
347 1028 427 1062 mihi
458 1029 515 1061 alii
548 1027 782 1062 admiratores.
831 1027 903 1061 Sed
935 1026 1020 1061 haec
1045 1037 1111 1060 non
1137 1030 1189 1060 est
1213 1036 1308 1060 mens
1334 1026 1430 1066 eius3

84 1108 203 1131 revera
228 1096 322 1130 dolet
355 1100 389 1129 et
417 1106 459 1128 ne
490 1096 617 1128 ironice
643 1095 779 1137 quidem
806 1095 1006 1138 permittere
1036 1095 1108 1127 vult
1133 1093 1236 1126 credo
1261 1090 1351 1135 quod
1380 1092 1430 1124 sic

84 1166 251 1209 ponimus,
277 1182 324 1189 —-
364 1164 406 1198 V.
432 1166 453 1197 5
479 1175 529 1206 sq.
577 1162 786 1196 Solliciti
821 1166 924 1196 sunt
960 1172 1038 1205 pro
1070 1162 1210 1194 nobis.
1259 1161 1312 1193 De
1345 1170 1428 1192 con-

84 1232 272 1264 structione
311 1230 633 1263 Wtst-fflmcnlus
671 1228 805 1261 confert
839 1227 966 1260 Tim.
1000 1227 1092 1259 Hist.
1127 1227 1187 1268 lv,
1220 1228 1286 1259 58:
1326 1225 1431 1257 Nan-

85 1310 192 1343 quam
217 1297 316 1342 apud
339 1309 399 1329 vos
426 1295 529 1329 verba
548 1295 645 1342 feci,
681 1302 747 1328 aut
773 1308 841 1339 pro
876 1293 971 1327 vobis
996 1292 1179 1326 sollicitior
1202 1297 1268 1324 aut
1288 1302 1355 1335 pro
1381 1302 1432 1321 me

87 1362 252 1396 securior.
301 1363 473 1395 HEYNms
508 1372 551 1394 ex
585 1362 700 1395 Gellio
724 1360 821 1402 XIX,
848 1362 888 1394 1:
924 1358 1100 1392 sollicitus
1120 1369 1187 1402 pro
1218 1356 1296 1390 vila
1321 1355 1432 1396 affert,

86 1431 121 1461 et
151 1428 363 1460 Hoscnxms
389 1437 432 1459 ex
458 1426 617 1468 Appulei.
646 1427 730 1458 Met.
758 1426 798 1458 V.
826 1437 859 1467 p.
886 1427 952 1457 99:
991 1422 1168 1456 sororibus
1188 1434 1255 1466 pro
1281 1428 1346 1454 tua
1372 1433 1435 1453 sa-

86 1492 162 1524 lute
186 1491 359 1525 sollicitis.
385 1508 431 1515 -·
475 1492 573 1526 Quae
598 1494 786 1532 sequuntur
811 1488 934 1521 verba:
971 1488 1135 1530 quibus
1170 1488 1250 1519 illa
1284 1486 1435 1519 dolori

87 1563 176 1600 est,
214 1559 304 1591 refer
330 1558 372 1591 ad
399 1558 566 1591 sollicitos
592 1558 667 1590 illos
693 1557 917 1589 admiratores
942 1555 1137 1598 Sulpiciae,
1175 1554 1231 1596 qui
1256 1553 1436 1594 indignan-

87 1627 142 1656 tur
167 1623 265 1655 vilem
292 1624 383 1655 illam
409 1623 467 1654 tali
502 1623 615 1664 puella
639 1610 817 1664 ¹potiorem
852 1619 980 1653 haberi.
1042 1621 1202 1652 Postulat
1233 1618 1297 1651 hoc
1333 1619 1435 1651 etiam

88 1690 279 1733 oppositio:
314 1689 353 1721 Si
378 1693 434 1729 tu,
461 1688 588 1729 inquit,
614 1686 766 1729 praefers
791 1685 892 1718 vilem
919 1685 1084 1728 puellam,
1112 1688 1189 1717 sunt
1214 1687 1333 1717 contra
1356 1683 1436 1716 mihi

87 1756 188 1790 amici
213 1756 307 1788 exosi
334 1755 444 1795 illam,
482 1754 538 1797 qui
565 1754 682 1786 nolunt
708 1763 763 1785 me
796 1752 920 1786 cedere
949 1755 983 1785 et
1011 1750 1207 1795 posthaberi
1233 1751 1292 1783 tali
1316 1751 1437 1793 ignoto

88 1828 165 1857 toro
190 1827 225 1856 et
249 1823 385 1863 colunt,
411 1820 577 1854 honorant
603 1820 680 1853 data
706 1830 822 1863 opera.
872 1819 926 1852 Ne
951 1819 1071 1860 iungas
1097 1817 1201 1859 igitur
1226 1827 1301 1850 cum
1328 1816 1434 1849 HnY-

90 1899 153 1923 Nlo
179 1888 305 1921 nobis
323 1886 564 1930 —quibus‚
592 1886 625 1918 in
651 1895 718 1928 quo
745 1885 846 1918 etiam
873 1883 954 1916 illud
982 1883 1149 1927 displicet,
1175 1883 1266 1925 quod
1287 1883 1440 1926 Sulpicia

92 1954 221 1987 directe
256 1953 383 1986 fatetur
417 1953 527 1986 dolori
562 1953 624 1986 sibi
661 1963 736 1985 esse
772 1954 870 1985 istam
907 1952 1020 1984 vilem.
1069 1950 1143 1983 Nec
1178 1950 1299 1983 latebit
1333 1953 1366 1982 te
1390 1949 1439 1982 sic

93 2020 158 2054 boc
193 2021 293 2053 colon
327 2020 466 2053 omnino
502 2019 620 2052 inutile
655 2023 689 2052 et
723 2018 873 2051 ieiunum
902 2016 1167 2050 additamentum
1191 2015 1275 2048 fieri.
1335 2015 1441 2047 Cete-

93 2096 168 2119 rum
195 2085 305 2117 dolori
328 2096 402 2117 esse
427 2084 534 2116 aliem
561 2087 632 2118 est:
672 2084 721 2116 ira
755 2083 903 2116 afficere.
929 2101 976 2106 —
1015 2081 1147 2116 Verba:
1187 2080 1250 2113 Ne
1288 2079 1441 2113 cedam

94 2152 253 2195 ignoto
291 2156 409 2193 toro,
455 2152 542 2184 male
577 2151 787 2184 Huscnxms
823 2160 900 2184 cum
937 2149 1045 2182 amico
1084 2147 1227 2180 HssYMr
1271 2145 1442 2189 explicat:

92 2230 136 2252 ne
168 2220 247 2260 tibi,
287 2219 432 2252 obscuro
462 2217 609 2260 homini,
645 2218 789 2258 nubam,
824 2217 919 2259 quasi
944 2217 1023 2249 talia
1053 2214 1165 2248 verba‘
1186 2224 1295 2256 aequo
1328 2213 1440 2245 animo

93 2287 184 2320 ferre
211 2284 394 2318 Cerintlius
421 2285 582 2328 potuerit.
643 2284 851 2318 Stultissima
877 2283 996 2315 fuisset
1021 2281 1173 2325 Sulpicia
1198 2280 1278 2313 talia
1303 2278 1443 2318 iaciens,

94 2352 274 2384 vilissimus
300 2349 400 2383 homo
428 2350 630 2393 Cerinffius,
656 2352 684 2384 si
710 2351 743 2384 in
769 2351 829 2383 tali
857 2352 1033 2383 contemtu
1057 2358 1123 2381 non
1150 2346 1364 2380 discessisset
1389 2345 1441 2377 iu-

94 2416 340 2458 dignabundus.
390 2416 551 2449 Ceterum
587 2417 778 2458 ignotus
812 2419 938 2448 torus
972 2425 1074 2457 supra
1099 2413 1210 2446 dictus
1235 2412 1296 2453 111,
1322 2414 1355 2452 6,
1382 2413 1438 2443 60.

95 2482 379 2524 quemadmodum
405 2484 539 2515 Graece
566 2483 668 2516 toties
696 2482 791 2523 λέχος
817 2481 859 2514 de
885 2484 995 2513 amata
1022 2484 1080 2513 aut
1105 2483 1238 2520 amato,
1264 2478 1305 2510 de
1335 2487 1442 2510 uxore

95 2552 155 2581 aut
179 2549 312 2582 marito·
338 2567 385 2573 —
418 2548 609 2581 maxima
635 2558 778 2581 causa.
830 2546 931 2582 Quod
958 2546 1050 2579 multi
1078 2546 1264 2589 probarunt
1289 2542 1443 2575 maxima

98 2626 204 2651 cura,
241 2615 420 2649 manifesto
455 2615 591 2648 tenuius
626 2620 678 2648 est
713 2619 748 2648 et
784 2614 928 2647 debilius
954 2612 1015 2646 hoc
1047 2612 1187 2645 fortiore
1213 2615 1248 2644 et
1273 2609 1442 2654 pondero-

97 2684 187 2716 siore
212 2683 336 2724 verbo,
362 2682 453 2727 quod
479 2683 566 2717 bene
593 2683 845 2717 Lacrimis-nus
872 2681 1051 2715 revocavit.
1102 2679 1165 2712 Est
1185 2689 1266 2713 vero
1291 2676 1443 2710 maxima
