1721 2953
515 136 659 176 LIBR.
690 136 721 174 Ι.
779 134 938 174 ELEG.
969 134 1020 174 ΙΙ.
1376 133 1426 171 41

87 253 178 284 cite
219 250 490 290 luminibus,
526 256 630 290 quare
667 255 710 279 ne
745 244 922 289 adspicite.
986 245 1036 279 Ad
1073 244 1276 279 locutionem
1313 243 1430 277 confer

87 318 194 350 Ovm.
224 316 308 349 Met.
335 317 376 356 V,
401 317 481 349 248.
530 314 589 347 Sic
614 313 738 354 verbis,
763 312 914 353 dextrae,
941 312 1030 345 ferro
1054 322 1194 356 parcere
1223 311 1347 344 dicitur
1372 322 1420 354 pr.

88 383 138 416 liis
171 393 236 417 non
268 383 327 416 uti.
353 399 396 407 -
429 383 538 415 Porro
563 391 640 414 seu
666 380 751 414 fiat
787 390 836 423 pr.
863 379 939 423 fias
966 385 1059 413 recte
1084 378 1218 412 videtur
1243 387 1423 410 revocasse

88 449 349 482 monuimus.
408 447 497 479 Usus
521 450 622 489 poeta
645 449 698 479 est
722 445 823 478 tertia
848 454 992 487 persona
1017 445 1049 477 in
1075 444 1312 487 designatione
1337 443 1421 476 sub-

87 515 187 556 iecti,
212 513 360 547 secunda
386 514 418 546 in
443 512 655 554 hortatione,
679 511 769 554 quod
795 512 869 554 quis
896 512 970 545 iure
998 511 1250 556 reprehendat?
1300 512 1364 546 Vel
1393 512 1428 544 in

88 586 256 616 certarum
281 591 500 625 personarum
532 580 738 613 allocutione
764 578 828 612 lioc
860 578 995 612 admisit
1029 580 1185 613 laudatus
1209 580 1252 613 ab
1282 579 1429 612 Huscu-

87 659 148 682 κιο
174 647 217 681 ad
248 648 275 690 Ι,
306 651 339 690 6,
368 651 424 681 39.
454 647 631 680 Homssnus
658 646 694 680 ll.
720 646 832 687 XVII,
852 648 939 679 243:
982 638 1007 678 ὦ
1033 648 1132 686 ᾳίλοι,
1158 645 1318 692 Ἀργείων
1344 643 1430 690 ²27²)-

87 726 182 758 τορες
207 710 266 757 ἠδὲ
292 714 468 753 μέδοντες,
501 710 567 744 οἵτε
592 708 673 756 παρ’
696 708 896 756 Ἀτρείδῃς,
919 707 1141 752 Ἀγαμέμνονι
1172 715 1228 744 καὶ
1252 708 1430 754 ΔΙειέλάῳ,

89 777 197 824 δήμια
231 782 401 819 πίνουσιν,
438 782 494 812 καὶ
518 782 739 823 σημαίνουσιν
763 777 902 814 ἕκαστος
931 779 1035 815 λαοῖς.
1093 779 1159 812 Ubi
1184 783 1297 812 autem
1322 780 1434 811 incer-

90 852 146 880 tae
172 857 356 890 personae,
394 847 501 879 minus
537 847 637 879 etiam
672 846 757 879 mira
789 856 864 888 res,
903 850 937 879 et
963 847 1044 879 satis
1070 851 1169 887 nota,
1203 850 1241 879 ut
1274 846 1368 880 Hom.
1394 846 1433 879 ll.

91 915 222 956 XXIII,
247 917 337 947 285:
372 911 469 946 ἄλλοι
503 915 539 946 δὲ
565 915 746 946 στέλλεσθε
773 911 860 946 nrm?
886 910 1051 958 στρατόν,
1089 909 1181 950 ὅστις
1206 914 1353 955 Ἀχαιῶν
1379 911 1435 946 ἵπ-

89 983 202 1013 ποισίν
238 993 271 1012 τε
305 982 449 1012 πέποιθε
481 982 537 1012 καὶ
571 973 699 1024 ἅρμασι
723 980 949 1024 κολληιοῑσιν.
1000 979 1046 1012 Et
1071 980 1104 1012 in
1131 980 1236 1021 lyrica
1261 981 1437 1012 oratione:

92 1049 255 1083 CATULL.
282 1049 350 1082 III:
381 1049 511 1094 lugete,
541 1061 559 1080 o
590 1049 738 1081 Veneres
764 1047 1012 1092 cupidinesqzce
1035 1053 1072 1079 et
1098 1052 1272 1092 quantum
1294 1051 1347 1077 est
1373 1046 1439 1078 llo*

93 1116 223 1149 minum
244 1115 495 1150 venustior-um.
521 1115 652 1156 XXXI,
675 1117 737 1148 142
763 1114 885 1150 ridete,
910 1112 1084 1159 quidquid
1104 1117 1158 1145 est
1180 1112 1269 1145 (lomi
1295 1111 1440 1144 cachin—

95 1195 230 1218 norum.
286 1185 337 1216 Ac
362 1193 404 1216 ne
432 1181 490 1215 lias
524 1186 653 1215 tantum
690 1181 851 1214 formulas
885 1184 982 1213 notas
1016 1180 1176 1220 afferam,
1215 1178 1291 1212 vide
1328 1178 1438 1221 ipsum

95 1248 272 1282 Tibullum
301 1248 328 1289 Ι,
354 1250 387 1288 6,
411 1250 476 1280 39:
505 1253 591 1279 tunc
611 1246 739 1290 procul
763 1245 908 1281 abs-itis,
932 1245 1092 1290 quisquis
1117 1244 1201 1277 colit
1225 1250 1304 1276 arte
1329 1243 1440 1287 capil-

96 1313 161 1347 los.
187 1330 232 1338 —
260 1314 300 1346 V.
325 1315 381 1345 37.
418 1312 511 1344 Neu
547 1312 750 1354 strepitu
784 1314 956 1344 terrete
982 1310 1150 1353 pedum.
1200 1310 1287 1343 Cum
1312 1310 1440 1342 aliine

96 1380 236 1421 malint,
273 1378 425 1412 defendit
452 1377 662 1410 Huscfflcms
688 1387 765 1408 neu.
814 1375 902 1408 Nam
929 1385 993 1407 non
1019 1376 1128 1407 minus
1161 1380 1255 1409 recte
1282 1387 1319 1409 se
1345 1378 1441 1410 exci-

96 1446 193 1489 piunt
226 1456 292 1477 ῃειι
319 1461 365 1469 -
392 1456 480 1479 neu,
513 1453 613 1486 quam
645 1454 686 1474 ne
721 1461 756 1466 —
786 1453 874 1478 neu,
912 1442 956 1476 cf.
986 1442 1092 1475 Vme.
1127 1443 1256 1484 Georg.
1284 1442 1329 1484 Π,
1355 1446 1440 1478 298.

99 1514 184 1544 Aen.
210 1511 271 1552 lx,
296 1512 353 1545 42.
402 1510 472 1544 Sed
506 1521 573 1544 non
608 1520 693 1554 opus
718 1508 768 1542 his
794 1519 904 1549 nuuc3
943 1509 1101 1557 Tibullus
1128 1509 1235 1542 iunxit
1260 1508 1347 1543 baud
1377 1510 1442 1544 du-

98 1579 170 1612 bie:
206 1577 352 1611 Parcite
378 1596 421 1603 -
449 1578 527 1610 Neu
554 1571 684 1610 terrete
703 1582 770 1611 etc.
819 1576 894 1610 Nec
920 1576 1067 1617 turbate,
1092 1576 1150 1616 ait,
1175 1580 1357 1619 amantem,
1382 1578 1442 1610 sed

99 1645 240 1678 transite
267 1645 332 1678 leni
353 1655 484 1687 gressu,
513 1645 627 1685 tacite,
653 1655 716 1677 nec
741 1644 849 1677 facem
877 1643 1016 1687 propius
1040 1642 1270 1684 admoventes,
1297 1648 1335 1676 ut
1359 1654 1443 1676 con-

99 1711 230 1755 spectui
257 1709 425 1743 hominum
452 1713 652 1752 exponatur.
675 1727 722 1733 —
747 1709 787 1741 V.
814 1711 873 1741 39.
911 1708 1100 1740 occulat
1125 1708 1218 1740 ille.
1267 1708 1344 1741 Non
1370 1710 1444 1743 sine

100 1777 132 1809 vi
159 1782 212 1810 est
237 1786 434 1820 pronomen.
485 1776 551 1811 Qui
576 1775 676 1809 dicit:
715 1775 742 1808 si
767 1776 843 1818 quis
866 1775 1074 1818 adspexerit,
1099 1775 1244 1816 occulat,
1271 1774 1314 1808 de
1339 1776 1444 1809 verbo

101 1842 345 1886 propemodum
370 1844 444 1876 solo
474 1843 625 1885 cogitat3
669 1842 726 1885 qui
751 1851 852 1875 vero:
886 1841 913 1874 si
948 1841 1023 1883 quis
1055 1841 1272 1884 adspexerit,
1310 1843 1446 1875 occulat

100 1909 178 1950 ille,
204 1908 397 1952 expressius
423 1906 498 1941 huic
523 1908 586 1952 ipsi
613 1917 798 1951 personae,
830 1917 1051 1949 quaecunque
1076 1911 1148 1948 est,
1172 1908 1327 1950 imperat.
1377 1908 1444 1941 Ce-

103 1981 213 2009 terum
242 1975 283 2009 cf.
309 1975 336 2016 Ι,
359 1977 393 2016 4,
417 1977 474 2008 68.
500 1993 547 2000 —-
588 1975 630 2008 V.
657 1977 713 2009 41.
746 1975 969 2017 sanguine
995 1978 1153 2007 natam.
1203 1973 1347 2006 Constat
1372 1973 1444 2007 Ve-

102 2052 218 2074 nerem
254 2041 411 2074 abscissis
448 2041 543 2074 Coeli
582 2040 788 2083 genitalibus
825 2040 858 2072 in
898 2050 991 2073 mare
1032 2039 1193 2083 proiectis
1230 2043 1363 2080 natam,
1400 2040 1444 2073 ef.

101 2106 256 2139 Hssswn.
282 2105 414 2148 Theog.
446 2108 513 2139 108
537 2116 611 2149 sqq.
661 2106 790 2139 Sensus
824 2109 938 2138 autem
966 2109 1038 2138 est:
1082 2106 1178 2139 Sciat
1211 2115 1346 2139 saevam
1376 2106 1445 2139 Ve-

102 2183 229 2206 nerem.
279 2173 317 2206 ln
344 2183 444 2215 quam
469 2183 540 2206 rem
565 2173 744 2207 conferunt
771 2173 877 2206 Ovm.
912 2172 996 2209 Met.
1022 2173 1050 2213 1,
1080 2174 1164 2205 162:
1189 2171 1295 2204 scires
1317 2183 1334 2202 e
1360 2182 1444 2203 san-

100 2238 209 2284 guine
227 2243 343 2272 natos.
389 2238 471 2271 Mox
492 2237 585 2271 vides
601 2238 847 2271 substantivum
869 2238 897 2271 V
909 2249 927 2271 e
939 2249 958 2270 n
970 2248 1084 2271 erem
1103 2237 1268 2270 ambobus
1286 2237 1446 2270 membris

104 2315 284 2338 commune
311 2304 462 2337 suaviter
496 2305 528 2336 in
560 2304 725 2348 principio
756 2304 897 2337 secundi
931 2304 1101 2348 positum,
1143 2308 1181 2336 ut
1205 2308 1295 2337 amat
1320 2305 1447 2348 poesis.

105 2372 163 2404 Sic
191 2370 275 2404 insta
300 2370 327 2412 Ι,
353 2374 386 2411 5,
412 2373 478 2403 36:
518 2370 601 2402 huic
621 2377 727 2414 paret
753 2377 863 2416 atque
891 2370 1015 2414 epulas
1039 2370 1118 2414 ipsa
1143 2370 1306 2403 ministra
1329 2377 1446 2416 gerat.

106 2436 132 2477 l,
147 2439 180 2477 6,
197 2439 236 2468 81
255 2448 263 2468 z
288 2436 379 2468 hanc
402 2436 519 2469 vident
546 2437 778 2483 iuvenumque
798 2444 960 2471 catervae
983 2444 1259 2472 commemorant.
1284 2439 1310 2480 Ι,
1331 2442 1364 2479 7,
1385 2441 1448 2472 49:

109 2508 246 2533 reulum
271 2501 365 2534 ludis
390 2502 604 2548 Geniumque
631 2502 763 2535 choreis·
790 2502 1000 2536 coslcelebl‘a·
1060 2504 1221 2537 Ceterum
1248 2503 1363 2537 confer
1388 2514 1448 2536 au-

109 2568 315 2601 notationem
342 2573 490 2602 nostram
517 2569 558 2601 ad
589 2569 614 2610 1,
643 2571 674 2609 1,
706 2571 762 2602 51.
792 2588 838 2594 —
866 2569 906 2603 V.
933 2571 990 2604 42.
1024 2580 1043 2603 e
1068 2570 1178 2603 mari
1209 2579 1322 2605 esse.
1373 2568 1448 2601 150¹·

109 2634 337 2667 necessarium
363 2639 415 2668 est
440 2636 600 2679 supplere
628 2641 775 2672 natam,
813 2637 916 2670 veluti
952 2636 1074 2670 dicitur
1109 2640 1221 2670 recte:
1265 2635 1351 2669 unde
1388 2634 1451 2666 vs?
