1721 2953
287 167 415 192 Lxxiv
826 155 900 195 DE
930 154 1088 198 POESI

398 272 456 311 Ac
492 274 651 324 primum
687 269 852 323 quidem
891 273 1183 326 simplicissima
1219 274 1289 313 lex
1327 275 1630 328 compositionis

284 345 469 398 prodeat,
497 347 569 387 ubi
590 349 738 400 paritas
761 357 904 399 regnat
924 349 1033 388 inter
1056 363 1135 398 reS,
1161 364 1262 402 quas
1287 349 1504 403 descriptio
1529 365 1630 389 enu-

284 436 445 462 merans
484 422 775 475 complectitur
801 421 1112 479 (Coordz'nation).
1177 427 1226 465 In
1262 427 1372 466 hunc
1401 425 1571 466 modum
1601 428 1631 476 I,

285 503 322 545 8,
352 498 473 538 9-14.
502 505 608 536 artes
640 496 941 549 describuntur,
971 500 1121 552 quibus
1143 500 1304 552 placere
1329 500 1519 540 studebat
1544 501 1632 540 for-

283 586 421 612 mosus
461 587 566 625 puer
604 573 820 614 Marathus
861 578 1043 628 puellae,
1090 590 1190 616 eura
1230 590 1463 626 comarum,
1511 577 1631 615 fucus

282 661 502 698 genarum,
546 662 704 700 ungues
744 663 943 689 manuum
983 652 1159 691 subsecti
1186 651 1318 704 perite
1350 661 1388 691 et
1419 664 1517 690 ansa
1547 652 1630 690 col-

281 724 410 773 ligens
455 737 708 777 compressos
746 724 894 778 pedes,
939 741 983 767 ac
1022 736 1135 780 patet
1177 737 1309 768 totum
1348 727 1511 777 adesse,
1558 726 1629 766 de-

283 798 503 850 scriptione
534 814 557 838 a
587 800 715 852 capite
750 800 799 840 ad
825 800 950 853 pedes
977 800 1262 842 descendente.
1319 803 1412 842 Alia
1441 804 1629 854 exempla

278 884 377 928 ‚sunt
414 878 446 927 l,
475 881 515 928 2,
556 882 707 919 25-32.
745 879 817 918 ubi
856 880 984 918 tutela
1019 879 1196 918 Veneris
1234 880 1278 918 in
1319 879 1387 920 via
1426 887 1628 919 nocturna

282 951 548 1005 describitur,
592 968 699 1008 quae
735 963 774 994 et
801 956 978 1008 impetus
1006 964 1282 1007 grassatorum
1311 963 1446 994 arceat
1475 962 1514 993 et
1539 955 1628 994 hie-

280 1030 356 1069 mis
386 1031 448 1071 vis
488 1032 609 1072 saciat
637 1047 698 1077 ‚ne
739 1041 905 1084 noceat,
952 1041 992 1072 et
1021 1034 1052 1083 I,
1091 1038 1128 1082 6,
1163 1037 1310 1072 17—22.
1353 1031 1426 1071 ubi
1459 1030 1627 1070 fraudes

278 1106 453 1146 lascivae
484 1108 628 1147 Deliae
664 1117 972 1148 enumerantur.
1042 1108 1155 1147 Haec
1181 1108 1306 1158 igitur
1335 1107 1475 1146 onmia
1503 1107 1627 1146 huius

278 1183 459 1233 generis,
503 1193 543 1224 et
570 1183 729 1225 videbis
768 1186 879 1224 infra
918 1193 1174 1239 quantopere
1204 1191 1312 1223 amet
1341 1184 1531 1224 Tibullus
1563 1198 1627 1224 ac-

279 1265 440 1298 curatas
471 1258 692 1299 dlvisiones
720 1274 876 1300 rerum.

392 1333 592 1373 Succedat
629 1336 788 1373 secundo
818 1336 910 1373 loco
943 1338 1148 1387 compositio
1176 1349 1245 1387 pez·
1271 1338 1547 1387 oppositionem,
1588 1341 1627 1372 et

278 1407 457 1458 primum
488 1406 655 1459 quidem
685 1421 760 1459 per
790 1408 1026 1445 distichorum
1058 1407 1382 1458 oppositionem,
1417 1407 1458 1445 h.
1489 1420 1524 1444 e.
1554 1407 1626 1445 ubi

277 1492 388 1523 certa
426 1485 514 1534 lege
554 1482 726 1523 disticha
765 1485 843 1523 sibi
874 1492 1144 1537 opponuntur
1175 1492 1213 1522 et
1250 1498 1392 1524 severa
1421 1482 1624 1536 quaedam

277 1560 561 1599 concinnitatis
604 1560 745 1610 regula
787 1567 930 1610 regnat
969 1573 1045 1611 per
1083 1567 1228 1597 totum.
1295 1557 1404 1598 Vide
1447 1558 1625 1608 singulas

276 1632 445 1674 formas.
508 1634 691 1673 Primum
722 1642 857 1686 potest
886 1635 961 1673 uni
990 1633 1163 1675 disticho
1192 1634 1419 1674 secundum
1457 1635 1626 1686 opponi,

277 1724 408 1763 caque
438 1711 508 1748 lex
538 1711 664 1749 semel
698 1718 767 1748 aut
797 1710 951 1761 pluries
988 1711 1142 1762 repeti,
1183 1718 1229 1749 ut
1266 1710 1308 1748 in
1349 1708 1622 1761 descriptione

275 1789 304 1835 I,
334 1793 374 1837 2,
405 1787 554 1827 45-52.
586 1786 917 1825 Commentarius
945 1785 1063 1826 docet
1101 1786 1236 1838 primo
1277 1785 1448 1825 disticho
1469 1773 1622 1825 'secun-

277 1863 401 1911 dum,
439 1862 559 1902 tertio
598 1871 792 1915 quartum
822 1863 1001 1915 opponi,
1043 1870 1178 1902 totum
1206 1875 1306 1903 vero
1338 1861 1418 1900 alio
1449 1860 1622 1901 disticho

276 1939 423 1979 claudi.
479 1939 619 1978 Potest
646 1952 747 1978 vero
778 1938 866 1976 aliis
896 1937 940 1976 in
969 1937 1068 1977 locis
1098 1937 1218 1976 etiam
1249 1936 1412 1976 duobus
1442 1936 1622 1977 distichis

276 2016 432 2069 opponi
462 2029 612 2064 unum,
652 2014 766 2067 quod
795 2015 856 2054 bis
888 2015 1040 2054 sactum
1071 2015 1102 2065 I,
1133 2015 1173 2062 4,
1203 2014 1350 2054 41-52.
1387 2015 1458 2053 ubi
1486 2015 1620 2065 primo

274 2101 314 2132 et
344 2090 524 2131 secundo
564 2089 736 2129 disticho
777 2090 966 2139 tertium,
1009 2098 1158 2142 quarto
1198 2098 1237 2128 et
1275 2089 1419 2142 quinto
1459 2098 1619 2128 sextum

261 2167 513 2219 opponitur.
562 2166 796 2218 Utrumque
816 2179 943 2217 genus
962 2167 1225 2206 coniunctum
1241 2166 1333 2206 vide
1350 2167 1400 2215 Il,
1421 2170 1457 2215 3,
1474 2169 1620 2206 37-46.

273 2245 315 2283 in
347 2242 618 2295 descriptione
647 2257 809 2281 morum
836 2244 1059 2295 pravitatis.
1117 2245 1180 2283 Ibi
1206 2245 1386 2296 primum
1409 2243 1516 2282 bella
1538 2252 1620 2283 ter-

273 2320 419 2359 restria
454 2327 492 2358 et
529 2320 731 2357 maritima
772 2327 1100 2371 componuntur,
1142 2327 1229 2358 tum
1263 2318 1312 2358 de
1343 2315 1510 2358 luxuria
1538 2319 1619 2370 agi-

273 2403 341 2434 tur
371 2395 439 2443 sic,
473 2402 517 2433 ut
547 2395 666 2433 tertio
699 2403 737 2433 et
768 2404 916 2448 quarto
951 2395 1123 2435 disticho
1159 2409 1350 2447 agrorum
1379 2395 1551 2435 coemtiO
1582 2405 1620 2434 et

274 2474 528 2511 urbanarum
553 2470 769 2510 domorum
795 2472 990 2524 splendor
1017 2481 1222 2523 tractetur,
1252 2472 1395 2526 quinto
1426 2486 1524 2512 vero
1556 2473 1617 2511 liis

275 2548 533 2586 terrestribus
575 2548 698 2587 rebus
740 2561 850 2587 mare
893 2557 1128 2600 opponatur
1169 2562 1259 2588 cum
1305 2555 1536 2587 constructa
1574 2549 1645 2585 in·

273 2622 393 2661 undis
437 2623 544 2660 mole
590 2620 639 2660 ad
690 2623 816 2672 pisces
863 2637 979 2663 raros
1028 2622 1265 2663 servandos.
1340 2623 1474 2673 Atque
1518 2623 1616 2660 haec

1705 2262 1721 2389 “xxx-nsi„
1716 2243 1721 2247 .
1716 2204 1721 2209 -.
1720 2156 1721 2159 „
1716 2086 1721 2103 .-

1719 2625 1721 2688 4
