<?xml version="1.0" encoding="UTF-8"?>
<!DOCTYPE html PUBLIC "-//W3C//DTD XHTML 1.0 Transitional//EN"
    "http://www.w3.org/TR/xhtml1/DTD/xhtml1-transitional.dtd">
<html xmlns="http://www.w3.org/1999/xhtml" xml:lang="en" lang="en">
 <head>
  <title>
</title>
<meta http-equiv="Content-Type" content="text/html;charset=utf-8" />
  <meta name='ocr-system' content='tesseract 3.04.00' />
  <meta name='ocr-capabilities' content='ocr_page ocr_carea ocr_par ocr_line ocrx_word'/>
</head>
<body>
  <div class='ocr_page' id='page_1' title='image "./carminaexrecensi00tibuuoft_0416.png"; bbox 0 0 1721 2953; ppageno 0'>
   <div class='ocr_carea' id='block_1_1' title="bbox 235 102 1267 149">
    <p class='ocr_par' dir='ltr' id='par_1_1' title="bbox 235 102 1267 149">
     <span class='ocr_line' id='line_1_1' title="bbox 235 102 1267 149; baseline 0.006 -8"><span class='ocrx_word' id='word_1_1' title='bbox 235 108 288 142; x_wconf 83' lang='lat'><strong>90</strong></span> <span class='ocrx_word' id='word_1_2' title='bbox 544 102 918 147; x_wconf 76' lang='lat' dir='ltr'><strong>COMMENTAR.</strong></span> <span class='ocrx_word' id='word_1_3' title='bbox 948 106 1010 147; x_wconf 90' lang='lat' dir='ltr'><strong>IN</strong></span> <span class='ocrx_word' id='word_1_4' title='bbox 1038 107 1267 149; x_wconf 88' lang='lat' dir='ltr'>TIBULLI</span> 
     </span>
    </p>
   </div>
   <div class='ocr_carea' id='block_1_2' title="bbox 214 217 1580 2564">
    <p class='ocr_par' dir='ltr' id='par_1_2' title="bbox 230 217 1580 515">
     <span class='ocr_line' id='line_1_2' title="bbox 233 217 1579 261; baseline 0.001 -10"><span class='ocrx_word' id='word_1_5' title='bbox 233 217 536 261; x_wconf 85' lang='lat' dir='ltr'><strong>persequeris</strong></span> <span class='ocrx_word' id='word_1_6' title='bbox 570 217 1579 260; x_wconf 84' lang='lat' dir='ltr'><strong>propositumintentissime,nihilomnino</strong></span> 
     </span>
     <span class='ocr_line' id='line_1_3' title="bbox 232 282 1579 328; baseline 0.001 -12"><span class='ocrx_word' id='word_1_7' title='bbox 232 296 281 318; x_wconf 77' lang='lat' dir='ltr'><strong>ac</strong></span> <span class='ocrx_word' id='word_1_8' title='bbox 307 295 356 317; x_wconf 85' lang='lat' dir='ltr'><strong>ne</strong></span> <span class='ocrx_word' id='word_1_9' title='bbox 382 282 694 317; x_wconf 84' lang='lat' dir='ltr'><strong>iusiurandum</strong></span> <span class='ocrx_word' id='word_1_10' title='bbox 720 284 896 326; x_wconf 87' lang='lat' dir='ltr'><strong>quidem</strong></span> <span class='ocrx_word' id='word_1_11' title='bbox 922 284 1126 328; x_wconf 80' lang='lat' dir='ltr'><strong>fuglens‚</strong></span> <span class='ocrx_word' id='word_1_12' title='bbox 1162 285 1235 318; x_wconf 88' lang='lat' dir='ltr'><strong>ubi</strong></span> <span class='ocrx_word' id='word_1_13' title='bbox 1261 286 1375 319; x_wconf 90' lang='lat' dir='ltr'><strong>utile</strong></span> <span class='ocrx_word' id='word_1_14' title='bbox 1402 285 1579 318; x_wconf 84' lang='lat' dir='ltr'><strong>videbi-</strong></span> 
     </span>
     <span class='ocr_line' id='line_1_4' title="bbox 232 336 1580 395; baseline 0.001 -13"><span class='ocrx_word' id='word_1_15' title='bbox 232 355 310 382; x_wconf 83' lang='lat' dir='ltr'><strong>tur.</strong></span> <span class='ocrx_word' id='word_1_16' title='bbox 361 348 532 383; x_wconf 74' lang='lat' dir='ltr'><strong>Quodsi</strong></span> <span class='ocrx_word' id='word_1_17' title='bbox 557 348 716 382; x_wconf 84' lang='lat' dir='ltr'><strong>tardus</strong></span> <span class='ocrx_word' id='word_1_18' title='bbox 741 350 836 384; x_wconf 89' lang='lat' dir='ltr'><strong>eris</strong></span> <span class='ocrx_word' id='word_1_19' title='bbox 861 361 941 385; x_wconf 88' lang='lat' dir='ltr'><strong>nec</strong></span> <span class='ocrx_word' id='word_1_20' title='bbox 966 336 1127 394; x_wconf 84' lang='lat' dir='ltr'><strong>quovis</strong></span> <span class='ocrx_word' id='word_1_21' title='bbox 1159 356 1383 395; x_wconf 85' lang='lat' dir='ltr'><strong>tempore,</strong></span> <span class='ocrx_word' id='word_1_22' title='bbox 1421 351 1580 393; x_wconf 88' lang='lat' dir='ltr'><strong>quavis</strong></span> 
     </span>
     <span class='ocr_line' id='line_1_5' title="bbox 230 413 1580 461; baseline 0.001 -15"><span class='ocrx_word' id='word_1_23' title='bbox 230 413 476 446; x_wconf 75' lang='lat' dir='ltr'>occasione</span> <span class='ocrx_word' id='word_1_24' title='bbox 507 417 767 456; x_wconf 86' lang='lat' dir='ltr'><strong>opportuna</strong></span> <span class='ocrx_word' id='word_1_25' title='bbox 800 415 964 457; x_wconf 82' lang='lat' dir='ltr'><strong>uteris,</strong></span> <span class='ocrx_word' id='word_1_26' title='bbox 1000 425 1082 449; x_wconf 88' lang='lat' dir='ltr'><strong>non</strong></span> <span class='ocrx_word' id='word_1_27' title='bbox 1115 417 1276 459; x_wconf 88' lang='lat' dir='ltr'><strong>capies</strong></span> <span class='ocrx_word' id='word_1_28' title='bbox 1310 426 1498 461; x_wconf 83' lang='lat' dir='ltr'><strong>puerOS,</strong></span> <span class='ocrx_word' id='word_1_29' title='bbox 1535 420 1580 449; x_wconf 90' lang='lat' dir='ltr'><strong>et</strong></span> 
     </span>
     <span class='ocr_line' id='line_1_6' title="bbox 230 478 1226 515; baseline 0.003 -4"><span class='ocrx_word' id='word_1_30' title='bbox 230 478 443 512; x_wconf 81' lang='lat' dir='ltr'><strong>transibit</strong></span> <span class='ocrx_word' id='word_1_31' title='bbox 473 479 565 513; x_wconf 84' lang='lat' dir='ltr'><strong>cito</strong></span> <span class='ocrx_word' id='word_1_32' title='bbox 592 483 721 512; x_wconf 86' lang='lat' dir='ltr'><strong>aetas</strong></span> <span class='ocrx_word' id='word_1_33' title='bbox 746 479 843 513; x_wconf 87' lang='lat' dir='ltr'><strong>sine</strong></span> <span class='ocrx_word' id='word_1_34' title='bbox 868 480 1024 514; x_wconf 92' lang='lat' dir='ltr'><strong>fructu</strong></span> <span class='ocrx_word' id='word_1_35' title='bbox 1048 482 1226 515; x_wconf 87' lang='lat' dir='ltr'><strong>amoris.</strong></span> 
     </span>
    </p>

    <p class='ocr_par' dir='ltr' id='par_1_3' title="bbox 214 545 1579 2564">
     <span class='ocr_line' id='line_1_7' title="bbox 323 545 1579 594; baseline 0.004 -15"><span class='ocrx_word' id='word_1_36' title='bbox 323 545 364 579; x_wconf 87' lang='lat' dir='ltr'><strong>V.</strong></span> <span class='ocrx_word' id='word_1_37' title='bbox 389 548 506 580; x_wconf 86' lang='lat'>9-14.</span> <span class='ocrx_word' id='word_1_38' title='bbox 555 546 682 580; x_wconf 85' lang='lat' dir='ltr'><strong>Mirum</strong></span> <span class='ocrx_word' id='word_1_39' title='bbox 707 546 752 580; x_wconf 86' lang='lat' dir='ltr'><strong>sit</strong></span> <span class='ocrx_word' id='word_1_40' title='bbox 775 547 804 580; x_wconf 88' lang='lat' dir='ltr'><strong>si</strong></span> <span class='ocrx_word' id='word_1_41' title='bbox 829 557 988 589; x_wconf 88' lang='lat' dir='ltr'><strong>carmen,</strong></span> <span class='ocrx_word' id='word_1_42' title='bbox 1012 547 1071 581; x_wconf 91' lang='lat' dir='ltr'><strong>ubi</strong></span> <span class='ocrx_word' id='word_1_43' title='bbox 1096 547 1139 581; x_wconf 91' lang='lat' dir='ltr'><strong>de</strong></span> <span class='ocrx_word' id='word_1_44' title='bbox 1165 548 1339 592; x_wconf 84' lang='lat' dir='ltr'>capiendis</span> <span class='ocrx_word' id='word_1_45' title='bbox 1364 550 1480 594; x_wconf 87' lang='lat' dir='ltr'><strong>pueris</strong></span> <span class='ocrx_word' id='word_1_46' title='bbox 1501 550 1579 593; x_wconf 87' lang='lat' dir='ltr'><strong>agi-</strong></span> 
     </span>
     <span class='ocr_line' id='line_1_8' title="bbox 227 611 1578 659; baseline 0.003 -15"><span class='ocrx_word' id='word_1_47' title='bbox 227 615 301 652; x_wconf 75' lang='lat' dir='ltr'><strong>tur,</strong></span> <span class='ocrx_word' id='word_1_48' title='bbox 336 611 539 645; x_wconf 88' lang='lat' dir='ltr'><strong>suavitatem</strong></span> <span class='ocrx_word' id='word_1_49' title='bbox 567 621 750 656; x_wconf 85' lang='lat' dir='ltr'><strong>puerorum</strong></span> <span class='ocrx_word' id='word_1_50' title='bbox 781 611 890 655; x_wconf 83' lang='lat' dir='ltr'>ipsam</span> <span class='ocrx_word' id='word_1_51' title='bbox 924 612 1062 647; x_wconf 83' lang='lat' dir='ltr'><strong>laudare</strong></span> <span class='ocrx_word' id='word_1_52' title='bbox 1096 612 1270 656; x_wconf 81' lang='lat' dir='ltr'>negligat,</span> <span class='ocrx_word' id='word_1_53' title='bbox 1308 619 1450 659; x_wconf 87' lang='lat' dir='ltr'><strong>propter</strong></span> <span class='ocrx_word' id='word_1_54' title='bbox 1476 625 1578 658; x_wconf 84' lang='lat' dir='ltr'><strong>quam</strong></span> 
     </span>
     <span class='ocr_line' id='line_1_9' title="bbox 226 677 1577 717; baseline 0.003 -7"><span class='ocrx_word' id='word_1_55' title='bbox 226 682 393 713; x_wconf 85' lang='lat' dir='ltr'><strong>amantur.</strong></span> <span class='ocrx_word' id='word_1_56' title='bbox 441 677 550 712; x_wconf 91' lang='lat' dir='ltr'><strong>Immo</strong></span> <span class='ocrx_word' id='word_1_57' title='bbox 576 679 619 712; x_wconf 88' lang='lat' dir='ltr'><strong>ab</strong></span> <span class='ocrx_word' id='word_1_58' title='bbox 644 677 708 712; x_wconf 87' lang='lat' dir='ltr'><strong>hac</strong></span> <span class='ocrx_word' id='word_1_59' title='bbox 733 679 835 712; x_wconf 88' lang='lat' dir='ltr'><strong>laude</strong></span> <span class='ocrx_word' id='word_1_60' title='bbox 859 680 992 713; x_wconf 83' lang='lat' dir='ltr'><strong>initium</strong></span> <span class='ocrx_word' id='word_1_61' title='bbox 1018 679 1209 714; x_wconf 86' lang='lat' dir='ltr'><strong>faciendum</strong></span> <span class='ocrx_word' id='word_1_62' title='bbox 1235 681 1309 715; x_wconf 87' lang='lat' dir='ltr'><strong>fuit.</strong></span> <span class='ocrx_word' id='word_1_63' title='bbox 1359 680 1463 717; x_wconf 82' lang='lat' dir='ltr'><strong>Quod</strong></span> <span class='ocrx_word' id='word_1_64' title='bbox 1487 691 1577 714; x_wconf 91' lang='lat' dir='ltr'><strong>nunc</strong></span> 
     </span>
     <span class='ocr_line' id='line_1_10' title="bbox 225 743 1576 787; baseline 0.004 -12"><span class='ocrx_word' id='word_1_65' title='bbox 225 743 371 786; x_wconf 79' lang='lat' dir='ltr'>Priapus</span> <span class='ocrx_word' id='word_1_66' title='bbox 397 743 485 777; x_wconf 89' lang='lat' dir='ltr'><strong>bene</strong></span> <span class='ocrx_word' id='word_1_67' title='bbox 510 745 561 778; x_wconf 85' lang='lat' dir='ltr'><strong>sic</strong></span> <span class='ocrx_word' id='word_1_68' title='bbox 594 745 696 787; x_wconf 85' lang='lat' dir='ltr'><strong>facit,</strong></span> <span class='ocrx_word' id='word_1_69' title='bbox 733 750 772 779; x_wconf 93' lang='lat' dir='ltr'><strong>ut</strong></span> <span class='ocrx_word' id='word_1_70' title='bbox 806 747 943 781; x_wconf 89' lang='lat' dir='ltr'><strong>omnino</strong></span> <span class='ocrx_word' id='word_1_71' title='bbox 979 757 1099 781; x_wconf 84' lang='lat' dir='ltr'><strong>cavere</strong></span> <span class='ocrx_word' id='word_1_72' title='bbox 1133 748 1251 781; x_wconf 88' lang='lat' dir='ltr'><strong>iubeat</strong></span> <span class='ocrx_word' id='word_1_73' title='bbox 1282 747 1325 780; x_wconf 93' lang='lat' dir='ltr'><strong>ab</strong></span> <span class='ocrx_word' id='word_1_74' title='bbox 1359 757 1476 781; x_wconf 87' lang='lat' dir='ltr'><strong>eorum</strong></span> <span class='ocrx_word' id='word_1_75' title='bbox 1513 747 1576 781; x_wconf 87' lang='lat' dir='ltr'><strong>ad-</strong></span> 
     </span>
     <span class='ocr_line' id='line_1_11' title="bbox 224 810 1576 857; baseline 0.004 -16"><span class='ocrx_word' id='word_1_76' title='bbox 224 812 365 851; x_wconf 85' lang='lat' dir='ltr'><strong>spectu,</strong></span> <span class='ocrx_word' id='word_1_77' title='bbox 388 810 417 843; x_wconf 86' lang='lat' dir='ltr'><strong>si</strong></span> <span class='ocrx_word' id='word_1_78' title='bbox 440 810 515 843; x_wconf 86' lang='lat' dir='ltr'><strong>fieri</strong></span> <span class='ocrx_word' id='word_1_79' title='bbox 542 811 670 854; x_wconf 84' lang='lat' dir='ltr'><strong>possit;</strong></span> <span class='ocrx_word' id='word_1_80' title='bbox 696 812 793 845; x_wconf 83' lang='lat' dir='ltr'><strong>nimis</strong></span> <span class='ocrx_word' id='word_1_81' title='bbox 820 812 908 845; x_wconf 87' lang='lat' dir='ltr'><strong>enim</strong></span> <span class='ocrx_word' id='word_1_82' title='bbox 934 812 1100 847; x_wconf 87' lang='lat' dir='ltr'><strong>lubricum</strong></span> <span class='ocrx_word' id='word_1_83' title='bbox 1127 823 1204 847; x_wconf 86' lang='lat' dir='ltr'><strong>esse</strong></span> <span class='ocrx_word' id='word_1_84' title='bbox 1230 824 1289 847; x_wconf 90' lang='lat' dir='ltr'><strong>eos</strong></span> <span class='ocrx_word' id='word_1_85' title='bbox 1312 813 1502 857; x_wconf 76' lang='lat' dir='ltr'><strong>adspicere.</strong></span> <span class='ocrx_word' id='word_1_86' title='bbox 1530 829 1576 839; x_wconf 90' lang='lat'><strong>--</strong></span> 
     </span>
     <span class='ocr_line' id='line_1_12' title="bbox 223 874 1575 923; baseline 0.003 -16"><span class='ocrx_word' id='word_1_87' title='bbox 223 874 413 908; x_wconf 87' lang='lat' dir='ltr'><strong>credere</strong></span> <span class='ocrx_word' id='word_1_88' title='bbox 438 879 499 918; x_wconf 89' lang='lat' dir='ltr'><strong>te,</strong></span> <span class='ocrx_word' id='word_1_89' title='bbox 535 875 567 910; x_wconf 91' lang='lat' dir='ltr'><strong>h.</strong></span> <span class='ocrx_word' id='word_1_90' title='bbox 588 888 618 911; x_wconf 88' lang='lat' dir='ltr'><strong>e.</strong></span> <span class='ocrx_word' id='word_1_91' title='bbox 644 877 740 911; x_wconf 87' lang='lat' dir='ltr'><strong>adire</strong></span> <span class='ocrx_word' id='word_1_92' title='bbox 764 889 923 913; x_wconf 88' lang='lat' dir='ltr'><strong>securum</strong></span> <span class='ocrx_word' id='word_1_93' title='bbox 949 879 1084 913; x_wconf 88' lang='lat' dir='ltr'><strong>turbam</strong></span> <span class='ocrx_word' id='word_1_94' title='bbox 1109 879 1169 913; x_wconf 88' lang='lat' dir='ltr'><strong>tibi</strong></span> <span class='ocrx_word' id='word_1_95' title='bbox 1196 880 1444 923; x_wconf 82' lang='lat' dir='ltr'><strong>periculosam,</strong></span> <span class='ocrx_word' id='word_1_96' title='bbox 1478 879 1575 921; x_wconf 87' lang='lat' dir='ltr'><strong>quasi</strong></span> 
     </span>
     <span class='ocr_line' id='line_1_13' title="bbox 223 940 1574 986; baseline 0.004 -15"><span class='ocrx_word' id='word_1_97' title='bbox 223 942 318 972; x_wconf 84' lang='lat' dir='ltr'><strong>tutus</strong></span> <span class='ocrx_word' id='word_1_98' title='bbox 345 940 391 973; x_wconf 87' lang='lat' dir='ltr'><strong>sis</strong></span> <span class='ocrx_word' id='word_1_99' title='bbox 417 940 475 974; x_wconf 89' lang='lat' dir='ltr'><strong>ubi</strong></span> <span class='ocrx_word' id='word_1_100' title='bbox 504 942 618 975; x_wconf 86' lang='lat' dir='ltr'><strong>omnia</strong></span> <span class='ocrx_word' id='word_1_101' title='bbox 643 943 744 986; x_wconf 87' lang='lat' dir='ltr'><strong>plena</strong></span> <span class='ocrx_word' id='word_1_102' title='bbox 768 944 1010 986; x_wconf 79' lang='lat' dir='ltr'><strong>periculorum.</strong></span> <span class='ocrx_word' id='word_1_103' title='bbox 1060 944 1206 977; x_wconf 85' lang='lat' dir='ltr'>Ubinam</span> <span class='ocrx_word' id='word_1_104' title='bbox 1233 954 1314 977; x_wconf 86' lang='lat' dir='ltr'><strong>vero</strong></span> <span class='ocrx_word' id='word_1_105' title='bbox 1339 943 1469 978; x_wconf 84' lang='lat' dir='ltr'><strong>videbit</strong></span> <span class='ocrx_word' id='word_1_106' title='bbox 1491 954 1574 977; x_wconf 89' lang='lat' dir='ltr'><strong>coe-</strong></span> 
     </span>
     <span class='ocr_line' id='line_1_14' title="bbox 225 1002 1576 1053; baseline 0.004 -16"><span class='ocrx_word' id='word_1_107' title='bbox 225 1008 280 1037; x_wconf 87' lang='lat' dir='ltr'><strong>tus</strong></span> <span class='ocrx_word' id='word_1_108' title='bbox 313 1006 399 1039; x_wconf 90' lang='lat' dir='ltr'><strong>tales</strong></span> <span class='ocrx_word' id='word_1_109' title='bbox 431 1008 646 1050; x_wconf 67' lang='lat' dir='ltr'><strong>puerorum?</strong></span> <span class='ocrx_word' id='word_1_110' title='bbox 694 1008 734 1041; x_wconf 89' lang='lat' dir='ltr'><strong>In</strong></span> <span class='ocrx_word' id='word_1_111' title='bbox 771 1019 893 1052; x_wconf 88' lang='lat' dir='ltr'><strong>campo</strong></span> <span class='ocrx_word' id='word_1_112' title='bbox 928 1009 1077 1051; x_wconf 86' lang='lat' dir='ltr'><strong>Martio,</strong></span> <span class='ocrx_word' id='word_1_113' title='bbox 1113 1002 1215 1053; x_wconf 81' lang='lat' dir='ltr'><strong>puta,</strong></span> <span class='ocrx_word' id='word_1_114' title='bbox 1251 1010 1310 1043; x_wconf 88' lang='lat' dir='ltr'><strong>ubi</strong></span> <span class='ocrx_word' id='word_1_115' title='bbox 1343 1010 1576 1052; x_wconf 82' lang='lat' dir='ltr'>gymnasticae</span> 
     </span>
     <span class='ocr_line' id='line_1_15' title="bbox 225 1070 1575 1116; baseline 0.003 -14"><span class='ocrx_word' id='word_1_116' title='bbox 225 1070 490 1104; x_wconf 75' lang='lat' dir='ltr'><strong>exercitationes</strong></span> <span class='ocrx_word' id='word_1_117' title='bbox 514 1082 698 1115; x_wconf 89' lang='lat' dir='ltr'><strong>puerorum</strong></span> <span class='ocrx_word' id='word_1_118' title='bbox 724 1071 960 1115; x_wconf 83' lang='lat' dir='ltr'><strong>habebantur,</strong></span> <span class='ocrx_word' id='word_1_119' title='bbox 983 1074 1101 1116; x_wconf 85' lang='lat' dir='ltr'><strong>quales</strong></span> <span class='ocrx_word' id='word_1_120' title='bbox 1126 1073 1190 1108; x_wconf 89' lang='lat' dir='ltr'><strong>hoc</strong></span> <span class='ocrx_word' id='word_1_121' title='bbox 1215 1076 1292 1108; x_wconf 89' lang='lat' dir='ltr'><strong>loco</strong></span> <span class='ocrx_word' id='word_1_122' title='bbox 1318 1078 1484 1108; x_wconf 85' lang='lat' dir='ltr'><strong>memorat</strong></span> <span class='ocrx_word' id='word_1_123' title='bbox 1511 1074 1575 1107; x_wconf 88' lang='lat' dir='ltr'><strong>Ti-</strong></span> 
     </span>
     <span class='ocr_line' id='line_1_16' title="bbox 224 1136 1572 1182; baseline 0.003 -14"><span class='ocrx_word' id='word_1_124' title='bbox 224 1136 356 1169; x_wconf 82' lang='lat' dir='ltr'><strong>bullus:</strong></span> <span class='ocrx_word' id='word_1_125' title='bbox 393 1137 578 1179; x_wconf 78' lang='lat' dir='ltr'><strong>equitatio,</strong></span> <span class='ocrx_word' id='word_1_126' title='bbox 615 1138 745 1170; x_wconf 79' lang='lat' dir='ltr'><strong>natatio</strong></span> <span class='ocrx_word' id='word_1_127' title='bbox 780 1138 814 1170; x_wconf 88' lang='lat' dir='ltr'><strong>in</strong></span> <span class='ocrx_word' id='word_1_128' title='bbox 841 1137 980 1180; x_wconf 86' lang='lat' dir='ltr'><strong>Tiberi,</strong></span> <span class='ocrx_word' id='word_1_129' title='bbox 1017 1138 1085 1173; x_wconf 84' lang='lat' dir='ltr'><strong>vid.</strong></span> <span class='ocrx_word' id='word_1_130' title='bbox 1110 1138 1257 1173; x_wconf 51' lang='lat' dir='ltr'><strong>Homer.</strong></span> <span class='ocrx_word' id='word_1_131' title='bbox 1281 1139 1344 1181; x_wconf 84' lang='lat'><strong>111,</strong></span> <span class='ocrx_word' id='word_1_132' title='bbox 1369 1141 1402 1181; x_wconf 74' lang='lat'><strong>7,</strong></span> <span class='ocrx_word' id='word_1_133' title='bbox 1426 1141 1473 1172; x_wconf 85' lang='lat'><strong>25</strong></span> <span class='ocrx_word' id='word_1_134' title='bbox 1497 1149 1572 1182; x_wconf 89' lang='lat' dir='ltr'><strong>sqq.</strong></span> 
     </span>
     <span class='ocr_line' id='line_1_17' title="bbox 219 1200 1570 1247; baseline 0.004 -14"><span class='ocrx_word' id='word_1_135' title='bbox 219 1200 307 1234; x_wconf 86' lang='lat' dir='ltr'><strong>Add.</strong></span> <span class='ocrx_word' id='word_1_136' title='bbox 333 1201 360 1243; x_wconf 83' lang='grc' dir='ltr'><strong>Ι,</strong></span> <span class='ocrx_word' id='word_1_137' title='bbox 384 1205 417 1243; x_wconf 85' lang='lat' dir='ltr'><strong>S,</strong></span> <span class='ocrx_word' id='word_1_138' title='bbox 442 1204 463 1234; x_wconf 85' lang='lat'><strong>3</strong></span> <span class='ocrx_word' id='word_1_139' title='bbox 489 1213 563 1245; x_wconf 83' lang='lat' dir='ltr'><strong>sqq.</strong></span> <span class='ocrx_word' id='word_1_140' title='bbox 590 1202 652 1244; x_wconf 90' lang='lat' dir='ltr'><strong>III,</strong></span> <span class='ocrx_word' id='word_1_141' title='bbox 680 1205 735 1245; x_wconf 82' lang='lat'><strong>12,</strong></span> <span class='ocrx_word' id='word_1_142' title='bbox 761 1207 793 1238; x_wconf 89' lang='grc'><strong>6.</strong></span> <span class='ocrx_word' id='word_1_143' title='bbox 821 1206 879 1246; x_wconf 75' lang='lat'><strong>24,</strong></span> <span class='ocrx_word' id='word_1_144' title='bbox 903 1207 962 1238; x_wconf 76' lang='lat'><strong>54.</strong></span> <span class='ocrx_word' id='word_1_145' title='bbox 988 1204 1049 1247; x_wconf 84' lang='lat' dir='ltr'><strong>IV,</strong></span> <span class='ocrx_word' id='word_1_146' title='bbox 1077 1208 1107 1247; x_wconf 90' lang='lat'><strong>1,</strong></span> <span class='ocrx_word' id='word_1_147' title='bbox 1133 1206 1189 1238; x_wconf 87' lang='lat' dir='ltr'><strong>fin.</strong></span> <span class='ocrx_word' id='word_1_148' title='bbox 1217 1210 1252 1238; x_wconf 89' lang='lat' dir='ltr'><strong>et</strong></span> <span class='ocrx_word' id='word_1_149' title='bbox 1277 1206 1420 1240; x_wconf 75' lang='lat' dir='ltr'><strong>VnGn&#39;r.</strong></span> <span class='ocrx_word' id='word_1_150' title='bbox 1447 1205 1490 1238; x_wconf 91' lang='lat' dir='ltr'><strong>de</strong></span> <span class='ocrx_word' id='word_1_151' title='bbox 1514 1205 1570 1238; x_wconf 87' lang='lat' dir='ltr'><strong>Re</strong></span> 
     </span>
     <span class='ocr_line' id='line_1_18' title="bbox 220 1266 1571 1314; baseline 0.004 -15"><span class='ocrx_word' id='word_1_152' title='bbox 220 1266 324 1300; x_wconf 84' lang='lat' dir='ltr'><strong>Milit.</strong></span> <span class='ocrx_word' id='word_1_153' title='bbox 348 1267 375 1309; x_wconf 79' lang='lat' dir='ltr'><strong>l,</strong></span> <span class='ocrx_word' id='word_1_154' title='bbox 404 1270 458 1301; x_wconf 82' lang='lat'><strong>10.</strong></span> <span class='ocrx_word' id='word_1_155' title='bbox 512 1268 606 1302; x_wconf 85' lang='lat' dir='ltr'><strong>Haec</strong></span> <span class='ocrx_word' id='word_1_156' title='bbox 632 1269 737 1311; x_wconf 86' lang='lat' dir='ltr'><strong>igitur</strong></span> <span class='ocrx_word' id='word_1_157' title='bbox 769 1270 972 1313; x_wconf 85' lang='lat' dir='ltr'><strong>campestria</strong></span> <span class='ocrx_word' id='word_1_158' title='bbox 997 1270 1112 1304; x_wconf 89' lang='lat' dir='ltr'><strong>studia</strong></span> <span class='ocrx_word' id='word_1_159' title='bbox 1137 1281 1226 1304; x_wconf 89' lang='lat' dir='ltr'><strong>nunc</strong></span> <span class='ocrx_word' id='word_1_160' title='bbox 1251 1271 1400 1314; x_wconf 82' lang='lat' dir='ltr'><strong>respicit.</strong></span> <span class='ocrx_word' id='word_1_161' title='bbox 1450 1271 1510 1304; x_wconf 85' lang='lat' dir='ltr'><strong>Sic</strong></span> <span class='ocrx_word' id='word_1_162' title='bbox 1538 1271 1571 1304; x_wconf 90' lang='lat' dir='ltr'><strong>in</strong></span> 
     </span>
     <span class='ocr_line' id='line_1_19' title="bbox 221 1333 1571 1378; baseline 0.003 -13"><span class='ocrx_word' id='word_1_163' title='bbox 221 1333 369 1366; x_wconf 71' lang='lat' dir='ltr'><strong>Graecia</strong></span> <span class='ocrx_word' id='word_1_164' title='bbox 395 1333 428 1365; x_wconf 90' lang='lat' dir='ltr'><strong>in</strong></span> <span class='ocrx_word' id='word_1_165' title='bbox 453 1334 630 1375; x_wconf 80' lang='lat' dir='ltr'><strong>gymnasia</strong></span> <span class='ocrx_word' id='word_1_166' title='bbox 655 1338 691 1366; x_wconf 87' lang='lat' dir='ltr'><strong>et</strong></span> <span class='ocrx_word' id='word_1_167' title='bbox 715 1335 902 1377; x_wconf 84' lang='lat' dir='ltr'><strong>palaestras</strong></span> <span class='ocrx_word' id='word_1_168' title='bbox 928 1335 1042 1377; x_wconf 87' lang='lat' dir='ltr'><strong>ibant,</strong></span> <span class='ocrx_word' id='word_1_169' title='bbox 1077 1336 1135 1378; x_wconf 90' lang='lat' dir='ltr'><strong>qui</strong></span> <span class='ocrx_word' id='word_1_170' title='bbox 1169 1346 1295 1378; x_wconf 89' lang='lat' dir='ltr'><strong>pueros</strong></span> <span class='ocrx_word' id='word_1_171' title='bbox 1325 1335 1493 1369; x_wconf 87' lang='lat' dir='ltr'><strong>formosos</strong></span> <span class='ocrx_word' id='word_1_172' title='bbox 1519 1335 1571 1368; x_wconf 87' lang='lat' dir='ltr'><strong>vi-</strong></span> 
     </span>
     <span class='ocr_line' id='line_1_20' title="bbox 219 1396 1568 1442; baseline 0.005 -13"><span class='ocrx_word' id='word_1_173' title='bbox 219 1396 301 1430; x_wconf 86' lang='lat' dir='ltr'><strong>dere</strong></span> <span class='ocrx_word' id='word_1_174' title='bbox 327 1398 519 1441; x_wconf 84' lang='lat' dir='ltr'><strong>cupiebant.</strong></span> <span class='ocrx_word' id='word_1_175' title='bbox 536 1418 580 1423; x_wconf 90' lang='lat'><strong>—</strong></span> <span class='ocrx_word' id='word_1_176' title='bbox 606 1410 783 1433; x_wconf 89' lang='lat' dir='ltr'><strong>causam</strong></span> <span class='ocrx_word' id='word_1_177' title='bbox 810 1400 994 1442; x_wconf 73' lang='lat' dir='ltr'><strong>liabent,</strong></span> <span class='ocrx_word' id='word_1_178' title='bbox 1022 1401 1054 1435; x_wconf 84' lang='lat' dir='ltr'><strong>h.</strong></span> <span class='ocrx_word' id='word_1_179' title='bbox 1074 1412 1104 1435; x_wconf 92' lang='lat' dir='ltr'><strong>e.</strong></span> <span class='ocrx_word' id='word_1_180' title='bbox 1129 1412 1230 1435; x_wconf 88' lang='lat' dir='ltr'><strong>causa</strong></span> <span class='ocrx_word' id='word_1_181' title='bbox 1253 1402 1293 1435; x_wconf 79' lang='lat' dir='ltr'><strong>iis</strong></span> <span class='ocrx_word' id='word_1_182' title='bbox 1313 1402 1413 1437; x_wconf 83' lang='lat' dir='ltr'><strong>inest.</strong></span> <span class='ocrx_word' id='word_1_183' title='bbox 1463 1402 1568 1436; x_wconf 90' lang='lat' dir='ltr'><strong>Com—</strong></span> 
     </span>
     <span class='ocr_line' id='line_1_21' title="bbox 219 1464 1568 1512; baseline 0.005 -18"><span class='ocrx_word' id='word_1_184' title='bbox 219 1466 316 1505; x_wconf 86' lang='lat' dir='ltr'><strong>parat</strong></span> <span class='ocrx_word' id='word_1_185' title='bbox 342 1464 660 1497; x_wconf 70' lang='lat' dir='ltr'><strong>WUNDERmcxnus</strong></span> <span class='ocrx_word' id='word_1_186' title='bbox 685 1464 791 1509; x_wconf 88' lang='lat' dir='ltr'><strong>Soph.</strong></span> <span class='ocrx_word' id='word_1_187' title='bbox 817 1465 946 1499; x_wconf 81' lang='lat' dir='ltr'><strong>Electr.</strong></span> <span class='ocrx_word' id='word_1_188' title='bbox 969 1468 1061 1500; x_wconf 81' lang='lat'>466:</span> <span class='ocrx_word' id='word_1_189' title='bbox 1095 1464 1136 1499; x_wconf 74' lang='grc' dir='ltr'><strong>τὸ</strong></span> <span class='ocrx_word' id='word_1_190' title='bbox 1160 1464 1227 1512; x_wconf 63' lang='grc' dir='ltr'><strong>γάρ</strong></span> <span class='ocrx_word' id='word_1_191' title='bbox 1257 1468 1390 1500; x_wconf 76' lang='grc' dir='ltr'><em>δίκαιον</em></span> <span class='ocrx_word' id='word_1_192' title='bbox 1418 1464 1478 1501; x_wconf 76' lang='grc' dir='ltr'><strong>οιῖκ</strong></span> <span class='ocrx_word' id='word_1_193' title='bbox 1502 1468 1568 1510; x_wconf 63' lang='grc' dir='ltr'><strong>ἔχει</strong></span> 
     </span>
     <span class='ocr_line' id='line_1_22' title="bbox 219 1526 1567 1577; baseline 0.006 -18"><span class='ocrx_word' id='word_1_194' title='bbox 219 1526 317 1570; x_wconf 66' lang='grc' dir='ltr'><em>λόγον</em></span> <span class='ocrx_word' id='word_1_195' title='bbox 341 1528 466 1574; x_wconf 60' lang='grc' dir='ltr'><strong>ἐρίζειν,</strong></span> <span class='ocrx_word' id='word_1_196' title='bbox 491 1530 613 1564; x_wconf 87' lang='lat' dir='ltr'><strong>iustam</strong></span> <span class='ocrx_word' id='word_1_197' title='bbox 638 1541 706 1564; x_wconf 93' lang='lat' dir='ltr'><strong>non</strong></span> <span class='ocrx_word' id='word_1_198' title='bbox 732 1530 833 1565; x_wconf 87' lang='lat' dir='ltr'><strong>habet</strong></span> <span class='ocrx_word' id='word_1_199' title='bbox 857 1543 993 1566; x_wconf 84' lang='lat' dir='ltr'><strong>causam</strong></span> <span class='ocrx_word' id='word_1_200' title='bbox 1017 1533 1241 1577; x_wconf 84' lang='lat' dir='ltr'><strong>disceptandi,</strong></span> <span class='ocrx_word' id='word_1_201' title='bbox 1268 1538 1303 1566; x_wconf 88' lang='lat' dir='ltr'><strong>et</strong></span> <span class='ocrx_word' id='word_1_202' title='bbox 1324 1533 1404 1568; x_wconf 86' lang='lat' dir='ltr'><strong>ibid.</strong></span> <span class='ocrx_word' id='word_1_203' title='bbox 1426 1537 1567 1567; x_wconf 80' lang='lat'>351.—</span> 
     </span>
     <span class='ocr_line' id='line_1_23' title="bbox 219 1596 1568 1642; baseline 0.004 -14"><span class='ocrx_word' id='word_1_204' title='bbox 219 1596 262 1629; x_wconf 86' lang='lat' dir='ltr'><strong>V.</strong></span> <span class='ocrx_word' id='word_1_205' title='bbox 286 1598 327 1628; x_wconf 92' lang='lat' dir='ltr'><strong>ll</strong></span> <span class='ocrx_word' id='word_1_206' title='bbox 355 1606 429 1638; x_wconf 86' lang='lat' dir='ltr'><strong>sqq.</strong></span> <span class='ocrx_word' id='word_1_207' title='bbox 466 1598 698 1639; x_wconf 84' lang='lat' dir='ltr'><strong>angustis,</strong></span> <span class='ocrx_word' id='word_1_208' title='bbox 734 1597 766 1630; x_wconf 83' lang='lat' dir='ltr'><strong>b.</strong></span> <span class='ocrx_word' id='word_1_209' title='bbox 795 1609 825 1631; x_wconf 92' lang='lat' dir='ltr'><strong>e.</strong></span> <span class='ocrx_word' id='word_1_210' title='bbox 861 1599 1029 1632; x_wconf 83' lang='lat' dir='ltr'><strong>adductis.</strong></span> <span class='ocrx_word' id='word_1_211' title='bbox 1061 1617 1106 1623; x_wconf 90' lang='lat'>—</span> <span class='ocrx_word' id='word_1_212' title='bbox 1141 1600 1375 1642; x_wconf 86' lang='lat' dir='ltr'><strong>placidam.</strong></span> <span class='ocrx_word' id='word_1_213' title='bbox 1423 1600 1568 1634; x_wconf 88' lang='lat' dir='ltr'><strong>Fallitur</strong></span> 
     </span>
     <span class='ocr_line' id='line_1_24' title="bbox 217 1661 1567 1707; baseline 0.005 -14"><span class='ocrx_word' id='word_1_214' title='bbox 217 1661 430 1694; x_wconf 70' lang='lat' dir='ltr'><strong>Huscnxms</strong></span> <span class='ocrx_word' id='word_1_215' title='bbox 442 1663 757 1706; x_wconf 85' lang='lat' dir='ltr'><strong>transpositionem:</strong></span> <span class='ocrx_word' id='word_1_216' title='bbox 772 1663 872 1696; x_wconf 78' lang='lat' dir='ltr'><strong>niveo</strong></span> <span class='ocrx_word' id='word_1_217' title='bbox 881 1663 1061 1707; x_wconf 77' lang='lat' dir='ltr'><strong>placidam</strong></span> <span class='ocrx_word' id='word_1_218' title='bbox 1071 1664 1323 1699; x_wconf 89' lang='lat' dir='ltr'><strong>commendans.</strong></span> <span class='ocrx_word' id='word_1_219' title='bbox 1347 1665 1567 1700; x_wconf 88' lang='lat' dir='ltr'><strong>Manifestum</strong></span> 
     </span>
     <span class='ocr_line' id='line_1_25' title="bbox 215 1728 1567 1773; baseline 0.003 -13"><span class='ocrx_word' id='word_1_220' title='bbox 215 1731 268 1760; x_wconf 87' lang='lat' dir='ltr'><strong>est</strong></span> <span class='ocrx_word' id='word_1_221' title='bbox 294 1728 382 1760; x_wconf 88' lang='lat' dir='ltr'><strong>enim</strong></span> <span class='ocrx_word' id='word_1_222' title='bbox 407 1732 517 1761; x_wconf 88' lang='lat' dir='ltr'><strong>totum</strong></span> <span class='ocrx_word' id='word_1_223' title='bbox 541 1729 653 1762; x_wconf 89' lang='lat' dir='ltr'><strong>locum</strong></span> <span class='ocrx_word' id='word_1_224' title='bbox 678 1730 713 1762; x_wconf 90' lang='lat' dir='ltr'><strong>iu</strong></span> <span class='ocrx_word' id='word_1_225' title='bbox 738 1731 954 1773; x_wconf 85' lang='lat' dir='ltr'><strong>oppositione</strong></span> <span class='ocrx_word' id='word_1_226' title='bbox 980 1730 1188 1763; x_wconf 76' lang='lat' dir='ltr'><strong>diversarum</strong></span> <span class='ocrx_word' id='word_1_227' title='bbox 1215 1741 1328 1764; x_wconf 87' lang='lat' dir='ltr'><strong>rerum</strong></span> <span class='ocrx_word' id='word_1_228' title='bbox 1353 1731 1502 1773; x_wconf 85' lang='lat' dir='ltr'><strong>versari,</strong></span> <span class='ocrx_word' id='word_1_229' title='bbox 1530 1735 1567 1765; x_wconf 86' lang='lat' dir='ltr'><strong>ut</strong></span> 
     </span>
     <span class='ocr_line' id='line_1_26' title="bbox 216 1794 1565 1842; baseline 0.005 -17"><span class='ocrx_word' id='word_1_230' title='bbox 216 1794 319 1826; x_wconf 87' lang='lat' dir='ltr'><strong>toties</strong></span> <span class='ocrx_word' id='word_1_231' title='bbox 345 1794 383 1826; x_wconf 87' lang='lat' dir='ltr'><strong>fit</strong></span> <span class='ocrx_word' id='word_1_232' title='bbox 407 1794 440 1827; x_wconf 88' lang='lat' dir='ltr'><strong>in</strong></span> <span class='ocrx_word' id='word_1_233' title='bbox 467 1795 587 1837; x_wconf 85' lang='lat' dir='ltr'><strong>elegia.</strong></span> <span class='ocrx_word' id='word_1_234' title='bbox 637 1796 751 1838; x_wconf 83' lang='lat' dir='ltr'><strong>Atque</strong></span> <span class='ocrx_word' id='word_1_235' title='bbox 777 1795 832 1829; x_wconf 85' lang='lat' dir='ltr'><strong>hic</strong></span> <span class='ocrx_word' id='word_1_236' title='bbox 860 1797 997 1839; x_wconf 85' lang='lat' dir='ltr'><strong>quidem</strong></span> <span class='ocrx_word' id='word_1_237' title='bbox 1025 1807 1113 1840; x_wconf 84' lang='lat' dir='ltr'><strong>equo</strong></span> <span class='ocrx_word' id='word_1_238' title='bbox 1139 1798 1280 1842; x_wconf 82' lang='lat' dir='ltr'><strong>rapido,</strong></span> <span class='ocrx_word' id='word_1_239' title='bbox 1306 1797 1446 1832; x_wconf 84' lang='lat' dir='ltr'><strong>habenis</strong></span> <span class='ocrx_word' id='word_1_240' title='bbox 1470 1809 1565 1832; x_wconf 87' lang='lat' dir='ltr'><strong>com-</strong></span> 
     </span>
     <span class='ocr_line' id='line_1_27' title="bbox 216 1859 1564 1905; baseline 0.004 -14"><span class='ocrx_word' id='word_1_241' title='bbox 216 1859 408 1902; x_wconf 80' lang='lat' dir='ltr'><strong>pescendo,</strong></span> <span class='ocrx_word' id='word_1_242' title='bbox 445 1862 629 1903; x_wconf 87' lang='lat' dir='ltr'><strong>opponitur</strong></span> <span class='ocrx_word' id='word_1_243' title='bbox 663 1862 795 1905; x_wconf 90' lang='lat' dir='ltr'><strong>placida</strong></span> <span class='ocrx_word' id='word_1_244' title='bbox 820 1874 918 1905; x_wconf 87' lang='lat' dir='ltr'><strong>aqua.</strong></span> <span class='ocrx_word' id='word_1_245' title='bbox 970 1865 1086 1900; x_wconf 83' lang='lat' dir='ltr'><strong>Quare</strong></span> <span class='ocrx_word' id='word_1_246' title='bbox 1112 1865 1307 1898; x_wconf 84' lang='lat' dir='ltr'><strong>necessario</strong></span> <span class='ocrx_word' id='word_1_247' title='bbox 1334 1863 1398 1897; x_wconf 86' lang='lat' dir='ltr'><strong>boc</strong></span> <span class='ocrx_word' id='word_1_248' title='bbox 1421 1864 1564 1898; x_wconf 88' lang='lat' dir='ltr'><strong>adiecti—</strong></span> 
     </span>
     <span class='ocr_line' id='line_1_28' title="bbox 217 1926 1565 1972; baseline 0.004 -15"><span class='ocrx_word' id='word_1_249' title='bbox 217 1936 293 1958; x_wconf 74' lang='lat' dir='ltr'><strong>vum</strong></span> <span class='ocrx_word' id='word_1_250' title='bbox 321 1926 352 1958; x_wconf 88' lang='lat' dir='ltr'><strong>in</strong></span> <span class='ocrx_word' id='word_1_251' title='bbox 378 1926 474 1958; x_wconf 81' lang='lat' dir='ltr'><strong>initio</strong></span> <span class='ocrx_word' id='word_1_252' title='bbox 502 1928 703 1969; x_wconf 82' lang='lat' dir='ltr'><strong>pentametri</strong></span> <span class='ocrx_word' id='word_1_253' title='bbox 729 1938 806 1960; x_wconf 79' lang='lat' dir='ltr'><strong>esse</strong></span> <span class='ocrx_word' id='word_1_254' title='bbox 833 1928 947 1961; x_wconf 86' lang='lat' dir='ltr'><strong>debet.</strong></span> <span class='ocrx_word' id='word_1_255' title='bbox 998 1930 1260 1972; x_wconf 87' lang='lat' dir='ltr'><strong>Oppositionem</strong></span> <span class='ocrx_word' id='word_1_256' title='bbox 1285 1930 1387 1963; x_wconf 86' lang='lat' dir='ltr'><strong>etiam</strong></span> <span class='ocrx_word' id='word_1_257' title='bbox 1415 1929 1565 1963; x_wconf 77' lang='lat' dir='ltr'><strong>Vossrus</strong></span> 
     </span>
     <span class='ocr_line' id='line_1_29' title="bbox 216 1991 1564 2037; baseline 0.004 -14"><span class='ocrx_word' id='word_1_258' title='bbox 216 2001 282 2023; x_wconf 89' lang='lat' dir='ltr'><strong>non</strong></span> <span class='ocrx_word' id='word_1_259' title='bbox 321 1995 565 2034; x_wconf 76' lang='lat' dir='ltr'><strong>perspexerat,</strong></span> <span class='ocrx_word' id='word_1_260' title='bbox 601 1992 656 2033; x_wconf 86' lang='lat' dir='ltr'><strong>qui</strong></span> <span class='ocrx_word' id='word_1_261' title='bbox 687 1991 839 2037; x_wconf 73' lang='lat' dir='ltr'><strong>facilem</strong></span> <span class='ocrx_word' id='word_1_262' title='bbox 874 2005 923 2037; x_wconf 82' lang='lat' dir='ltr'><strong>pr.</strong></span> <span class='ocrx_word' id='word_1_263' title='bbox 950 1993 1129 2037; x_wconf 75' lang='lat' dir='ltr'><strong>placidam</strong></span> <span class='ocrx_word' id='word_1_264' title='bbox 1165 1995 1365 2028; x_wconf 84' lang='lat' dir='ltr'><strong>emendavit.</strong></span> <span class='ocrx_word' id='word_1_265' title='bbox 1390 2013 1437 2019; x_wconf 79' lang='lat'><strong>-—-</strong></span> <span class='ocrx_word' id='word_1_266' title='bbox 1478 1995 1564 2030; x_wconf 88' lang='lat' dir='ltr'><strong>Hic</strong></span> 
     </span>
     <span class='ocr_line' id='line_1_30' title="bbox 215 2055 1562 2103; baseline 0.007 -18"><span class='ocrx_word' id='word_1_267' title='bbox 215 2055 353 2098; x_wconf 86' lang='lat' dir='ltr'><strong>pellit</strong></span> <span class='ocrx_word' id='word_1_268' title='bbox 390 2066 439 2098; x_wconf 83' lang='lat' dir='ltr'><strong>pr.</strong></span> <span class='ocrx_word' id='word_1_269' title='bbox 474 2056 552 2097; x_wconf 85' lang='lat' dir='ltr'><strong>quia</strong></span> <span class='ocrx_word' id='word_1_270' title='bbox 588 2056 704 2100; x_wconf 87' lang='lat' dir='ltr'><strong>pellit,</strong></span> <span class='ocrx_word' id='word_1_271' title='bbox 743 2057 821 2091; x_wconf 90' lang='lat' dir='ltr'><strong>dum</strong></span> <span class='ocrx_word' id='word_1_272' title='bbox 856 2060 961 2102; x_wconf 73' lang='lat' dir='ltr'><strong>pellit.</strong></span> <span class='ocrx_word' id='word_1_273' title='bbox 1013 2060 1173 2094; x_wconf 76' lang='lat' dir='ltr'><strong>Ceterum</strong></span> <span class='ocrx_word' id='word_1_274' title='bbox 1209 2060 1252 2095; x_wconf 79' lang='lat' dir='ltr'><strong>cf.</strong></span> <span class='ocrx_word' id='word_1_275' title='bbox 1286 2061 1348 2102; x_wconf 79' lang='grc' dir='ltr'>ΙΙΙ,</span> <span class='ocrx_word' id='word_1_276' title='bbox 1375 2064 1409 2103; x_wconf 84' lang='grc'><strong>5,</strong></span> <span class='ocrx_word' id='word_1_277' title='bbox 1432 2064 1491 2096; x_wconf 87' lang='grc'><strong>30.</strong></span> <span class='ocrx_word' id='word_1_278' title='bbox 1516 2079 1562 2087; x_wconf 92' lang='lat'>—</span> 
     </span>
     <span class='ocr_line' id='line_1_31' title="bbox 215 2122 1562 2172; baseline 0.006 -19"><span class='ocrx_word' id='word_1_279' title='bbox 215 2122 358 2154; x_wconf 82' lang='lat' dir='ltr'><strong>fortis</strong></span> <span class='ocrx_word' id='word_1_280' title='bbox 383 2122 592 2164; x_wconf 83' lang='lat' dir='ltr'><strong>audacia,</strong></span> <span class='ocrx_word' id='word_1_281' title='bbox 619 2125 774 2157; x_wconf 88' lang='lat' dir='ltr'><strong>consulto</strong></span> <span class='ocrx_word' id='word_1_282' title='bbox 799 2125 916 2158; x_wconf 80' lang='lat' dir='ltr'><strong>addito</strong></span> <span class='ocrx_word' id='word_1_283' title='bbox 943 2126 1095 2170; x_wconf 86' lang='lat' dir='ltr'><strong>epitheto</strong></span> <span class='ocrx_word' id='word_1_284' title='bbox 1121 2128 1162 2160; x_wconf 83' lang='lat' dir='ltr'><strong>ad</strong></span> <span class='ocrx_word' id='word_1_285' title='bbox 1190 2129 1381 2170; x_wconf 83' lang='lat' dir='ltr'><strong>augendam</strong></span> <span class='ocrx_word' id='word_1_286' title='bbox 1407 2129 1473 2161; x_wconf 64' lang='lat' dir='ltr'><strong>vlu!</strong></span> <span class='ocrx_word' id='word_1_287' title='bbox 1498 2139 1562 2172; x_wconf 87' lang='lat' dir='ltr'><strong>op-</strong></span> 
     </span>
     <span class='ocr_line' id='line_1_32' title="bbox 215 2179 1561 2237; baseline 0.007 -17"><span class='ocrx_word' id='word_1_288' title='bbox 215 2189 404 2232; x_wconf 82' lang='lat' dir='ltr'><strong>positionis,</strong></span> <span class='ocrx_word' id='word_1_289' title='bbox 431 2199 507 2222; x_wconf 87' lang='lat' dir='ltr'><strong>cum</strong></span> <span class='ocrx_word' id='word_1_290' title='bbox 531 2179 712 2233; x_wconf 81' lang='lat' dir='ltr'><strong>sequatur:</strong></span> <span class='ocrx_word' id='word_1_291' title='bbox 740 2192 990 2234; x_wconf 81' lang='lat' dir='ltr'><strong>Virgineus</strong></span> <span class='ocrx_word' id='word_1_292' title='bbox 1018 2193 1175 2237; x_wconf 88' lang='lat' dir='ltr'><strong>pudor,</strong></span> <span class='ocrx_word' id='word_1_293' title='bbox 1202 2194 1243 2228; x_wconf 85' lang='lat' dir='ltr'><strong>cf.</strong></span> <span class='ocrx_word' id='word_1_294' title='bbox 1270 2194 1360 2234; x_wconf 86' lang='lat' dir='ltr'><strong>adl,</strong></span> <span class='ocrx_word' id='word_1_295' title='bbox 1385 2197 1414 2236; x_wconf 87' lang='lat' dir='ltr'><strong>l,</strong></span> <span class='ocrx_word' id='word_1_296' title='bbox 1440 2196 1499 2229; x_wconf 80' lang='lat'><strong>62.</strong></span> <span class='ocrx_word' id='word_1_297' title='bbox 1516 2213 1561 2218; x_wconf 91' lang='lat'><strong>—-</strong></span> 
     </span>
     <span class='ocr_line' id='line_1_33' title="bbox 215 2253 1560 2302; baseline 0.007 -18"><span class='ocrx_word' id='word_1_298' title='bbox 215 2257 307 2285; x_wconf 85' lang='lat' dir='ltr'><strong>stat</strong></span> <span class='ocrx_word' id='word_1_299' title='bbox 332 2257 433 2286; x_wconf 86' lang='lat' dir='ltr'><strong>ante</strong></span> <span class='ocrx_word' id='word_1_300' title='bbox 459 2265 618 2297; x_wconf 83' lang='lat' dir='ltr'><strong>genas,</strong></span> <span class='ocrx_word' id='word_1_301' title='bbox 649 2255 679 2289; x_wconf 76' lang='lat' dir='ltr'><strong>h.</strong></span> <span class='ocrx_word' id='word_1_302' title='bbox 707 2266 736 2289; x_wconf 89' lang='lat' dir='ltr'><strong>e.</strong></span> <span class='ocrx_word' id='word_1_303' title='bbox 763 2257 966 2300; x_wconf 82' lang='lat' dir='ltr'><strong>conspicuus</strong></span> <span class='ocrx_word' id='word_1_304' title='bbox 992 2263 1063 2300; x_wconf 84' lang='lat' dir='ltr'><strong>est,</strong></span> <span class='ocrx_word' id='word_1_305' title='bbox 1102 2260 1228 2292; x_wconf 87' lang='lat' dir='ltr'><strong>eminet</strong></span> <span class='ocrx_word' id='word_1_306' title='bbox 1256 2260 1288 2293; x_wconf 90' lang='lat' dir='ltr'><strong>in</strong></span> <span class='ocrx_word' id='word_1_307' title='bbox 1315 2261 1434 2302; x_wconf 83' lang='lat' dir='ltr'><strong>genis,</strong></span> <span class='ocrx_word' id='word_1_308' title='bbox 1459 2253 1560 2302; x_wconf 85' lang='lat' dir='ltr'><strong>atque</strong></span> 
     </span>
     <span class='ocr_line' id='line_1_34' title="bbox 215 2317 1561 2367; baseline 0.004 -17"><span class='ocrx_word' id='word_1_309' title='bbox 215 2319 261 2350; x_wconf 83' lang='lat' dir='ltr'><strong>ita</strong></span> <span class='ocrx_word' id='word_1_310' title='bbox 286 2317 432 2351; x_wconf 79' lang='lat' dir='ltr'><strong>advertit</strong></span> <span class='ocrx_word' id='word_1_311' title='bbox 458 2321 587 2354; x_wconf 87' lang='lat' dir='ltr'><strong>oculos.</strong></span> <span class='ocrx_word' id='word_1_312' title='bbox 648 2322 800 2355; x_wconf 81' lang='lat' dir='ltr'><strong>Plurimo</strong></span> <span class='ocrx_word' id='word_1_313' title='bbox 829 2323 917 2356; x_wconf 85' lang='lat' dir='ltr'><strong>euim</strong></span> <span class='ocrx_word' id='word_1_314' title='bbox 957 2327 992 2356; x_wconf 89' lang='lat' dir='ltr'><strong>et</strong></span> <span class='ocrx_word' id='word_1_315' title='bbox 1027 2324 1218 2367; x_wconf 81' lang='lat' dir='ltr'><strong>largissimo</strong></span> <span class='ocrx_word' id='word_1_316' title='bbox 1244 2325 1368 2358; x_wconf 83' lang='lat' dir='ltr'><strong>rubore</strong></span> <span class='ocrx_word' id='word_1_317' title='bbox 1395 2334 1561 2357; x_wconf 84' lang='lat' dir='ltr'><strong>verecun-</strong></span> 
     </span>
     <span class='ocr_line' id='line_1_35' title="bbox 215 2383 1560 2433; baseline 0.005 -18"><span class='ocrx_word' id='word_1_318' title='bbox 215 2383 277 2416; x_wconf 85' lang='lat' dir='ltr'><strong>dus</strong></span> <span class='ocrx_word' id='word_1_319' title='bbox 303 2384 413 2428; x_wconf 85' lang='lat' dir='ltr'><strong>pudor</strong></span> <span class='ocrx_word' id='word_1_320' title='bbox 438 2386 570 2428; x_wconf 78' lang='lat' dir='ltr'><strong>obtegit</strong></span> <span class='ocrx_word' id='word_1_321' title='bbox 596 2397 702 2430; x_wconf 81' lang='lat' dir='ltr'><strong>genas</strong></span> <span class='ocrx_word' id='word_1_322' title='bbox 726 2389 911 2430; x_wconf 75' lang='lat' dir='ltr'><strong>iuveniles,</strong></span> <span class='ocrx_word' id='word_1_323' title='bbox 946 2401 985 2423; x_wconf 90' lang='lat' dir='ltr'><strong>ac</strong></span> <span class='ocrx_word' id='word_1_324' title='bbox 1012 2391 1087 2423; x_wconf 76' lang='lat' dir='ltr'><strong>talis</strong></span> <span class='ocrx_word' id='word_1_325' title='bbox 1117 2391 1234 2433; x_wconf 76' lang='lat' dir='ltr'><strong>plenus</strong></span> <span class='ocrx_word' id='word_1_326' title='bbox 1258 2395 1293 2423; x_wconf 86' lang='lat' dir='ltr'><strong>et</strong></span> <span class='ocrx_word' id='word_1_327' title='bbox 1319 2391 1432 2432; x_wconf 78' lang='lat' dir='ltr'><strong>largus</strong></span> <span class='ocrx_word' id='word_1_328' title='bbox 1458 2389 1560 2422; x_wconf 89' lang='lat' dir='ltr'><strong>rubor</strong></span> 
     </span>
     <span class='ocr_line' id='line_1_36' title="bbox 216 2451 1559 2498; baseline 0.004 -16"><span class='ocrx_word' id='word_1_329' title='bbox 216 2455 286 2491; x_wconf 80' lang='lat' dir='ltr'><strong>est,</strong></span> <span class='ocrx_word' id='word_1_330' title='bbox 326 2451 381 2493; x_wconf 81' lang='lat' dir='ltr'><strong>qui</strong></span> <span class='ocrx_word' id='word_1_331' title='bbox 416 2462 503 2484; x_wconf 84' lang='lat' dir='ltr'><strong>nunc</strong></span> <span class='ocrx_word' id='word_1_332' title='bbox 529 2459 625 2484; x_wconf 63' lang='lat' dir='ltr'><strong>stare</strong></span> <span class='ocrx_word' id='word_1_333' title='bbox 652 2454 776 2487; x_wconf 79' lang='lat' dir='ltr'><strong>dicitur</strong></span> <span class='ocrx_word' id='word_1_334' title='bbox 809 2459 886 2487; x_wconf 80' lang='lat' dir='ltr'><strong>ante</strong></span> <span class='ocrx_word' id='word_1_335' title='bbox 919 2466 1034 2498; x_wconf 77' lang='lat' dir='ltr'><strong>genas.</strong></span> <span class='ocrx_word' id='word_1_336' title='bbox 1089 2456 1225 2487; x_wconf 63' lang='lat' dir='ltr'><strong>Alienus</strong></span> <span class='ocrx_word' id='word_1_337' title='bbox 1251 2465 1330 2488; x_wconf 62' lang='lat' dir='ltr'><strong>vero</strong></span> <span class='ocrx_word' id='word_1_338' title='bbox 1357 2456 1559 2488; x_wconf 65' lang='lat' dir='ltr'><strong>Summotis</strong></span> 
     </span>
     <span class='ocr_line' id='line_1_37' title="bbox 214 2516 1558 2564; baseline 0.003 -16"><span class='ocrx_word' id='word_1_339' title='bbox 214 2518 246 2548; x_wconf 87' lang='lat' dir='ltr'><strong>in</strong></span> <span class='ocrx_word' id='word_1_340' title='bbox 275 2518 442 2558; x_wconf 58' lang='lat' dir='ltr'><strong>Antigona</strong></span> <span class='ocrx_word' id='word_1_341' title='bbox 470 2517 581 2550; x_wconf 81' lang='lat' dir='ltr'><strong>locus:</strong></span> <span class='ocrx_word' id='word_1_342' title='bbox 612 2516 740 2562; x_wconf 52' lang='lat' dir='ltr'><strong>¹&#39;liguo-3,</strong></span> <span class='ocrx_word' id='word_1_343' title='bbox 778 2518 812 2555; x_wconf 63' lang='grc' dir='ltr'><strong>ὃς</strong></span> <span class='ocrx_word' id='word_1_344' title='bbox 843 2521 874 2552; x_wconf 69' lang='grc' dir='ltr'><strong>ἰν</strong></span> <span class='ocrx_word' id='word_1_345' title='bbox 910 2521 1080 2557; x_wconf 67' lang='grc' dir='ltr'><strong>μαλακαῖς</strong></span> <span class='ocrx_word' id='word_1_346' title='bbox 1111 2528 1266 2564; x_wconf 62' lang='grc' dir='ltr'><strong>παρειαῖς</strong></span> <span class='ocrx_word' id='word_1_347' title='bbox 1295 2519 1441 2557; x_wconf 58' lang='grc' dir='ltr'><strong>νεάνιδος</strong></span> <span class='ocrx_word' id='word_1_348' title='bbox 1468 2523 1558 2553; x_wconf 69' lang='lat' dir='ltr'><strong>irrr-</strong></span> 
     </span>
    </p>
   </div>
   <div class='ocr_carea' id='block_1_3' title="bbox 209 2579 1558 2629">
    <p class='ocr_par' dir='ltr' id='par_1_4' title="bbox 209 2579 1558 2629">
     <span class='ocr_line' id='line_1_38' title="bbox 209 2579 1558 2629; baseline 0.003 -15"><span class='ocrx_word' id='word_1_349' title='bbox 209 2579 335 2623; x_wconf 62' lang='lat'><strong>2÷1²÷‹;‚</strong></span> <span class='ocrx_word' id='word_1_350' title='bbox 375 2583 415 2615; x_wconf 75' lang='lat' dir='ltr'><strong>«lc</strong></span> <span class='ocrx_word' id='word_1_351' title='bbox 451 2585 575 2617; x_wconf 70' lang='lat' dir='ltr'><strong>Amore</strong></span> <span class='ocrx_word' id='word_1_352' title='bbox 611 2589 744 2618; x_wconf 81' lang='lat' dir='ltr'><strong>noctem</strong></span> <span class='ocrx_word' id='word_1_353' title='bbox 780 2586 811 2618; x_wconf 84' lang='lat' dir='ltr'><strong>in</strong></span> <span class='ocrx_word' id='word_1_354' title='bbox 846 2586 943 2628; x_wconf 80' lang='lat' dir='ltr'><strong>genis</strong></span> <span class='ocrx_word' id='word_1_355' title='bbox 977 2586 1163 2629; x_wconf 83' lang='lat' dir='ltr'><strong>puellarum</strong></span> <span class='ocrx_word' id='word_1_356' title='bbox 1200 2586 1406 2628; x_wconf 78' lang='lat' dir='ltr'><strong>transigente</strong></span> <span class='ocrx_word' id='word_1_357' title='bbox 1434 2595 1558 2628; x_wconf 74' lang='lat' dir='ltr'><strong>easque</strong></span> 
     </span>
    </p>
   </div>
   <div class='ocr_carea' id='block_1_4' title="bbox 1712 586 1721 825">
    <p class='ocr_par' dir='ltr' id='par_1_5' title="bbox 1712 586 1721 825">
     <span class='ocr_line' id='line_1_39' title="bbox 1712 586 1721 825; textangle 90"><span class='ocrx_word' id='word_1_358' title='bbox 1718 815 1721 825; x_wconf 36' lang='grc' dir='ltr'>Ι</span> <span class='ocrx_word' id='word_1_359' title='bbox 1718 794 1721 802; x_wconf 35' lang='lat' dir='ltr'><strong>a</strong></span> <span class='ocrx_word' id='word_1_360' title='bbox 1717 764 1721 782; x_wconf 71' lang='grc'><strong>-.</strong></span> <span class='ocrx_word' id='word_1_361' title='bbox 1712 667 1721 752; x_wconf 39' lang='lat' dir='ltr'><strong>nvn-nu</strong></span> <span class='ocrx_word' id='word_1_362' title='bbox 1716 586 1721 658; x_wconf 44' lang='lat'><strong>“20-</strong></span> 
     </span>
    </p>
   </div>
   <div class='ocr_carea' id='block_1_5' title="bbox 1706 1075 1721 1211">
    <p class='ocr_par' dir='ltr' id='par_1_6' title="bbox 1706 1075 1721 1211">
     <span class='ocr_line' id='line_1_40' title="bbox 1706 1075 1721 1211; textangle 90"><span class='ocrx_word' id='word_1_363' title='bbox 1706 1194 1710 1211; x_wconf 18' lang='grc' dir='ltr'><strong>ἃ,</strong></span> <span class='ocrx_word' id='word_1_364' title='bbox 1706 1174 1714 1189; x_wconf 36' lang='lat' dir='ltr'><strong>V„</strong></span> <span class='ocrx_word' id='word_1_365' title='bbox 1706 1148 1721 1170; x_wconf 22' lang='grc' dir='ltr'><strong>Α]</strong></span> <span class='ocrx_word' id='word_1_366' title='bbox 1707 1075 1721 1143; x_wconf 43' lang='lat' dir='ltr'><strong>“r—</strong></span> 
     </span>
    </p>
   </div>
  </div>
 </body>
</html>
