1721 2953
286 169 365 206 456
594 167 968 217 COMMENTAR.
996 174 1058 218 IN
1085 175 1317 220 TIBULLI

287 285 352 316 tat
390 293 483 318 eum
522 294 673 319 amara
705 297 800 321 cum
835 289 1000 334 ironia,
1039 296 1083 326 et
1120 293 1318 330 minatur
1352 306 1399 332 se
1434 307 1628 333 amorem

285 360 407 385 suum
441 353 483 386 in
519 352 777 396 digniorem
813 359 1152 394 translaturum.

381 417 424 452 V.
450 419 469 450 1
495 428 547 461 sq.
598 420 781 454 Gratum
813 426 901 465 est,
938 425 1072 468 placet,
1099 426 1211 468 iuvat,
1235 427 1318 461 alias
1343 429 1463 463 etiam:
1501 429 1630 472 gratias

285 494 375 527 ago,
412 483 558 518 formula
597 486 817 520 usitatissima
855 491 1020 533 exemplis
1058 492 1174 525 multis
1210 492 1378 527 illustrata
1415 505 1436 528 a
1478 495 1630 536 Vnmo,

285 561 373 585 nunc
399 551 526 586 ironice
552 553 699 596 ponitur.
748 555 846 589 Iuvat
871 567 973 599 vero,
1015 559 1124 601 inquit
1149 561 1285 603 puella,
1327 562 1417 604 quod
1446 562 1490 595 de
1514 574 1568 596 me
1593 566 1629 596 et

283 617 327 650 de
351 619 477 652 amoris
503 620 570 653 mei
593 621 757 664 patientia
781 623 842 656 tibi
867 626 1058 668 promittis,
1092 636 1136 659 ne
1160 627 1282 660 iniuria
1307 628 1442 671 quidem
1467 639 1521 661 me
1547 639 1629 673 pro-

285 689 443 719 vocatum
469 686 509 720 iri
535 691 658 731 putans
684 693 722 722 ut
746 690 802 724 alii
827 692 935 725 amori
960 693 1089 726 cedam.
1147 693 1330 728 Librorum
1366 694 1502 738 quidem
1527 695 1629 728 lectio

290 756 344 784 est
371 752 563 789 Feminis,
588 754 694 788 veluti
716 756 892 792 Qvnwm.
917 758 1028 792 Instit.
1049 759 1144 792 Orat.
1163 758 1192 801 I,
1215 762 1248 793 4.
1274 760 1374 794 dicit:
1400 759 1631 793 Grammatici

285 814 413 853 libros,
452 817 514 863 qui
530 818 635 864 falso
659 820 866 855 viderentur
888 822 1071 868 inscripti,
1106 830 1280 871 tanquam
1304 825 1509 860 subdititios
1533 839 1632 860 sum-

284 895 417 917 movere
435 884 588 930 familia
608 887 845 932 permiserunt
868 889 945 924 sibi.
994 891 1064 924 Iam
1098 892 1128 925 si
1160 897 1357 927 construasae
1393 894 1544 926 Gratum
1575 897 1631 926 est

282 948 378 996 quod
402 949 475 983 iam
500 950 567 984 tibi
601 953 642 985 de
678 966 730 986 me
757 956 956 1000 permittis,
991 959 1133 1002 primum
1161 965 1339 1004 exspectet
1370 962 1491 1004 aliquis
1515 960 1552 993 in
1579 972 1631 992 me

281 1027 333 1060 pr.
360 1016 402 1049 de
432 1030 504 1055 me,
542 1018 747 1063 intelligitur
772 1021 859 1055 enirn
886 1022 1035 1057 defectio
1059 1035 1078 1057 a
1104 1026 1276 1069 Sulpicia,
1311 1026 1432 1059 deinde
1459 1025 1523 1059 hoc
1551 1026 1628 1068 qui-

281 1082 358 1117 dem
384 1083 510 1119 factum
543 1086 599 1120 vix
633 1091 686 1121 est
710 1092 845 1131 gratum
872 1090 925 1132 ei,
962 1101 1074 1134 neque
1100 1091 1164 1125 buc
1191 1093 1341 1136 pertinet
1374 1093 1503 1126 ironiae
1530 1093 1628 1126 risus,

281 1150 411 1194 Negari
449 1153 554 1196 igitur
592 1165 659 1189 non
700 1155 805 1190 debet
840 1159 1015 1201 egregiam
1054 1170 1129 1193 esse
1167 1160 1317 1194 Hnmsu
1355 1160 1628 1195 emendationem

282 1218 384 1261 vulgo
403 1222 576 1264 receptam
593 1220 844 1256 Promittis.
872 1223 1014 1258 HoRA‘r.
1032 1226 1107 1259 Sat.
1122 1226 1148 1268 Ι,
1167 1228 1200 1268 4,
1220 1229 1306 1260 102:
1331 1226 1363 1259 si
1379 1227 1467 1272 qaid
1479 1227 1629 1272 promit-

281 1289 354 1317 tere
380 1284 421 1317 de
449 1298 501 1318 me
521 1299 666 1331 possam
691 1288 812 1325 aliud,
845 1302 924 1322 vere
945 1290 1134 1334 promitto,
1171 1292 1329 1326 laudante
1355 1294 1456 1326 etiam
1481 1293 1628 1326 Huscn-

282 1360 354 1383 κιο.
404 1351 504 1386 Nunc
531 1354 656 1397 iungez
695 1357 846 1388 Gratum
870 1363 923 1390 est
949 1358 1044 1403 quod
1067 1357 1133 1390 tibi
1158 1358 1198 1391 de
1223 1371 1274 1392 me
1294 1359 1486 1404 promittis.
1537 1360 1630 1396 Quid

281 1425 362 1449 vero
397 1416 461 1451 hoc
496 1420 578 1452 est?
626 1421 869 1454 Toleraturum
903 1423 1051 1465 puellam
1090 1424 1265 1466 perfidiam
1301 1424 1464 1457 Cerinthi.
1514 1426 1627 1468 Atque

281 1482 365 1516 haee
390 1485 506 1527 opinio
533 1489 605 1526 est,
644 1484 730 1519 hanc
764 1487 877 1521 ridere
911 1489 1010 1530 licet,
1049 1488 1101 1522 hic
1127 1490 1230 1532 igitur
1255 1491 1365 1524 locum
1392 1489 1493 1524 habet
1518 1491 1627 1524 ironia

283 1551 428 1593 puellae.
480 1551 603 1584 Cetera
630 1552 866 1587 difficultatem
891 1565 957 1587 non
984 1553 1119 1588 habent.
1169 1557 1239 1589 Cur
1272 1557 1360 1589 enim
1391 1557 1455 1590 sibi
1483 1558 1627 1601 promit-

280 1618 321 1650 tit
344 1617 456 1651 illud?
506 1618 595 1654 Quia
620 1620 761 1652 multum
787 1631 926 1653 securus
960 1625 1012 1653 est
1046 1632 1088 1654 ne
1122 1623 1210 1655 male
1236 1623 1350 1666 inepta
1376 1623 1476 1656 cadat
1501 1626 1626 1667 puella.

280 1682 391 1716 Recte
417 1684 523 1726 igitur
550 1684 695 1728 primum
720 1685 871 1727 iungitur
899 1696 1088 1719 securus
1115 1688 1295 1721 multum
1321 1687 1351 1721 h.
1377 1699 1406 1722 e.
1434 1690 1533 1733 plane
1559 1701 1627 1724 non

280 1750 429 1792 veritus,
463 1753 603 1783 notante
629 1750 929 1784 WUNDERmcfflo
957 1756 991 1784 et
1018 1752 1227 1794 Huscmuo,
1256 1759 1291 1786 et
1314 1755 1422 1788 minus
1449 1758 1627 1791 commodo

279 1813 333 1848 hic
356 1826 459 1848 sensu
483 1826 558 1849 cuin
585 1816 660 1848 aliis
685 1816 857 1850 Hermus
884 1815 1035 1849 multum
1054 1817 1236 1861 promittis
1261 1821 1435 1854 construit.
1493 1822 1628 1856 Deinde

281 1883 392 1916 male
417 1883 571 1926 inepta
598 1887 667 1916 est:
693 1883 791 1916 nimis
810 1884 945 1925 stolida,
972 1888 1010 1917 ut
1033 1885 1114 1917 alias
1141 1886 1263 1929 passim
1289 1886 1378 1918 male
1399 1892 1503 1930 auget
1521 1889 1628 1931 signi-

280 1949 472 1982 ficationem
497 1948 623 1982 adiecti
648 1949 753 1991 verbi,
778 1950 883 1983 veluti
907 1949 997 1982 male
1022 1950 1157 1994 dispari
1183 1952 1324 1986 Hom'r.
1340 1952 1366 1994 1,
1384 1955 1438 1994 17,
1453 1956 1510 1987 25.
1537 1953 1628 1986 male

274 2026 412 2059 parvus
437 2016 539 2049 Satir.
555 2015 582 2057 Ι,
602 2018 636 2057 3,
653 2017 709 2048 45.
737 2014 779 2047 cf.
801 2015 943 2049 Bmx'TL.
964 2015 1005 2048 ad
1028 2016 1145 2049 Horat.
1167 2017 1228 2058 lll,
1251 2019 1304 2059 14,
1326 2021 1380 2052 ll.
1407 2023 1441 2052 et
1461 2019 1626 2056 Huscnx.

276 2080 320 2113 ad
345 2085 497 2115 nostrum
521 2082 644 2115 locum.
700 2080 800 2115 Nunc
826 2092 988 2125 perquam
1013 2084 1116 2116 stulta
1142 2088 1234 2116 esset
1261 2085 1393 2127 puella,
1429 2086 1478 2119 sic
1503 2091 1621 2120 censet

277 2147 426 2182 iudicare
451 2147 666 2190 Cerinfflum,
702 2160 789 2192 quae
822 2155 890 2184 tam
926 2149 1100 2194 pulchrum
1135 2151 1288 2184 iuvenem
1316 2151 1535 2194 posthaberet
1561 2154 1620 2186 alii

278 2212 366 2246 forte
389 2214 499 2247 minus
523 2214 681 2249 formoso.
732 2216 868 2250 Laudat
900 2217 1071 2250 Hmmus
1105 2218 1263 2260 Propert.
1291 2218 1333 2259 ll,
1361 2221 1419 2259 29,
1446 2221 1499 2252 14.
1554 2220 1625 2253 De-

277 2279 378 2322 nique
416 2279 568 2313 cadam
607 2285 675 2314 est:
719 2293 877 2325 peccem,
915 2282 958 2317 cf.
984 2284 1123 2318 inr.
1148 2283 1245 2316 Pers.
1271 2283 1331 2324 IV,
1364 2285 1397 2324 4,
1424 2286 1502 2316 104.
1541 2285 1624 2328 ibiq.

278 2343 498 2378 TAUBMANN.
521 2349 555 2378 et
579 2346 714 2380 Samae.
745 2348 906 2381 Controv.
932 2348 959 2390 Ι,
985 2351 1017 2390 3,
1043 2349 1099 2381 fin.
1133 2367 1178 2372 -
1231 2349 1274 2382 V.
1303 2351 1324 2381 3
1351 2360 1402 2391 sq.
1452 2349 1498 2382 Si
1537 2350 1622 2383 tibi

277 2420 381 2442 cura
407 2414 542 2453 togae
569 2413 744 2454 potior,
771 2414 798 2446 si
824 2417 860 2446 tu
882 2415 1094 2447 meretricem
1122 2413 1283 2456 praefers.
1334 2414 1531 2447 Libertinae
1555 2425 1622 2447 non

277 2475 396 2508 stolam
424 2476 588 2517 gerebant
614 2481 647 2510 et
673 2479 815 2522 pallam,
841 2479 901 2512 sed
927 2480 1166 2512 versicolorem
1195 2481 1342 2513 tunicam
1371 2480 1558 2514 breviorem
1587 2485 1622 2514 et

277 2543 414 2585 pallium
447 2544 545 2576 etiam
586 2550 704 2588 togam
741 2545 887 2587 dictum,
926 2546 1014 2579 unde
1053 2551 1192 2588 togatae
1231 2546 1508 2589 appellabantur,
1553 2547 1619 2581 vid.

277 2608 419 2642 nonu.
446 2610 516 2642 Sat.
543 2609 570 2650 l,
592 2612 625 2651 2,
651 2613 707 2644 63.
744 2611 823 2654 ibiq.
861 2612 1063 2655 interpretes
1087 2612 1336 2644 Toum-mrtem
1364 2616 1398 2643 et
1424 2612 1619 2646 Hammon-

279 2683 378 2706 ritM.
404 2691 443 2698 -·
484 2685 777 2720 pressumque
805 2678 1005 2719 quasillo
1041 2678 1265 2718 Scortum,
1293 2678 1507 2720 quasillaria,
1533 2689 1620 2722 quae
