1721 2953
473 145 613 187 LIBR.
648 144 719 185 111.
776 143 935 186 ELEG.
969 146 1022 185 V.
1335 149 1413 184 303

80 265 230 308 priorum
264 261 444 297 iniucunde
468 261 502 295 in
536 260 596 293 tali
621 267 713 292 nexu
740 257 884 291 alterum
912 258 1071 302 proprie,
1108 257 1252 290 alterum
1286 255 1414 300 impro‹

78 333 151 376 prie
184 331 321 375 accipi?
378 329 491 363 Obiici
527 337 630 371 porro
664 325 741 360 huic
773 326 991 369 explicationi
1028 325 1150 368 debet,
1187 323 1278 369 quod
1315 325 1417 357 etiam

79 398 249 431 Hmmus
274 398 412 436 monet,
449 403 516 427 non
543 393 647 426 fuisse
670 392 703 425 in
727 391 867 424 Etruria
892 402 996 434 aquas
1022 392 1158 425 Baianis
1190 391 1418 436 praestantio-

77 473 142 504 res,
168 471 252 504 quas
277 463 410 493 constat
434 459 560 492 ceteris
585 455 741 491 omnibus
766 457 946 501 praelatas,
972 456 1015 490 cf.
1041 458 1188 490 S'rnfflo
1215 457 1291 490 loco
1315 466 1418 500 supra

77 527 235 570 apposito
261 529 296 559 et
322 525 512 558 MAR'mAr..
539 523 597 566 VI,
622 525 680 565 42,
705 526 738 556 7.
781 532 824 555 ne
858 521 1038 554 afferamus
1072 522 1180 565 plura.
1228 522 1292 555 His
1316 522 1420 564 igitur

77 591 264 625 rationibus
289 591 430 633 ductus,
464 590 588 633 quibus
614 588 759 622 fortasse
784 587 887 620 etiam
911 587 977 619 alia
1002 587 1127 620 addere
1153 598 1308 631 possem,
1341 596 1419 619 cor-

77 661 212 702 ruptam
237 657 340 691 credo
374 657 556 691 lectionem
589 653 764 690 maxima,
799 656 834 686 et
858 653 1046 696 amplector
1072 654 1298 686 coniecturam
1323 651 1421 685 facil-

77 725 192 758 limam
230 728 264 758 et
298 725 460 768 optimam
490 722 675 768 proxima,
719 732 740 755 a
771 721 941 755 Sc101›1›10
972 721 1005 753 in
1041 719 1228 754 Paradoxis
1263 717 1421 751 literariis

80 790 288 834 propositam
315 793 350 823 et
387 790 562 834 probatam
589 788 746 822 Hnmsm
772 787 805 820 in
833 786 1044 821 Adversariis
1070 797 1132 820 nec
1157 797 1223 820 non
1249 786 1421 819 BRoucK-

81 867 186 890 HUsJo
216 861 250 889 et
275 857 435 898 Vunmo,
458 857 517 899 qui
541 856 691 900 recepit,
717 856 874 898 aliisque.
924 855 1038 897 Saepe
1064 854 1246 897 permutari
1269 853 1303 885 in
1328 851 1422 885 libris

80 921 256 955 maximus
281 926 315 955 et
343 920 528 965 prosimus
562 925 717 954 notatum
751 924 824 962 est,
863 919 1077 963 laudavitque
1101 919 1166 952 iam
1194 918 1364 951 Hm-mus
1388 916 1422 949 in

81 988 386 1021 observationibus
414 988 610 1021 Romamn.
637 986 680 1019 ad
705 986 836 1020 Lucan.
859 985 905 1028 X,
930 988 1032 1027 408„
1071 984 1113 1018 ad
1147 984 1246 1018 ovid,
1271 984 1358 1018 Met.
1378 981 1425 1024 II,

81 1057 177 1097 323„
204 1055 247 1088 ad
274 1056 410 1088 Patere.
434 1055 479 1097 II,
504 1058 562 1088 36.
588 1057 669 1088 127.
692 1054 830 1088 InsTm.
849 1053 945 1095 XIV,
964 1055 997 1086 4.
1045 1051 1109 1085 Est
1131 1055 1243 1084 antem
1261 1049 1426 1094 proxima

83 1126 121 1155 ut
153 1133 257 1166 saepe
288 1123 371 1155 alias
398 1122 614 1164 conditione,
653 1121 819 1164 dignitate
854 1124 889 1153 et
923 1119 1151 1164 praestantia,
1187 1116 1291 1151 veluti
1317 1117 1425 1150 Ovm.

82 1188 168 1222 Met.
193 1188 272 1230 XII,
305 1191 396 1221 398:
435 1194 650 1234 pectoraque
689 1187 872 1232 arlzficum
909 1185 1073 1219 laudatis
1102 1183 1265 1229 proxima
1303 1181 1428 1227 signis,

83 1253 210 1286 CICER.
235 1253 278 1286 ad
303 1254 373 1287 Att.
398 1254 443 1295 Il,
469 1257 512 1288 6:
542 1253 706 1298 proxima
739 1259 793 1286 est
817 1252 872 1285 illi
897 1250 1083 1295 municipio
1107 1251 1195 1283 llaec
1218 1247 1429 1283 Antiatium

83 1317 222 1363 cic-itag.
272 1318 360 1351 Vide
393 1319 491 1362 plura
524 1318 615 1362 apud
652 1318 834 1351 Ham-mm
871 1321 907 1351 et
940 1318 1123 1351 Vnmmn.
1172 1315 1247 1348 'Nec
1281 1313 1428 1356 denique

82 1386 370 1429 comparationem
396 1396 558 1428 aquarum
584 1385 771 1418 salubrium
796 1395 873 1417 cum
907 1385 1000 1416 Baiis
1026 1382 1209 1425 Campanis
1233 1381 1431 1423 infrequen-

85 1455 153 1485 tem
179 1463 254 1485 esse
279 1455 424 1495 constat,
450 1452 494 1485 cf.
521 1451 694 1485 Fnunnn.
719 1450 761 1482 ad
789 1449 931 1482 Ausonii
957 1448 1138 1481 Mosellam
1163 1448 1244 1478 212.
1270 1445 1432 1478 laudante

85 1518 205 1551 eodem
238 1518 400 1552 Ham-10.
450 1518 510 1551 Sic
546 1517 652 1560 igitur
685 1526 802 1550 omnes
838 1515 1057 1548 difficultates
1093 1516 1298 1546 evanescunt
1333 1511 1431 1545 facil-

84 1583 176 1616 lime.
226 1584 320 1617 Alias
345 1583 558 1616 coniecturas
584 1586 622 1615 ut
640 1582 790 1618 ,Voss112
819 1591 913 1612 nunc
937 1590 1096 1624 aequans
1123 1577 1235 1610 sacris
1257 1576 1433 1609 Baiarum

84 1647 205 1680 munia
232 1647 395 1692 lymphis,
421 1651 481 1680 aut
506 1647 711 1679 HuscHKn:
737 1656 828 1677 nunc
857 1655 992 1688 augens
1018 1642 1130 1675 sacris
1155 1642 1330 1675 Baiarum
1354 1654 1433 1674 mu·-

85 1725 173 1746 nera
199 1712 372 1758 lymphis,
399 1713 500 1746 animi
526 1723 628 1746 causa
653 1712 696 1744 ab
725 1722 767 1745 eo
792 1712 1023 1756 propositam,
1048 1713 1248 1754 praetere03
1274 1709 1433 1742 nolumus

86 1780 175 1812 enim
201 1778 358 1812 hariolari
383 1783 418 1812 et
442 1779 474 1812 in
500 1779 565 1811 alia
591 1778 703 1811 omnia
725 1777 842 1820 abire,
877 1776 938 1809 sed
963 1775 1046 1809 illud
1071 1780 1187 1808 tenere
1212 1775 1302 1818 qnod
1330 1785 1433 1818 quam

87 1846 242 1890 proxime
273 1845 361 1879 absit
395 1855 415 1878 a
445 1845 615 1889 scriptura
641 1844 818 1877 librorum.
867 1843 1030 1875 BAcmus
1064 1840 1221 1874 coniicit:
1260 1846 1345 1873 ante
1372 1852 1434 1873 sa-

88 1923 168 1945 cras
187 1911 415 1956 —lymplzaffi
439 1911 501 1945 sed
525 1912 579 1944 vel
604 1910 771 1944 sententia
796 1909 972 1953 displicet3
999 1919 1110 1951 neque
1136 1908 1223 1941 enim
1246 1907 1433 1951 quidquam

87 1978 182 2011 Baiis
209 1978 271 2010 suit
296 1977 454 2011 nobilius.
514 1977 626 2010 Unum
665 1980 771 2010 restat
804 1975 894 2018 quod
929 1975 1195 2008 consideremus.
1258 1975 1433 2008 Hssxmus

88 2047 177 2080 enim
223 2045 410 2079 secundum
449 2048 484 2079 et
521 2045 662 2078 tertium
699 2054 834 2077 versum
871 2043 1008 2076 omnino
1049 2043 1213 2076 insertum
1252 2046 1352 2086 putat
1390 2042 1433 2075 ab

88 2112 200 2144 aliena
233 2121 356 2153 manu,
393 2114 428 2144 et
456 2110 636 2144 absurdam
663 2114 764 2152 atque
789 2110 939 2153 ineptam
964 2110 1187 2143 sententiam:
1232 2108 1336 2141 Unda
1368 2107 1434 2142 sub

90 2178 264 2210 aestivum
294 2190 363 2210 non
388 2177 554 2210 adeunda
587 2179 733 2213 Canem,
768 2177 801 2210 in
835 2187 903 2219 quo
928 2180 1041 2210 tamen
1066 2175 1191 2209 iudicio
1224 2185 1290 2208 non
1323 2175 1436 2208 omnia

90 2244 276 2277 laudamus·
325 2245 435 2277 Poeta
468 2256 544 2278 cum
580 2246 687 2278 nollet
720 2244 810 2278 nude
848 2243 986 2278 dicere:
1026 2244 1097 2278 Vos
1133 2247 1250 2277 tenent
1274 2242 1435 2275 Etruriae

90 2322 200 2354 aquae
232 2311 406 2353 salubres,
444 2313 658 2356 oppositione
695 2312 899 2345 sententiam
937 2311 1170 2344 illustrandam
1208 2310 1359 2352 censuit,
1397 2313 1436 2343 ut

90 2389 193 2422 saepe
227 2378 313 2411 bene
347 2379 386 2411 fit
418 2378 452 2411 in
486 2378 588 2411 initiis
622 2379 810 2412 carminum
844 2381 878 2411 et
911 2377 1007 2411 alias.
1053 2376 1280 2410 Nihilominus
1318 2386 1435 2409 verum

90 2443 176 2478 hano
204 2444 340 2487 quidem
374 2445 629 2489 oppositionem
662 2445 790 2488 frigere
826 2445 985 2479 maxime.
1033 2444 1215 2477 Sententia
1245 2454 1326 2477 vera
1359 2453 1435 2476 cum

93 2507 175 2543 llaec
195 2510 259 2544 sit:
285 2511 357 2544 Vos
385 2515 502 2544 tenent
526 2510 636 2544 undae
661 2511 919 2552 saluberrimae,
944 2519 1010 2552 ego
1038 2510 1157 2543 morbo
1182 2510 1278 2553 gravi
1306 2508 1435 2549 laboro,

93 2575 186 2609 vides
212 2577 277 2610 iam
305 2577 505 2621 simpliciter
531 2578 576 2610 ita
604 2577 785 2610 dicendum
812 2576 936 2610 fnisse:
967 2576 1038 2609 Vos
1064 2579 1158 2609 tenet
1185 2575 1340 2608 Etruscis
1365 2584 1437 2607 ma—

95 2646 153 2676 nat
180 2653 266 2686 quae
291 2643 440 2678 fontibus
474 2643 564 2678 unda
599 2644 707 2678 sacris
743 2643 899 2678 Baiarum
935 2643 1088 2687 proxima
1120 2641 1286 2689 lymphis,
1323 2645 1437 2676 cetera
