1721 2953
276 186 355 224 452
591 182 621 222 C
626 181 961 224 OMMENTAR.
992 184 1051 224 IN
1082 183 1309 225 TIBULLI

277 299 426 337 Latinis,
467 299 651 342 praemissa
687 298 794 331 Indici
829 296 1027 332 Scliolnrum
1054 298 1196 332 Kilieusi
1226 309 1301 332 ann.
1329 301 1430 333 1832.
1469 303 1622 334 semestr.

279 365 406 400 hibern.
450 376 526 409 pag.
553 365 667 406 xlv„
716 364 831 398 laudat
865 367 924 398 Me
961 365 1058 411 legat
1096 371 1138 397 ut
1175 377 1290 401 nemo,
1335 365 1426 408 quod
1462 366 1623 408 Vossms,

279 432 616 472 Wuxwunmcumffi
642 430 806 463 Bicnms
832 436 1067 475 reposueruut.
1118 433 1163 465 At
1189 433 1297 474 enim,
1326 443 1402 466 cum
1431 443 1510 466 vera
1535 433 1624 466 ratio

279 497 466 530 sententiae
491 495 670 529 manifesto
697 494 780 529 llaec
804 497 870 530 sit:
903 502 940 530 ut
967 508 1066 531 uenio
1094 508 1147 531 me
1172 499 1286 541 legat,
1319 499 1412 532 vides
1439 510 1623 543 pronomen

278 574 329 594 me
355 573 533 606 perperam
558 562 654 594 initio
679 562 859 604 collocari,
898 563 988 605 quod
1016 563 1184 607 potiorem
1215 565 1280 597 vim
1306 564 1406 608 plane
1430 575 1497 597 nou
1523 563 1625 598 habet

280 627 342 661 hic.
392 628 444 661 Ea
478 629 510 661 in
537 629 718 670 negatione
744 632 796 661 est
828 626 931 671 (dash
956 630 997 669 ja
1023 628 1187 661 niemancl
1211 629 1311 673 lese).
1360 631 1470 663 Porro
1497 641 1623 673 quam

280 712 319 717 --
349 699 476 735 ante,
502 695 605 728 veluti
631 695 819 728 PROPERT.
845 694 889 736 ll,
912 697 970 736 25,
996 698 1062 728 26:
1091 695 1249 738 Septima
1275 707 1381 741 quam
1407 702 1536 728 melum
1561 695 1628 728 tri-

279 759 370 792 verit
396 765 479 791 ante
505 766 667 797 νοίαμ-
712 759 798 793 Mox
831 761 985 793 vultus
1020 772 1296 805 componere
1321 761 1492 802 lamae,
1532 763 1625 795 vultu

279 825 491 858 dissimulare
524 835 595 858 rem
630 825 739 858 famae
768 836 881 858 causa.
931 824 999 858 Est
1023 825 1148 871 famae
1173 827 1305 860 dativus
1331 827 1499 861 commodi
1525 838 1625 871 quem

280 889 409 922 dicunt.
444 908 491 914 -—
541 900 634 923 cum
673 890 811 933 digno
850 890 996 924 fuisse
1034 891 1168 925 ferar.
1222 894 1328 927 Usum
1365 894 1557 928 absolutum
1595 906 1626 928 v.

280 956 409 1002 dignus
443 956 589 990 illustrat
623 957 765 990 Bam-L.
800 957 843 990 ad
879 958 1001 993 Horat.
1028 960 1103 992 Sat·
1127 959 1171 1002 ΙΙ,
1200 963 1231 1002 l,
1256 963 1315 993 85.
1378 959 1517 994 Phrasis
1543 970 1625 993 vero

279 1034 353 1055 esse
382 1035 459 1055 cum.
484 1027 581 1064 uota⁷
617 1027 655 1055 ut
683 1024 790 1056 Ovm.
818 1024 892 1057 Art.
918 1024 993 1056 Am.
1018 1025 1081 1064 ΙΙΙ,
1107 1027 1194 1059 664:
1233 1025 1332 1057 crede
1359 1025 1464 1062 milii,
1498 1037 1629 1057 mecum

280 1102 347 1122 non
371 1089 476 1121 semel
498 1088 562 1120 illa
576 1088 672 1135 suit.
720 1090 825 1123 Plura
848 1088 948 1121 affert
969 1089 1262 1124 BRothfluans.
1312 1090 1410 1124 Adde
1428 1091 1631 1125 Wus'rmffl.

282 1155 325 1188 ad
351 1155 492 1189 Terent.
521 1155 623 1188 Andr.
653 1156 680 1197 Ι,
708 1158 739 1197 1,
764 1158 823 1188 58.
857 1159 901 1198 et,
927 1155 1126 1191 BURMANN.
1161 1157 1204 1190 ad
1238 1157 1374 1192 Anthol.
1400 1158 1476 1192 Lat.
1502 1159 1545 1200 V,
1571 1170 1628 1202 ep.

281 1220 376 1261 XH',
404 1233 435 1264 p.
461 1223 542 1253 491.
592 1221 714 1254 Mouet
743 1221 889 1255 Vossms
928 1223 1117 1266 turpiorem
1152 1224 1433 1266 significationem
1468 1227 1630 1260 locutioni

283 1298 343 1331 per
367 1298 404 1320 se
429 1297 493 1320 uon
522 1288 652 1329 inesse,
678 1287 740 1320 sed
763 1298 782 1320 e
805 1298 895 1320 nexu
916 1290 1097 1332 orationis,
1125 1290 1181 1323 ubi
1207 1292 1416 1335 reperiatur,
1442 1294 1555 1336 nasci,
1580 1294 1633 1326 af-

282 1354 394 1387 ferens
421 1365 450 1388 ν.
480 1365 510 1387 c.
537 1354 706 1387 TuRssN'r.
737 1354 863 1388 Heaut.
888 1355 916 1397 Ι,
941 1358 976 1398 2,
1001 1359 1063 1392 ll:
1103 1358 1218 1401 Quam
1243 1358 1363 1391 vellem
1389 1360 1632 1391 Menedemum

283 1419 476 1451 int-italum
511 1425 553 1450 ut
586 1418 763 1451 nobiscum
796 1426 888 1452 esset
921 1421 1022 1453 hodie
1060 1422 1222 1466 amplia&
1263 1423 1378 1458 CORN.
1404 1423 1494 1458 NEP.
1521 1426 1629 1458 Alcib.

285 1487 329 1528 X,
353 1490 394 1519 5:
422 1487 514 1518 Erat
540 1497 617 1517 cum
640 1497 679 1518 eo
706 1486 849 1531 quidam
870 1498 912 1518 ex
937 1488 1100 1521 Arcadia
1125 1489 1258 1534 hospes,
1285 1492 1349 1524 alla
1374 1492 1505 1526 similia.
1556 1493 1631 1536 Op-

285 1562 391 1595 pouas
417 1556 528 1584 tamen
552 1552 597 1584 ibi
624 1552 666 1585 de
691 1552 824 1586 seminis
849 1555 985 1588 omnino
1010 1566 1076 1588 non
1101 1557 1180 1598 agi,
1207 1561 1242 1590 et
1266 1559 1434 1592 VARRON.
1461 1559 1504 1593 de
1531 1560 1630 1603 Ling.

284 1617 362 1650 Lat.
391 1617 450 1658 VI,
478 1619 546 1650 80:
586 1616 745 1650 Violavit
771 1616 940 1662 virginem
959 1630 1027 1662 pro
1051 1619 1198 1653 vitiavit
1223 1620 1408 1661 dicebant5
1442 1634 1552 1669 aeque
1574 1636 1635 1657 ea-

286 1682 360 1714 dem
386 1682 557 1715 modestia
587 1682 711 1726 potius
737 1668 814 1714 curn
841 1682 984 1716 muliere
1011 1683 1134 1729 fuisse
1159 1697 1266 1731 quam
1292 1686 1516 1722 concubuisse
1541 1689 1636 1722 dice-

288 1749 393 1791 bant,
429 1754 462 1783 et
495 1750 599 1793 ipsius
632 1749 808 1793 Sulpiciae
840 1750 942 1784 verba
973 1763 1138 1795 peccasse
1162 1763 1199 1786 se
1227 1753 1382 1787 dicentis.
1431 1756 1530 1791 Quae
1556 1766 1632 1790 cum

285 1816 333 1848 ita
367 1816 454 1857 sint,
492 1816 571 1858 quid
610 1816 790 1849 dicemus?
839 1818 990 1861 Sulpicia
1023 1824 1165 1862 experta
1194 1819 1308 1854 furtim
1342 1823 1459 1855 oscula
1493 1826 1526 1855 et
1560 1834 1634 1856 am-

286 1884 408 1926 plexus
443 1881 597 1915 cerinthi
633 1893 698 1916 non
734 1883 836 1916 habet
873 1888 972 1929 turpe
1007 1887 1097 1929 quod
1133 1897 1233 1931 passa
1269 1893 1359 1930 erat,
1399 1891 1518 1931 utpote
1555 1888 1631 1932 puri

287 1936 441 1992 castique
465 1950 588 1983 amoris
615 1951 678 1983 sibi
703 1952 859 1993 conscia,
898 1955 1096 1997 ceteroquin
1131 1965 1253 1997 magna
1287 1956 1321 1988 in
1356 1955 1483 1989 affectu
1517 1966 1633 1989 secum

287 2015 431 2057 loquens
465 2015 609 2048 necdum
643 2015 686 2047 ad
720 2016 926 2052 sedatiorem
960 2023 1085 2053 statum
1120 2020 1221 2053 animi
1254 2031 1400 2054 reversa.
1450 2022 1500 2055 Ac
1532 2026 1636 2066 poeta

290 2080 427 2113 exhibet
453 2081 616 2123 virginem
644 2082 756 2123 magni
783 2083 895 2123 animi,
930 2084 1022 2127 puris
1046 2085 1211 2126 sensibus,
1237 2089 1273 2119 at
1298 2086 1331 2119 iu
1356 2096 1488 2119 summo
1513 2086 1635 2119 ardore

290 2145 443 2187 puellari.
