1721 2953
469 143 611 184 LIBR.
642 142 672 182 1.
730 140 888 181 ELEG.
917 141 1030 182 VIII.
1332 144 1411 181 173

72 261 208 294 ‚stitutus
241 264 311 301 est,
349 259 434 292 bene
471 260 609 290 notante
651 254 950 288 WUNDERLICHIO
986 252 1038 287 llic
1075 257 1108 287 et
1147 254 1179 286 in
1216 253 1412 287 Observatt.

71 327 160 361 critt.
186 327 219 359 in
244 324 400 367 Aeschyl.
426 336 460 368 p.
485 325 564 358 189.
611 322 673 355 Sic
696 320 782 354 anni
803 325 978 352 tumentes
1004 321 1118 354 S'rA'r.
1145 317 1263 353 Achill.
1283 319 1312 361 I,
1329 322 1411 352 292.

71 394 220 427 Vossms
245 393 377 426 confert
400 391 488 425 Stat.
518 388 627 423 Theb.
659 389 704 429 II,
734 390 824 421 204:
861 387 1048 431 Deiphilen
1081 386 1220 420 tumida
1244 385 1316 419 iam
1339 386 1414 420 νίιά

67 458 241 504 ginitate‚
274 462 310 491 et
332 457 538 490 CLAumAN.
563 454 695 495 XXXI,
721 455 810 486 125:
853 458 997 484 matura
1023 451 1186 484 tumescit
1212 451 1413 496 virginium.

69 523 116 556 Et
139 523 206 555 alia
229 523 350 556 similia
375 521 475 555 verba
501 531 521 552 a
547 530 601 552 me
627 521 743 552 notata
770 516 846 551 vide
870 516 913 549 ad
939 517 1098 550 Pmmn.
1123 516 1225 559 Pyth.
1248 517 1309 558 IV,
1333 519 1412 551 158.

70 590 173 626 Quod
198 600 342 633 persona
367 590 440 632 ipsa
465 591 598 620 tumere
630 585 774 626 dicitur,
813 588 851 616 ut
877 583 955 617 alibi
982 583 1177 626 virginitas,
1212 584 1313 626 anni,
1349 594 1415 617 non

71 658 185 698 potest
209 655 283 687 iure
308 663 511 696 quemquam
534 649 729 691 offendere3
767 649 880 693 placet
904 648 1026 681 fortior
1060 649 1186 682 locutio
1212 650 1245 682 in
1270 650 1329 682 tali
1354 649 1416 682 de-

69 719 264 764 scriptione.
289 737 336 744 -—
373 723 419 752 et
453 723 642 752 teneros
678 715 889 750 conserit
921 724 1060 757 usque
1095 714 1227 748 sinus.
1277 715 1417 759 Optime

71 787 244 822 Hmmns
269 786 420 820 confert:
448 789 588 830 pectora
614 783 770 826 iungere,
796 781 839 816 de
865 782 1025 825 amplexu
1052 782 1220 823 Venereo‚
1245 785 1282 815 ut
1307 783 1415 816 Ovm.

71 854 156 888 Met.
184 854 230 895 II,
265 855 351 886 604:
400 859 436 884 et
469 851 534 883 illa
567 863 632 884 suo
665 849 772 883 toties
808 860 887 881 cum
918 853 1058 892 pectore
1090 846 1234 883 iuncta,
1274 846 1416 880 Heroid.

70 920 147 962 XV,
174 921 260 952 191:
301 924 343 950 at
380 923 515 963 quanto
552 915 676 949 melias
709 913 812 960 iungi
846 925 923 946 mea
956 918 1103 958 pectora
1138 919 1272 954 tecum,
1313 925 1418 958 quam

66 991 234 1030 poterant
258 984 358 1018 saxis
378 982 653 1028 praecipitanda
679 981 777 1018 dari,
804 985 838 1014 et
864 979 1004 1013 miscere
1024 985 1170 1024 pectora
1195 981 1306 1014 STAT.
1332 981 1416 1013 Silv.

71 1053 98 1094 Ι,
123 1055 204 1085 106.
253 1052 346 1084 Idem
372 1061 460 1083 nunc
485 1054 556 1083 est:
586 1050 678 1082 sinus
712 1058 904 1081 conserere.
953 1047 1045 1080 Dicit
1066 1048 1190 1090 igitur:
1217 1047 1295 1080 dum
1320 1048 1419 1080 iuve-

73 1120 123 1152 nis
157 1123 209 1152 est
242 1123 277 1151 et
309 1127 479 1159 nunquam
515 1126 580 1148 non
607 1114 765 1148 iuvenilia
795 1117 934 1157 pectora
961 1113 1092 1155 iungit,
1133 1112 1164 1146 h.
1191 1123 1220 1146 e.
1248 1113 1417 1154 iuvenilia,

73 1186 185 1218 mollia
220 1188 359 1227 pectora
395 1182 515 1223 habet,
551 1191 639 1224 quae
675 1184 786 1213 tecum
823 1180 950 1221 iungat.
1001 1178 1165 1221 Oppones
1191 1188 1271 1210 vero
1305 1182 1419 1211 mente

72 1250 180 1293 rigida
206 1249 357 1282 membra
381 1247 458 1281 cani
482 1247 661 1287 amatoris,
700 1249 735 1278 et
766 1244 960 1278 memineris
991 1243 1025 1276 id
1059 1254 1163 1285 agere
1190 1248 1346 1287 poetam,
1381 1250 1420 1277 ut

72 1317 223 1360 pelliciat
261 1314 419 1358 puellam.
491 1312 580 1344 Hinc
620 1311 722 1343 etiam
761 1308 976 1351 sequentium
1017 1317 1173 1340 versuum
1216 1308 1419 1351 explicanda

72 1380 227 1415 lascivior
252 1379 349 1412 ratio.
400 1378 563 1409 BAcnms
590 1375 743 1418 corrupit
767 1375 878 1407 locum
904 1374 965 1414 sie,
989 1376 1027 1404 ut
1052 1371 1265 1404 conseruisse
1290 1374 1419 1406 scribe-

72 1450 135 1480 ret.
171 1463 218 1470 —
268 1444 309 1477 V.
335 1446 379 1476 37
407 1453 457 1484 sq.
502 1439 761 1480 anhelanti,
807 1437 952 1481 cupido,
993 1438 1161 1470 aestuanti
1198 1439 1333 1471 affectu.
1375 1457 1419 1463 -—-

72 1510 384 1556 pugnantibus
420 1507 614 1550 linguis,
656 1505 689 1538 h.
715 1516 744 1539 e.
779 1506 868 1538 inter
902 1505 1027 1537 luctam
1062 1504 1266 1547 linguarum.
1326 1505 1419 1538 Male

72 1578 160 1612 enim
179 1578 349 1611 Vossms:
374 1574 511 1608 humida
536 1568 658 1616 linguis
685 1572 925 1616 pugnantibus,
951 1572 1071 1614 iungit.
1123 1572 1283 1605 Ceterum
1306 1574 1419 1606 WUN-

72 1654 293 1678 nunciemus
318 1647 413 1676 recte
438 1644 613 1684 comparat
647 1639 984 1680 καταγλωττίσματα
1018 1649 1106 1680 quae
1132 1640 1274 1672 Graecis
1301 1639 1420 1673 dicun-

73 1716 147 1752 tur,
182 1711 249 1744 vid.
275 1711 524 1743 ARISTOPHAN.
551 1707 642 1740 Nun.
667 1708 724 1739 52.
749 1706 829 1747 ibiq.
855 1703 971 1737 Schol.
999 1708 1034 1736 et
1060 1705 1273 1747 interprett.‚
1308 1705 1419 1746 qualia

75 1777 241 1811 Venerem
266 1775 479 1808 comitantur.
506 1789 552 1798 —
591 1771 740 1813 sigere
765 1770 901 1802 dente
926 1774 1078 1810 uotaS,
1113 1768 1156 1802 cs.
1182 1769 1209 1810 I,
1234 1772 1266 1810 6,
1295 1771 1347 1802 14.
1374 1787 1420 1794 --

74 1844 114 1877 V.
143 1846 188 1876 39
213 1853 286 1885 sqq.
338 1840 472 1876 Quodsi
498 1842 637 1879 contra,
668 1837 802 1881 pergit,
829 1837 923 1869 lucro
950 1836 1066 1868 liorem
1092 1835 1214 1867 aetatis
1239 1845 1420 1868 consecra-

74 1909 183 1950 veris,
219 1907 326 1940 tristis
351 1910 562 1940 senectutem
588 1904 776 1945 transiges,
816 1913 880 1935 nec
906 1901 1087 1935 laetaberis
1112 1902 1255 1944 pecunia
1280 1907 1422 1934 ornatu-

73 1985 140 2018 que
175 1975 348 2019 pretioso,
385 1973 478 2006 nullo
513 1982 600 2014 quae
634 1970 775 2003 amatori
801 1969 949 2012 cupiaris
974 1972 1009 2001 et
1040 1967 1181 2009 frigidas
1206 1971 1323 1999 noctes
1349 1968 1420 1999 sola

73 2043 230 2076 dormias.
288 2041 405 2074 Utitur
440 2050 520 2072 vero
554 2039 690 2072 suavius
727 2037 828 2070 tertia
865 2045 1010 2079 persona
1045 2045 1094 2078 pr.
1129 2034 1296 2075 secunda,
1334 2045 1419 2076 quae

73 2109 180 2141 lenior
205 2111 257 2141 est
281 2105 478 2139 admonitio.
503 2121 548 2128 —-
585 2103 722 2146 lapis,
749 2100 779 2134 ll.
806 2112 836 2135 e.
861 2100 1014 2141 uniones,
1040 2099 1256 2140 margaritae,
1283 2099 1421 2131 auribus

73 2175 232 2208 ornandis
266 2179 301 2207 et
334 2174 444 2214 collo,
485 2176 523 2204 ut
547 2180 703 2213 gemmae
728 2169 856 2212 digitis.
906 2168 1094 2201 Mmmx..
1119 2166 1182 2207 XI,
1209 2169 1275 2199 50:
1318 2166 1421 2197 Nam.-

70 2238 192 2283 plorat
215 2236 356 2281 speculo
375 2235 503 2282 fallax
527 2234 659 2267 ancilla
685 2233 826 2268 relicto,
851 2243 988 2278 gemma
1015 2231 1068 2264 vel
1093 2243 1121 2274 a,
1142 2230 1254 2276 digito
1283 2231 1337 2263 vel
1362 2242 1421 2263 ca-

75 2305 127 2338 ‹Iit
161 2316 247 2337 aare
282 2303 386 2347 lapis.
446 2303 564 2336 Multis
597 2301 763 2344 exemplis
802 2299 922 2343 lapidis
957 2297 1239 2340 significationem
1275 2297 1421 2329 illustrat

75 2370 368 2403 Bnoucxnusms.
394 2385 440 2394 —-
466 2377 577 2409 quae
602 2366 819 2405 dormiat,
845 2363 1120 2397 conditionaliter
1144 2363 1271 2395 dictum
1294 2363 1420 2406 accipe,

76 2438 110 2468 et
143 2435 320 2478 frigore
352 2433 584 2476 significanter
619 2431 766 2475 positum
793 2440 843 2473 pr.
871 2428 991 2463 hieme.
1045 2429 1132 2461 Nam
1158 2429 1248 2462 alind
1274 2433 1325 2461 est
1345 2428 1421 2472 sri-

74 2497 196 2540 gidum
221 2498 332 2530 iacere
357 2500 415 2530 aut
432 2495 598 2541 fiigidas
624 2500 740 2527 noctes
764 2504 866 2538 agere
895 2503 945 2536 pr.
971 2493 1079 2526 solum
1105 2493 1229 2526 cubare
1255 2492 1298 2526 cl'.
1327 2493 1420 2525 Mrr-

78 2573 228 2596 sel-[ERL.
264 2563 305 2596 ad
343 2563 460 2595 Horat.
499 2561 560 2602 111,
586 2564 617 2601 7,
644 2563 677 2592 6.
739 2558 899 2592 Ceterum
938 2568 1003 2592 non
1041 2558 1271 2599 desiderabis,
1310 2569 1421 2600 spero,

77 2629 168 2671 quod
194 2628 401 2663 Huscnxms
438 2628 595 2673 proponit
630 2626 751 2670 partim
779 2626 1074 2659 §coruom-nuum
1112 2627 1268 2659 secutus:
1309 2625 1421 2665 Quam
