1721 2953
491 142 633 185 LIBR.
664 140 735 181 ΙΙΙ.
793 139 952 183 ELEG.
984 142 1053 182 lll.
1208 143 1222 156 ⁹
1352 147 1430 181 333

580 397 856 439 EXPLICAT
859 397 931 441 10.

180 584 223 618 V.
259 585 378 617 1-26.
437 583 584 616 Prima
621 592 726 627 pars
767 582 996 616 carminis.
1057 584 1275 619 Queritur
1314 585 1430 627 quod

88 646 201 680 nihil
247 649 426 692 prosint
472 652 577 680 vota
623 648 747 680 facta
785 647 873 680 diis
910 651 1103 691 turaque
1142 651 1301 683 oblata
1342 661 1426 684 non

85 715 349 747 divitiarum
376 725 528 755 causa,
554 713 632 747 sed
657 717 704 745 ut
728 712 901 746 Neaera
927 715 1123 757 coniuge
1148 715 1238 748 frui
1265 716 1428 757 liceat3

85 791 177 813 nam
212 780 388 813 divitiis
423 791 468 813 se
503 791 585 813 non
621 781 783 821 iuvari,
818 790 984 823 cupere
1017 791 1119 814 vero
1152 783 1339 815 maxime
1372 783 1425 815 il-

84 846 167 879 lum
202 846 314 879 diem
347 846 523 887 videre,
559 846 632 888 qui
667 845 886 878 Neaeram
920 846 1093 881 reddat.

179 912 221 945 V.
250 914 264 943 l
292 923 367 954 sqq.
417 913 588 945 caelum
623 913 742 945 votis
776 913 1001 956 implesse.
1051 914 1212 947 Vunpms
1247 918 1282 947 et
1307 914 1422 948 Wun-

85 987 307 1010 DERLICfflUS
339 983 538 1022 comparant
563 980 672 1012 VIRG.
707 981 792 1012 Aen·
818 979 880 1020 IX,
911 982 976 1013 24:
1019 981 1246 1026 oneravitque
1272 981 1420 1013 aethera

82 1043 186 1078 rotis.
238 1045 321 1077 Mox
349 1045 521 1077 Blanda
549 1050 646 1078 tura
672 1051 749 1078 sunt
773 1047 1025 1089 suaveolentia,
1063 1047 1184 1089 quibus
1210 1048 1255 1080 dii
1281 1049 1420 1091 placan-

80 1115 146 1144 tur,
196 1111 310 1144 Etiam
337 1110 480 1144 hostiam
504 1111 670 1144 blandam
692 1113 758 1146 dici
782 1117 929 1147 notatur.
980 1115 1122 1148 Confert
1147 1116 1306 1149 Vum‘ms
1328 1116 1422 1149 Pro-

80 1180 165 1219 pert.
190 1176 249 1217 lv,
277 1179 310 1217 6,
334 1180 367 1210 5.
396 1177 503 1209 Ovm.
528 1178 621 1211 Fast.
651 1178 693 1219 V,
720 1180 801 1211 300.
828 1179 971 1213 Honss.
997 1180 1059 1222 111,
1079 1183 1140 1223 23,
1167 1184 1222 1213 18.
1245 1200 1285 1205 —
1312 1193 1420 1215 mar-

79 1243 218 1275 morei
246 1243 473 1285 prodirem
500 1253 519 1275 e
554 1243 707 1275 limine
741 1244 864 1276 tecti.
899 1244 1192 1289 ,Circumscriptio
1219 1247 1351 1290 poetica
1376 1246 1419 1280 ad

77 1311 331 1354 amplitudinem
365 1310 521 1342 fortunae
555 1311 744 1343 luculenter
776 1311 1041 1353 significandam.
1101 1315 1285 1356 Comparat
1319 1315 1420 1348 Vm,-

74 1386 153 1409 1=1th
179 1376 242 1408 Sil.
267 1375 342 1407 Ital.
364 1375 422 1416 Vl,
445 1377 523 1406 442.
549 1373 652 1406 verba
677 1374 828 1406 Marciae
853 1376 896 1407 ad
920 1376 1094 1418 Regulum
1121 1380 1297 1412 maritum:
1327 1382 1418 1416 Τιια,

73 1440 220 1485 respice,
255 1439 354 1473 sedes
379 1441 482 1472 Ilaec
506 1446 576 1477 est,
611 1439 702 1471 unde
734 1439 857 1486 ingens
882 1441 1037 1475 hameris
1062 1443 1296 1489 fulgentibus
1321 1452 1418 1478 ostro

76 1507 208 1542 Vidisti
231 1509 356 1539 Latios
381 1497 505 1539 cons'ul
521 1506 707 1550 procedere
725 1506 861 1552 fasceS.
913 1508 1041 1542 Contra
1066 1509 1109 1543 de
1136 1511 1296 1554 pauperis
1318 1511 1418 1545 domo

72 1575 216 1609 HORAT.
242 1575 316 1609 Sat.
342 1575 386 1616 II,
411 1579 444 1615 7,
472 1577 535 1606 12:
574 1573 665 1605 unde
699 1574 860 1606 mundior
893 1575 1004 1606 exiret
1040 1574 1099 1607 vix
1133 1574 1320 1609 libertinus
1352 1576 1416 1609 llo-

71 1647 178 1674 nesle.
205 1659 248 1665 —
275 1642 397 1674 clara
423 1641 574 1673 domus
597 1645 648 1672 est
674 1641 871 1682 magnifica,
897 1644 935 1673 ut
960 1644 1076 1683 patet,
1103 1651 1180 1674 cum
1207 1641 1260 1674 hic
1287 1642 1328 1674 de
1355 1653 1414 1675 so-

70 1709 111 1741 lis
135 1708 259 1740 divitiis
287 1712 419 1749 agatur.
479 1707 639 1739 Ceterum
674 1706 807 1739 confert
840 1707 1012 1739 Harmas
1051 1707 1161 1740 Cicer.
1198 1707 1266 1740 Off.
1293 1708 1319 1748 Ι,
1344 1710 1413 1740 39:

73 1776 132 1806 Cn.
161 1771 307 1804 Octavio
331 1771 455 1804 honori
470 1771 590 1816 fuisse
617 1771 833 1815 accepimus,
861 1771 956 1816 quod
973 1771 1199 1815 praeclaram
1224 1772 1412 1815 aecltficas*

70 1845 122 1872 sel
148 1838 184 1870 in
210 1837 357 1869 Palatio
382 1843 417 1869 et
438 1836 581 1881 plenam
608 1836 797 1882 dignitatis
823 1836 971 1869 domum.
997 1855 1043 1863 --
1081 1838 1123 1871 V.
1148 1841 1170 1870 5
1200 1848 1250 1881 sq.
1286 1849 1361 1871 ren
1374 1850 1414 1872 o-

69 1908 249 1943 rarent,
287 1903 493 1936 inverterent
527 1902 568 1934 ad
593 1912 712 1934 novam
737 1901 913 1935 sationem.
964 1902 1031 1935 Hic
1056 1903 1218 1937 Vanms
1244 1908 1278 1937 et
1307 1905 1412 1937 HnY-

67 1983 151 2006 mus
184 1972 322 2004 laudant
354 1972 463 2004 Ovm.
487 1972 620 2002 Amorr.
646 1969 672 2010 l,
698 1972 732 2011 3,
758 1972 799 2003 9:
838 1980 899 2001 nec
924 1980 1021 2001 meus
1045 1969 1236 2003 innumeris
1262 1984 1411 2005 renova—

67 2046 129 2072 tur
153 2050 296 2082 campus
323 2037 469 2070 aratris.
530 2036 616 2069 Mox
651 2035 846 2077 benigna
881 2039 1005 2069 terra
1039 2039 1075 2069 ut
1107 2047 1211 2080 supra
1236 2037 1263 2079 I,
1289 2040 1324 2079 3,
1349 2041 1408 2071 62.

67 2087 229 2139 Ceterum
264 2105 455 2148 composuit
488 2103 664 2136 domorum
699 2103 732 2135 in
765 2102 848 2135 urbe
874 2102 1160 2145 magnificentiam
1188 2106 1221 2136 et
1247 2113 1408 2145 agrorum

65 2172 242 2205 latifundia
277 2172 378 2204 etiam
410 2169 567 2203 Tibullus
596 2169 640 2210 ll,
666 2171 698 2210 3,
724 2170 766 2201 41
795 2178 869 2210 sqq.
893 2185 940 2192 —-
978 2161 1023 2202 V.
1051 2170 1075 2201 7
1099 2178 1149 2211 sq.
1189 2172 1235 2200 ut
1260 2172 1409 2202 tecum

65 2237 305 2277 sociarem,
342 2246 408 2268 una
443 2245 619 2277 caperem,
660 2234 816 2276 partirer.
859 2233 968 2267 Ovm.
1003 2233 1087 2266 Met.
1114 2233 1159 2276 X,
1186 2237 1273 2267 635:
1313 2246 1408 2266 umas

63 2315 154 2344 eras,
180 2315 257 2334 cum
282 2314 350 2348 quo
374 2300 507 2334 sociare
532 2299 663 2332 cubilia
682 2311 831 2344 possem.
882 2299 969 2332 Vide
994 2298 1035 2332 ad
1058 2299 1085 2341 I,
1110 2303 1143 2340 6,
1166 2302 1212 2333 64
1231 2310 1344 2343 supra.
1361 2318 1407 2323 —

63 2370 202 2412 Inque
236 2373 310 2401 tuo
345 2367 530 2401 caderet
556 2371 621 2400 etc.
647 2365 679 2399 h.
698 2377 728 2399 e.
756 2366 1015 2409 occideremque
1040 2376 1146 2399 senex
1172 2367 1204 2399 in
1231 2367 1306 2399 sinu
1336 2370 1407 2399 tuo.

63 2440 219 2469 nostra
244 2439 446 2476 senecta,
481 2445 568 2477 ego,
603 2433 670 2468 vid.
696 2434 739 2467 ad
766 2434 792 2476 I,
816 2436 850 2475 ⁴2,
877 2435 930 2465 ll.
975 2432 1120 2465 Honm.
1144 2431 1190 2474 ΙΙ,
1216 2435 1249 2474 6,
1276 2434 1308 2465 6.
1357 2431 1405 2464 Et

63 2500 203 2532 caderet
227 2505 280 2534 est
310 2512 361 2544 pr.
387 2499 579 2542 occideret,
615 2503 655 2533 ut
689 2500 772 2533 alias
801 2509 906 2543 saepe
931 2498 1097 2542 simplicia
1123 2508 1174 2541 pr.
1201 2499 1403 2542 compositis

62 2569 202 2609 ponunt,
228 2566 270 2599 cf.
295 2565 337 2598 ad
363 2566 389 2607 I,
413 2568 447 2607 2,
473 2568 531 2598 80.
581 2565 712 2599 Tamen
736 2564 800 2599 hoc
825 2566 902 2599 loco
928 2575 993 2598 vox
1017 2565 1116 2597 simul
1142 2565 1402 2598 accommodata

61 2635 114 2665 est
147 2631 233 2664 beue
266 2631 450 2664 infirmitati
484 2630 611 2665 labenti
642 2630 837 2665 senectutis.
897 2630 950 2665 Ad
984 2630 1182 2665 sententiam
1210 2631 1403 2664 Wunnnn—
