1721 2953
278 154 359 193 458
598 150 972 196 COMMENTAR.
1001 153 1061 195 IN
1090 153 1320 195 TIBULLI

278 278 390 301 causa
413 278 502 302 nunc
525 268 598 312 ipsa
623 270 912 313 praestantissima
939 270 1074 315 puella,
1109 269 1259 303 maximo
1292 269 1476 304 certamine
1510 270 1624 313 digna,

277 345 298 368 a
323 334 513 370 forensibus
536 335 638 370 rebus
665 335 769 371 ducta
794 338 978 373 locutione.
1039 337 1140 372 Initio
1165 348 1282 372 versus
1306 349 1390 372 cave
1413 349 1476 371 nec
1499 339 1625 383 probes

277 410 329 445 pr.
352 412 406 434 ne.

624 649 1092 708 CARMEN
1190 662 1276 706 xl.

274 907 369 968 Ex
404 930 523 965 febri
556 931 775 966 laborans
809 934 1025 978 Sulpicia
1061 934 1196 967 unice
1230 933 1281 967 de
1317 931 1526 966 Corinthi
1559 934 1626 967 sui

274 1008 423 1031 amore
455 999 711 1033 sollicitam
745 1010 791 1033 se
824 1011 928 1034 esse
962 1002 1037 1035 ait.
1086 1000 1341 1035 Verissime
1373 1000 1626 1034 iudicatum

274 1068 343 1097 est
377 1066 699 1100 suavissimum
735 1077 837 1100 esse
870 1065 952 1101 hoc
989 1067 1278 1110 poematium.

368 1131 410 1164 V.
437 1133 453 1163 1
481 1141 555 1174 sqq.
590 1132 661 1176 pia
687 1142 803 1165 cura.
854 1131 963 1167 ovm.
988 1130 1134 1165 Heroid.
1159 1131 1254 1173 VIII,
1280 1134 1343 1165 15:
1369 1130 1424 1164 At
1451 1136 1514 1167 tu,
1539 1141 1626 1163 cura

274 1196 340 1229 mei
363 1197 395 1229 .ςί
419 1203 454 1229 te
476 1197 540 1241 pia
559 1197 692 1244 tangit,
719 1199 852 1232 Oreste.
870 1217 917 1222 --
942 1198 1030 1231 Mox
1057 1199 1184 1232 calor
1210 1202 1262 1232 est
1287 1198 1401 1231 febris.
1419 1215 1464 1222 —-
1497 1196 1625 1232 Quod

274 1268 420 1299 vexat.
471 1264 550 1298 Non
575 1275 662 1309 opus
687 1264 839 1298 Hssmsu
863 1265 1060 1298 coniectura
1086 1265 1194 1299 Dum.
1214 1282 1260 1288 —
1297 1262 1351 1297 Ad
1378 1262 1481 1296 verba
1507 1262 1626 1295 eviu-

273 1342 378 1364 cere
412 1331 591 1364 morbos
625 1332 787 1366 Vunpms
814 1331 945 1364 confert
971 1331 1185 1365 COLUMELL.
1218 1330 1260 1363 de
1286 1330 1340 1363 Re
1365 1329 1467 1362 Rust.
1494 1328 1553 1371 VI,
1580 1331 1625 1362 5:

272 1395 468 1428 Evincendi
492 1402 612 1428 autem
636 1402 722 1428 sunt
748 1396 909 1441 quamvis
931 1395 1099 1440 pesttferi
1123 1394 1231 1427 morbi
1256 1401 1291 1426 et
1310 1393 1558 1437 propulsandi.
1578 1411 1624 1418 —

273 1465 314 1497 V.
339 1467 373 1496 5.
400 1467 433 1498 6.
483 1463 547 1495 Est
580 1462 645 1496 hoc
679 1462 846 1495 distichon
883 1462 1134 1505 quodammodo
1169 1450 1346 1495 conversio
1374 1460 1622 1504 praecedentis,

273 1528 307 1561 in
332 1539 399 1570 qua
424 1529 556 1560 ratione
582 1527 697 1560 blandi
723 1527 803 1570 quid
830 1528 929 1560 inest.
979 1527 1172 1560 Probamus
1198 1537 1278 1560 vero
1310 1527 1362 1559 At
1396 1537 1472 1559 cum
1499 1526 1623 1559 LAcn-

268 1591 420 1636 nummo,
446 1595 611 1637 siquidem
639 1596 797 1638 opposita
823 1594 907 1627 haec
933 1598 984 1626 est
1010 1595 1190 1628 sententia.
1241 1593 1384 1637 Cupiam
1409 1593 1540 1633 sanari,
1565 1593 1623 1634 ait,

272 1660 360 1692 site
386 1670 521 1702 qnoque
548 1660 636 1693 velle
663 1664 797 1703 putem,
834 1663 869 1692 at
901 1669 968 1692 non
1003 1659 1157 1701 cupiam,
1193 1658 1222 1691 si
1257 1662 1294 1691 tu
1327 1668 1383 1691 me
1417 1668 1483 1692 non
1516 1668 1622 1692 ames.

275 1727 436 1761 Ceterum
461 1728 588 1761 lento
614 1731 665 1760 est
692 1726 798 1768 duro,
824 1736 890 1759 non
916 1730 1109 1768 commoto,
1135 1730 1171 1759 ut
1195 1730 1337 1759 constat.
1366 1746 1411 1751 -

605 2039 726 2085 CA
772 2040 812 2086 R
858 2040 908 2087 M
954 2039 990 2086 E
1038 2039 1079 2085 N
1183 2038 1302 2085 XII.

272 2303 464 2362 Puella
489 2321 734 2364 repentino
759 2320 893 2353 animi
918 2322 1037 2353 motu
1063 2318 1278 2352 hesterna
1313 2322 1444 2352 nocte
1478 2328 1619 2352 anian-

272 2396 358 2425 tem
403 2387 667 2423 Cerinthnni
712 2388 1005 2429 deseruerat,
1055 2387 1128 2430 qui
1177 2386 1229 2420 ad
1279 2397 1371 2420 eam
1420 2388 1618 2420 venerat.

273 2457 397 2490 Nune
436 2458 624 2488 excusat
662 2453 701 2487 ei
740 2452 853 2486 hanc
890 2452 1153 2486 stultitiam.

367 2521 502 2555 Verba:
544 2521 606 2554 Ne
631 2521 716 2553 tibi
743 2522 820 2554 sim
846 2532 919 2563 sqq.
945 2524 1024 2553 sunt
1049 2520 1285 2554 asseverantis.
1333 2518 1413 2559 Sic,
1447 2516 1515 2557 ait,
1553 2527 1618 2550 non

273 2592 342 2621 tam
376 2587 535 2620 ardenter
571 2598 589 2619 a
624 2592 658 2620 te
692 2597 785 2620 amer
819 2597 859 2621 ac
885 2597 1011 2631 paucos
1036 2590 1115 2620 ante
1140 2586 1214 2620 dies
1239 2584 1396 2626 amabar,
1429 2584 1491 2617 nisi
1516 2584 1619 2617 stulte

275 2654 338 2687 feci
364 2653 453 2697 quod
479 2657 511 2687 te
538 2654 669 2697 reliqui.
696 2672 739 2679 —
