1721 2953
492 142 637 184 LIBR.
666 142 719 182 ll.
778 140 937 182 ELEG.
971 144 1020 183 V.
1350 150 1427 185 287

83 275 229 300 memus
264 262 408 308 opponit
445 260 551 294 Vme.
589 259 672 290 Aen.
699 256 761 297 111,
798 257 889 288 489:
935 261 962 287 0
1001 256 1086 290 mihi
1117 257 1193 291 sola
1228 258 1292 290 mei
1327 271 1432 304 super

80 330 322 378 Astyanactis
346 328 474 373 imago,
498 329 533 358 et
558 324 635 357 LIV.
662 323 775 366 XXV,
802 326 865 355 33:
894 322 937 355 [d
960 324 1099 369 quidem
1123 325 1314 359 cavendam
1340 337 1421 357 sem-

80 409 144 443 per
168 394 337 431 Romanis
365 391 513 425 dacibus
538 391 606 424 erit
632 409 678 416 —
703 402 748 423 ne
769 389 824 423 ita
849 390 1003 424 externis
1029 391 1171 426 credun!
1198 391 1364 429 auxiliis,
1390 400 1432 426 ιιι

83 477 150 498 non
165 462 252 507 plus
272 460 331 493 sui
351 457 483 493 roboris
505 469 722 504 suarumque
741 456 884 503 proprie
904 456 1031 491 virium
1056 458 1093 491 in
1116 458 1245 491 castris
1265 457 1432 493 habeant,

81 531 242 564 Ceterum
276 528 319 562 de
355 528 492 561 Graeco
527 536 591 560 usu
627 525 717 561 conf.
751 526 944 561 MUSGRAV.
979 525 1024 559 ad
1059 526 1178 570 Eurip.
1215 527 1329 561 Orest.
1364 530 1434 566 74„

81 597 275 630 ERFURDT.
301 592 344 627 ad
369 591 476 637 Soph.
506 592 622 635 Antig.
650 593 731 624 633.
767 590 822 624 ed.
848 591 952 633 mim,
988 592 1196 625 Sciussnnu.
1222 592 1265 625 ad
1291 592 1432 635 Dionys.

83 662 160 695 Hal.
185 661 229 695 de
255 660 416 703 Compos.
441 657 536 691 verb.
562 669 594 700 p.
621 660 678 691 77.
704 675 751 681 —
790 656 876 690 Mox
902 658 1047 691 vittas
1080 659 1310 701 iacentes,
1344 669 1433 702 quae

81 727 242 771 delapsae
277 729 374 759 erant
406 723 588 758 reluctanti
623 723 769 767 puellae.
827 721 976 756 Pulchre
1014 733 1096 757 vero
1131 729 1165 757 et
1198 726 1431 768 significanter

83 804 138 827 res
174 794 393 827 memoratur.
452 789 540 822 Cum
575 787 664 822 enim
701 787 808 822 vittae
842 787 974 831 insigne
1009 789 1213 832 virginitatis
1246 795 1360 824 essent
1396 795 1432 824 et

84 859 292 900 Vestalium,
329 848 440 891 nonne
473 854 596 889 cadere
628 854 800 888 debebant
836 865 904 898 quo
941 859 1095 900 tempore
1130 857 1358 900 virginitatem
1394 862 1430 892 et

81 926 309 960 sacerdotium
340 925 499 959 amissum
535 922 636 957 ibat?
661 941 706 947 —
741 933 861 956 arma
892 924 1063 958 relicta
1098 924 1186 968 dei,
1220 936 1308 969 quae
1341 926 1431 959 obli-

81 998 137 1027 tus
170 997 223 1026 est
257 992 377 1026 tollere
410 989 511 1023 humo
545 990 665 1033 plenus
701 989 912 1032 cogitatione
945 990 1129 1034 voluptatis
1164 995 1358 1036 perceptae.
1384 1009 1431 1018 —-

82 1061 126 1094 V.
151 1063 197 1093 55
223 1069 296 1102 sqq.
348 1057 539 1100 Carpite
571 1066 706 1097 nunc,
745 1056 868 1089 tauri
904 1061 969 1091 etc.
1020 1057 1228 1091 observabis
1263 1058 1431 1101 insignem

83 1127 286 1161 suavitatem
311 1125 410 1158 huius
435 1122 684 1168 apostrophem,
714 1134 775 1167 per
798 1124 1048 1168 oppositionem
1076 1125 1197 1169 prioris
1221 1125 1353 1160 habitus
1379 1127 1433 1160 lo-

83 1204 201 1227 corum
239 1192 473 1237 praeparantis
511 1190 779 1233 magnitudinem
816 1191 909 1224 urbis
948 1191 1081 1225 futurae
1120 1192 1351 1226 nuntiandam.
1387 1210 1434 1216 —-

84 1265 205 1292 tuum
240 1268 416 1300 nomen,
453 1268 502 1301 pr.
537 1261 594 1300 tu,
628 1258 808 1301 magnifice
841 1259 873 1291 in
907 1258 967 1291 tali
993 1260 1182 1300 sententia,
1215 1263 1252 1292 ut
1287 1263 1432 1292 constat.

84 1327 168 1360 Mox
194 1328 287 1362 Qua
311 1336 388 1358 sua
416 1325 466 1358 de
493 1326 619 1357 caelo
650 1325 886 1368 prospicit
917 1335 1020 1358 arva
1053 1325 1213 1366 Ceres,
1251 1337 1317 1368 qua
1341 1327 1434 1359 culta

82 1396 172 1425 terra
199 1394 306 1435 patet,
332 1389 525 1432 ubicunque
552 1392 668 1421 aratur
694 1392 728 1421 et
753 1387 934 1422 habitatur.
986 1388 1064 1421 Non
1089 1393 1122 1422 te
1149 1390 1258 1432 fugiet
1284 1391 1433 1425 suavitas

83 1458 264 1492 locutionis
289 1469 309 1490 a
335 1467 372 1491 re
397 1456 524 1489 rustica
550 1456 692 1500 petitae,
716 1456 814 1489 cuius
839 1456 1048 1498 cogitatione
1075 1459 1255 1500 tantopere
1281 1456 1435 1490 delecta-

81 1529 136 1557 tur
161 1523 330 1556 Tibullus.
381 1521 542 1555 Ceterum
569 1525 683 1554 amant
711 1521 756 1554 dii
783 1520 827 1554 de
853 1522 950 1554 caelo
976 1532 1030 1555 res
1061 1521 1126 1555 sibi
1151 1522 1298 1556 creditas
1324 1524 1431 1567 inspi-

82 1599 170 1622 cere.
221 1588 405 1632 comparat
438 1587 601 1621 Vnnmns
631 1577 738 1619 'Ovid.
774 1586 869 1618 Fast·
895 1586 922 1627 I,
948 1589 1015 1619 85:
1058 1587 1217 1631 luppiter
1252 1600 1331 1620 arce
1366 1600 1434 1620 sna

83 1666 161 1685 cnm
188 1659 302 1685 tolum
334 1657 467 1696 spectet
498 1652 536 1682 in
568 1648 701 1686 orbem,
737 1649 801 1682 Nil
833 1649 902 1682 nisi
925 1652 1122 1683 Romanum
1157 1652 1252 1698 quod
1283 1660 1433 1684 tueatur

81 1718 200 1752 lzczbet.
250 1719 323 1752 Res
348 1721 439 1751 nota.
468 1735 510 1742 —
546 1716 631 1750 Mox
660 1715 929 1751 anhelantes
961 1727 1098 1760 equos
1134 1719 1307 1761 abluit,
1340 1719 1372 1752 h.
1403 1731 1434 1753 e.

81 1786 252 1819 sudantes.
302 1783 424 1826 Neque
449 1782 540 1815 enim
567 1782 675 1826 pulvis
700 1781 871 1824 abluitur,
898 1782 955 1825 qui
981 1793 1048 1816 non
1076 1788 1270 1816 contractus
1297 1788 1370 1817 erat
1396 1786 1429 1817 iu

81 1851 219 1886 caelesti
256 1851 388 1883 itinere.
453 1848 517 1882 Est
557 1858 636 1881 vero
674 1847 814 1880 amnis
856 1848 1033 1891 Oceanus,
1076 1849 1234 1882 Homnno
1277 1846 1433 1888 ποταμός

82 1917 213 1959 dictus,
250 1921 287 1949 ut
324 1918 468 1950 constat.
526 1914 616 1950 Vide
649 1914 804 1948 similiter
835 1914 921 1947 infra
958 1915 1020 1957 llI,
1053 1917 1087 1956 4,
1116 1918 1169 1949 18.
1208 1917 1356 1958 dictum,
1394 1921 1430 1950 et

87 1985 194 2019 Vmc..
224 1985 355 2026 Georg.
382 1983 444 2025 lv,
468 1985 550 2017 233.
576 1985 611 2016 et
635 1983 749 2016 Sanun
774 1981 896 2016 Achill.
922 1982 949 2024 1,
973 1984 1031 2016 49.
1066 1982 1226 2015 laudante
1259 1982 1432 2016 Bnoucxn

85 2062 192 2085 nusro
230 2055 265 2085 et
298 2050 462 2084 HnYmo.
521 2049 594 2083 Sed
627 2048 929 2082 fluitantibus
964 2047 1092 2082 undis
1125 2049 1273 2081 ieiunum
1306 2048 1434 2082 iudicat

84 2120 233 2154 Vossms
259 2122 294 2152 et
319 2115 555 2150 rutilantibus
582 2116 769 2150 substituit.
818 2116 1017 2159 Perperam.
1067 2114 1153 2148 Cum
1183 2114 1226 2148 de
1256 2115 1434 2147 abluendis

84 2187 179 2229 equis
201 2190 334 2229 agatur,
360 2185 485 2219 coloris
511 2184 637 2216 mentio
664 2183 844 2216 manifesto
870 2183 980 2216 aliena
1006 2186 1071 2225 est,
1096 2187 1131 2216 at
1159 2184 1271 2217 vivum
1297 2184 1433 2224 flumen,

84 2253 239 2294 mobiles,
258 2251 436 2293 undantes,
462 2251 633 2284 fluitantes
659 2261 779 2294 aquae,
807 2250 869 2284 hae
895 2255 973 2283 sunt
997 2261 1085 2293 quae
1110 2251 1315 2284 conveniant
1340 2252 1435 2283 lava-

84 2319 168 2352 tioni
202 2322 237 2351 et
270 2316 521 2359 refrigerationi
549 2327 724 2359 equorum.
777 2317 939 2350 Ceterum
965 2317 1054 2350 conf.
1079 2317 1120 2350 ad
1148 2317 1175 2359 I,
1203 2320 1233 2359 1,
1261 2320 1318 2350 62.
1368 2317 1434 2350 Ni·-

84 2384 127 2416 hil
154 2385 262 2426 magis
288 2384 407 2416 salsum
442 2394 542 2426 quam
579 2384 669 2426 quod
705 2384 866 2417 BAcnms
892 2384 1027 2417 scribit:
1064 2384 1127 2426 „ln
1154 2383 1203 2418 his
1231 2385 1434 2428 descriptio-

84 2452 182 2484 nibus
218 2453 351 2495 singula
384 2451 534 2495 epitheta
569 2461 636 2484 non
672 2451 824 2494 urgenda
849 2452 965 2485 sunt.“
1013 2452 1108 2484 Inani
1136 2453 1280 2496 strepitu
1309 2452 1431 2485 verbo—

85 2527 157 2549 rum
186 2527 252 2550 non
286 2517 478 2551 delectatur
510 2517 689 2559 Tibullus,
727 2527 791 2550 nec
825 2518 960 2561 reperio
996 2516 1188 2551 huiusmodi
1229 2518 1309 2561 quid
1343 2518 1432 2562 apud

85 2593 161 2616 eum
188 2594 340 2625 usquam.
366 2603 408 2608 —
449 2584 492 2618 V.
519 2586 562 2616 61
589 2595 662 2626 sqq.
713 2583 855 2616 Troia
889 2583 1068 2625 quidem
1095 2588 1200 2617 tunc
1225 2594 1271 2617 se
1308 2585 1438 2617 mira-

85 2651 226 2691 bitur,
258 2650 328 2684 scil.
356 2649 410 2683 ubi
438 2655 504 2684 tam
532 2650 711 2694 magnifice
745 2649 909 2683 revixisse
939 2660 976 2684 se
1010 2649 1133 2683 viderit
1160 2650 1192 2684 in
1220 2651 1288 2684 filia
1312 2650 1436 2690 Roma,
