1721 2953
245 144 401 170 cnxxvt
781 131 855 171 DE
887 129 1043 173 POESl

246 250 376 297 anguis
404 249 492 295 iter,
526 244 677 285 dictum
704 243 762 284 ibi
790 255 960 300 propter
988 247 1289 301 oppositionem
1315 245 1590 288 immobilium

248 324 425 375 frugum.
505 323 717 362 Postremo
762 320 868 362 addo
916 322 1117 376 Lygdami
1166 322 1274 364 dicta
1317 323 1399 372 ΙΙΙ,
1441 326 1488 374 6,
1524 327 1593 364 39.

252 399 412 437 Theseae
437 399 603 450 periuria
633 397 800 447 linguae3
842 399 912 448 ΙΙΙ,
937 402 974 448 5,
1007 401 1071 439 13.
1111 401 1265 438 insanae
1293 401 1415 449 iurgia
1445 402 1592 449 mentis;

248 474 328 522 III,
360 476 406 520 5,
437 475 506 511 29.
548 475 598 511 At
634 473 730 511 vobis
770 473 912 512 Tuscae
953 475 1184 513 celebrantur
1221 477 1373 512 numina
1411 474 1594 526 lymphae,

251 562 355 599 quae
387 548 561 587 observa
600 546 809 600 quomodo
843 546 1076 601 discrepent
1106 563 1129 588 a
1158 549 1315 588 Tibulli
1345 562 1482 597 more,
1524 546 1597 600 qui

250 636 326 661 nec
368 623 530 661 Theseae
565 623 711 672 linguae
749 636 811 675 pr.
850 623 1001 662 Thesei
1034 623 1197 663 videtur
1235 622 1418 663 dicturus
1457 623 1597 669 fuisse,

252 712 326 737 nec
354 701 476 748 iurgia
504 701 649 747 mentis,
681 712 755 737 nec
786 699 971 737 celebrare
998 702 1150 738 numina
1178 700 1360 752 lymphae.
1381 720 1436 726 —-
1480 698 1598 737 Tertio

252 776 329 813 loco
370 774 498 814 affero
543 775 766 814 verborum
812 773 989 813 duorum
1040 773 1385 814 coniunctionem.
1465 772 1598 812 Etiam

253 851 354 889 haec
394 864 516 902 saepe
552 849 828 903 exquisitioris
870 848 969 903 quid
1008 847 1240 902 splendoris
1278 849 1428 899 habet,
1472 847 1601 888 veluti

254 926 333 966 hoc
377 924 528 965 modo:
585 926 787 978 collapsus
831 924 998 974 cecidit,
1048 925 1210 964 vibrata
1252 924 1426 963 fulmina
1466 923 1601 971 iactat,

257 998 366 1040 unde
406 1000 449 1039 in
495 1000 558 1039 his
601 1001 850 1039 carminibus
894 1013 1101 1053 perpauca
1143 1007 1300 1039 tantum
1345 997 1602 1050 simplicioris

256 1076 415 1126 generis
443 1075 726 1114 inveniuntur.
783 1074 888 1114 Dico
918 1075 1042 1114 haec:
1074 1090 1148 1114 now
1177 1074 1363 1124 vigilanda
1390 1077 1481 1112 venit
1507 1073 1538 1121 Ι,
1564 1076 1603 1121 2,

259 1154 337 1200 783
384 1150 567 1188 scelerata
605 1150 711 1188 sedes
749 1152 845 1188 iacet
883 1150 1014 1188 abdita
1053 1150 1094 1198 I,
1125 1153 1171 1198 3,
1205 1153 1281 1199 673
1327 1155 1431 1202 patet
1469 1154 1605 1201 aperta

257 1226 298 1276 Ι,
330 1229 367 1276 9,
397 1227 473 1275 583
517 1222 694 1277 denique
724 1224 795 1273 IV,
822 1228 860 1273 3,
889 1228 959 1264 22.
996 1225 1146 1264 Incidat
1173 1227 1209 1263 in
1237 1238 1369 1264 saevas
1397 1223 1606 1277 diripienda

248 1301 379 1354 feras,
408 1308 455 1339 ut
478 1300 597 1339 etiam
617 1298 852 1353 Lygdamus
883 1297 985 1338 dixit
1015 1300 1088 1346 ΙΙΙ,
1113 1303 1149 1347 6,
1176 1303 1243 1339 28.
1272 1299 1409 1339 Aet-iae
1438 1306 1472 1337 et
1495 1298 1608 1337 nubes

260 1376 468 1430 diripienda
492 1374 638 1427 ferant.
704 1373 940 1412 Notabilior
976 1374 1118 1412 ceteris
1153 1374 1329 1421 locutio,
1369 1374 1544 1412 Bacchus
1573 1380 1606 1411 et

259 1453 450 1502 agricolae
477 1465 612 1500 magno
639 1449 805 1501 confecta
834 1448 960 1487 labore
987 1449 1150 1488 Pectora
1177 1451 1344 1487 tristitiae
1374 1447 1608 1486 dissoluenda

262 1528 363 1566 dedit
392 1527 431 1576 I,
457 1531 494 1575 7,
526 1526 593 1564 40.
622 1522 671 1563 de
703 1538 784 1576 qua
813 1523 855 1562 in
885 1522 1170 1575 Explicatione
1203 1522 1368 1561 dictum.
1391 1543 1449 1550 ——-
1506 1520 1609 1560 Aliis

261 1604 307 1641 in
335 1601 435 1641 locis
463 1600 582 1641 verbi
613 1599 673 1640 vis
708 1597 872 1637 adiectis
907 1598 1067 1637 casibus
1102 1605 1295 1648 augetur,
1334 1604 1379 1636 ut
1407 1598 1529 1635 arenti
1553 1598 1614 1635 siti

260 1686 421 1726 torrere,
443 1675 552 1728 ferro
580 1676 790 1723 vulnerare,
823 1671 873 1712 de
904 1686 987 1726 quo
1018 1685 1143 1724 supra
1173 1669 1324 1710 dictum
1356 1678 1395 1711 et
1422 1670 1465 1709 in
1489 1669 1612 1709 Com-

262 1760 435 1792 mentar.
467 1749 517 1790 ad
555 1751 595 1800 Ι,
625 1754 672 1800 2,
703 1754 790 1798 27.,
834 1749 907 1787 ubi
946 1748 1135 1799 exempla
1160 1746 1398 1785 Tibulliana
1440 1743 1612 1786 videbis.

263 1827 336 1867 Est
363 1827 442 1867 hoe
472 1825 641 1865 omnino
671 1837 813 1863 rarum
844 1820 953 1876 apud
983 1823 1198 1862 Tibullum
1231 1834 1306 1860 nec
1343 1819 1422 1860 nisi
1458 1819 1503 1859 in
1537 1833 1613 1871 op-

263 1901 468 1954 positione
497 1899 557 1938 fit.
575 1923 633 1930 --
689 1899 744 1936 At
768 1897 1070 1950 frequentiores
1099 1904 1217 1944 sunt,
1247 1909 1347 1948 quas
1373 1902 1507 1948 quarto
1535 1896 1614 1933 Ioco

264 1975 390 2016 laudo
417 1972 728 2021 cumulationes,
756 1970 954 2012 adiectiva
976 1971 1118 2011 similis
1146 1971 1325 2010 notionis
1350 1970 1615 2009 substantivis

269 2049 428 2099 addita,
468 2063 508 2089 v.
534 2063 567 2087 e.
595 2050 713 2087 tristes
752 2047 953 2096 lacrimae,
996 2045 1045 2085 de
1086 2061 1167 2099 qua
1201 2059 1245 2085 re
1285 2059 1410 2098 supra
1449 2043 1614 2094 dietum,

269 2135 309 2166 et
335 2124 538 2178 prolepsis
569 2120 861 2166 adjectivorum
890 2130 928 2160 et
949 2121 1039 2173 ipsa
1065 2135 1189 2173 supra
1212 2127 1454 2168 memorata,
1488 2131 1615 2171 porro

270 2200 503 2241 coniunctio
536 2196 723 2238 adverbii
753 2205 789 2236 et
819 2195 1008 2236 adiectivi
1035 2195 1176 2236 similis
1209 2195 1412 2244 notionis,
1443 2201 1489 2234 ut
1518 2194 1616 2232 clam

269 2280 458 2317 taciturna
487 2277 597 2323 venit,
637 2273 691 2311 ad
719 2273 878 2312 occultos
896 2271 1034 2323 furtim
1065 2272 1223 2310 deducet
1252 2274 1413 2319 amicos,
1454 2267 1503 2308 de
1535 2282 1618 2322 qua

272 2353 424 2394 dictum
455 2350 505 2391 ad
534 2352 564 2400 Ι,
589 2355 625 2401 5,
652 2354 736 2400 65.,
766 2348 945 2403 denique
975 2348 1154 2389 duorum
1183 2347 1477 2388 adiectivorum
1507 2347 1618 2385 simi-

269 2429 373 2469 lium
396 2426 557 2467 duobus
577 2424 838 2465 substantivis
858 2424 1093 2464 iunctorum
1115 2422 1376 2476 compositio,
1410 2428 1455 2460 ut
1477 2421 1507 2470 Ι,
1526 2425 1562 2470 8,
1579 2424 1618 2459 2.

274 2508 354 2547 miti
378 2506 473 2543 lenia
504 2503 615 2541 verba
642 2517 752 2550 sono,
794 2499 895 2542 ibid.
925 2502 992 2540 42.
1031 2501 1124 2540 Cum
1153 2507 1250 2539 vetus
1286 2498 1405 2549 injecit
1434 2511 1534 2536 cana
1560 2510 1618 2536 se-

275 2589 382 2623 necta
411 2585 545 2632 caput,
587 2586 625 2617 et
656 2577 687 2627 I,
712 2581 751 2627 3,
774 2577 842 2618 48.
874 2578 1013 2616 Immiti
1035 2589 1164 2615 saevus
1192 2575 1354 2614 duxerat
1384 2581 1466 2614 arte
1489 2571 1620 2625 saber.
