1721 2953
513 146 655 185 LlssR.
687 146 719 184 1.
778 146 937 184 jELLG.
969 147 1021 185 ll.
1385 144 1436 181 4:⁷3

95 262 174 296 fasc.
202 263 245 296 H.
283 275 313 306 p.
336 263 406 295 209
431 271 505 304 sqq.
556 261 604 294 Ut
629 261 662 294 in
689 261 837 294 Graecia
864 260 953 304 apud
979 258 1164 293 Thessalos
1189 257 1288 291 sedes
1315 257 1442 301 prima-

90 329 142 362 ria
167 330 298 371 magiae
325 328 406 368 fuit,
431 328 480 359 sic
505 327 537 359 in
564 326 661 359 Italia
690 325 797 359 Marsi
824 330 857 359 et
883 326 1000 359 Sabini
1028 325 1186 359 dicuntur
1212 334 1290 367 prae
1318 322 1442 355 ceteris

94 404 169 426 eam
195 393 400 433 exercuisse,
426 392 469 425 cs.
493 391 634 425 Honn'.
663 390 773 434 Epod.
799 391 841 431 V,
866 394 922 425 76.
951 392 1062 432 XVII,
1088 393 1147 423 28.
1184 391 1330 424 Vincrr..
1356 390 1439 421 Aen.

94 461 171 501 nl,
187 462 266 493 759.
293 463 328 492 et
346 469 450 502 saepe
471 459 565 492 alias.
592 458 635 491 cf.
664 458 873 491 Hnmnonn.
895 458 936 490 ad
958 457 1078 491 Horat.
1096 457 1200 491 Satir.
1216 456 1242 498 I,
1260 458 1292 497 9,
1319 467 1350 499 p.
1368 457 1413 487 29
1429 466 1439 493 3

93 526 183 559 cirea
213 525 358 568 Augusti
393 528 507 557 tamen
540 528 695 567 tempora
720 523 784 556 iarn
820 533 863 556 ex
895 523 970 555 aliis
996 524 1098 556 etiam
1126 522 1279 566 partibus
1305 520 1438 564 imperii

93 590 126 624 id
153 601 260 633 genus
286 589 456 623 hominum
480 590 627 623 Romam
664 589 868 623 confluebat.
929 589 1045 624 Quare
1071 588 1256 622 domestica
1282 591 1316 621 et
1342 597 1442 630 pere-

95 657 191 700 grina
215 656 248 689 in
284 655 334 689 his
368 656 468 688 rebus
500 655 648 688 discerni
675 665 741 687 non
768 658 911 698 possunt
936 657 971 687 et
996 654 1193 687 describunt
1218 652 1332 685 Latini
1358 662 1441 695 poe-

94 726 150 755 tae
176 721 235 754 has
260 726 352 755 artes
376 725 413 754 ut
438 720 576 755 Graeci.
628 719 772 752 Exstant
790 713 899 760 kero,
928 723 1067 752 notante
1093 719 1194 751 etiam
1220 718 1443 750 Bnoucmm-

96 800 150 822 510
179 789 274 822 multi
299 788 342 821 de
373 788 412 821 iis
436 788 513 829 loci,
540 791 577 820 ut
601 787 751 821 mer..
777 787 863 820 Aen.
890 786 950 827 IV,
977 788 1056 819 487.
1093 785 1215 826 Eclog.
1240 783 1334 824 Vffl,
1361 782 1442 824 ibiq.

95 856 195 889 Voss.
239 855 380 888 Honff.
407 854 517 899 Epod.
546 855 586 887 V.
617 858 651 887 et
675 854 788 888 XVII.
816 854 896 896 ibiq.
923 853 1117 896 interprett.
1142 851 1269 883 Tibull.
1305 849 1390 883 infra
1416 848 1442 889 1,

95 926 128 963 8,
157 926 212 958 19.
240 924 428 956 Pnor’nRT.
462 923 488 964 Ι,
525 925 555 964 l,
583 924 637 956 19.
676 922 736 957 IV.
763 925 796 963 5,
820 925 841 955 9
867 933 941 965 sqq.
992 922 1100 953 Ovu).
1134 920 1222 953 Met.
1258 918 1334 959 vn,
1366 919 1444 950 179.

95 991 191 1032 xlv,
216 993 261 1024 43
278 1002 350 1034 sqq.
376 990 519 1024 Heroid.
545 991 604 1032 Vl,
625 993 669 1023 83
687 1002 761 1033 sqq.
788 990 880 1023 Fast.
909 990 951 1030 V,
976 990 1057 1021 429.
1084 987 1179 1020 Idem
1206 987 1337 1018 Amorr.
1366 982 1392 1024 l,
1409 986 1443 1015 8.

96 1060 131 1088 et
156 1056 248 1088 Fast.
273 1055 317 1098 II,
343 1059 408 1090 571
439 1066 512 1099 sqq.
546 1067 664 1098 sagam
689 1055 838 1089 vetulam
872 1054 1047 1087 describit.
1097 1051 1185 1085 Yide
1212 1060 1312 1094 porro
1338 1049 1445 1082 Man-

99 1130 196 1153 Ttsr..
223 1121 284 1159 lx,
309 1124 366 1154 30.
413 1121 552 1154 Luem.
580 1121 638 1159 VI,
665 1123 746 1155 431.
785 1121 922 1153 δελ-ΕΟ.
954 1118 1049 1151 Med.
1076 1121 1156 1151 675.
1198 1115 1337 1150 Hercul.
1365 1115 1445 1147 Oet.

98 1188 177 1220 454.
226 1187 367 1219 utun.
402 1187 532 1219 Fricc.
571 1186 629 1227 Vl,
654 1187 735 1218 439.
782 1187 857 1218 Su..
891 1185 942 1218 l'r.
978 1184 1071 1225 vm,
1109 1186 1188 1216 496.
1236 1182 1444 1214 CLAUDHN.

99 1256 132 1288 in
161 1256 275 1289 Rufio.
302 1256 328 1296 Ι,
356 1258 433 1289 146.
484 1255 548 1287 Adi
577 1255 679 1288 etiam
705 1254 911 1286 Trmocmv.
936 1262 1039 1285 carm.
1064 1251 1110 1283 ΙΙ.
1159 1249 1230 1283 Sed
1255 1248 1297 1281 ad
1323 1247 1446 1280 Tibul-

101 1322 167 1354 lum
194 1325 231 1353 ut
254 1320 412 1361 redeam,
451 1319 540 1362 quod
573 1321 720 1353 Vossms
747 1318 828 1351 llaec
854 1323 889 1350 et
915 1318 980 1350 alia
1006 1317 1166 1349 simulata
1191 1319 1304 1349 mente
1331 1315 1372 1346 ab
1404 1325 1447 1346 eo

99 1387 133 1420 in
161 1388 278 1421 Deliae
304 1388 446 1430 gratiam
479 1387 605 1430 scripta
631 1391 766 1426 censet,
802 1386 833 1418 in
863 1396 905 1418 eo
935 1384 1022 1417 haud
1049 1384 1152 1416 dubie
1182 1383 1329 1423 fallitur3
1369 1392 1446 1415 uam

101 1458 138 1487 ut
164 1458 257 1487 recte
282 1458 397 1486 monet
423 1453 764 1493 annnmcmus,
805 1450 994 1484 detraxeris
1027 1450 1076 1482 sic
1111 1454 1242 1482 temere
1267 1448 1446 1481 veritatem

102 1530 261 1553 sensuum
293 1523 328 1552 et
361 1518 438 1552 liuie
464 1523 499 1551 et
530 1519 605 1551 aliis
630 1517 745 1570 multis
771 1518 874 1558 locis,
914 1517 971 1550 ubi
1008 1517 1121 1560 pium,
1161 1515 1448 1560 superstitiosum,

104 1588 297 1630 religiosum
331 1588 478 1620 animum
511 1591 613 1630 poeta
649 1586 773 1630 prodit.
834 1585 910 1618 Non
948 1595 1110 1627 negamus
1144 1584 1278 1627 quidem
1313 1585 1450 1628 placere

103 1654 168 1687 sibi
202 1655 233 1686 in
269 1653 319 1686 his
350 1653 452 1686 rebus
485 1652 670 1685 tractandis
705 1655 846 1695 poetas,
884 1661 961 1683 cum
996 1650 1097 1683 etiam
1125 1654 1279 1683 ornatum
1305 1651 1451 1685 afferant

106 1721 310 1755 carminibus
336 1726 371 1754 et
397 1723 534 1753 teneant
567 1719 698 1751 animos
730 1717 909 1750 miratione
945 1721 1179 1760 portentorum
1209 1717 1352 1758 iniecta3
1389 1717 1451 1749 sed

104 1788 213 1821 inanis
238 1788 345 1821 omnis
373 1791 531 1828 ornatus,
557 1786 613 1828 qui
639 1796 706 1818 non
735 1786 880 1818 veritate
909 1784 1007 1817 simul
1033 1784 1152 1816 nititur
1178 1794 1358 1825 sensuum,
1384 1794 1452 1826 quo

105 1855 240 1888 nomine
271 1853 398 1886 Tibulli
432 1852 568 1895 quidem
604 1851 718 1895 poesis
743 1861 824 1894 prae
850 1850 974 1883 ceteris
999 1854 1051 1882 est
1075 1850 1267 1892 conspicua.
1325 1850 1453 1882 Venia-

106 1931 180 1954 mus
205 1919 247 1952 ad
271 1919 474 1961 singula.—-
500 1917 541 1951 V.
563 1919 619 1950 44.
669 1916 802 1951 Verba:
827 1916 1057 1949 Pollicita
1083 1920 1151 1948 est
1177 1916 1360 1958 magico
1381 1917 1454 1949 mi-

107 1987 326 2026 nisterio,
356 1985 674 2018 Wumnnnmcmus
701 1985 852 2027 explicat
878 1994 927 2027 pr.
955 1982 1145 2027 praedixit,
1172 1982 1376 2026 spopondit,
1401 1983 1453 2016 fa-

107 2053 150 2086 tis
175 2053 310 2095 magica
333 2056 406 2084 arte
432 2051 638 2095 exploratis,
671 2051 775 2084 veluti
800 2062 854 2094 ap.
881 2051 1009 2083 TAcrr.
1033 2050 1121 2083 Hist.
1147 2050 1173 2092 I,
1197 2053 1257 2083 22.
1280 2051 1342 2083 sit:
1370 2050 1451 2082 dum

108 2132 213 2152 novos
241 2125 356 2151 motus
379 2124 414 2150 et
440 2117 575 2150 clarum
598 2118 728 2150 Othoni
753 2130 886 2150 annum
907 2116 1148 2150 observatione
1172 2116 1325 2149 siderum
1350 2117 1455 2160 affir-

108 2191 218 2219 mant.
268 2185 346 2218 Nou
365 2185 482 2229 probo.
532 2185 760 2219 Ministerium
787 2187 957 2227 magicum
979 2189 1031 2218 est
1054 2194 1159 2228 opera
1181 2184 1326 2226 magica,
1351 2193 1450 2226 quam

108 2264 242 2288 carmen
270 2252 397 2286 faciens
423 2253 604 2296 praestitit,
629 2257 666 2286 ut
693 2264 723 2286 v.
741 2255 798 2286 55.
825 2253 936 2285 docet.
988 2252 1104 2287 Quare
1129 2261 1270 2284 sensus:
1298 2250 1346 2283 Ut
1370 2260 1453 2292 saga

107 2321 263 2366 promisit
292 2319 373 2353 milii
407 2319 554 2352 carmine
589 2319 722 2362 magico
747 2320 779 2352 in
806 2329 903 2351 usum
930 2327 1042 2350 meum
1073 2317 1284 2360 composito,
1322 2326 1389 2359 quo
1415 2326 1454 2349 ea

109 2398 163 2420 res
189 2387 368 2420 efficiatur.
417 2385 488 2418 Sed
516 2383 567 2417 hic
598 2383 805 2417 indefinitius
830 2383 974 2426 primum
1002 2383 1173 2424 loquitur,
1209 2381 1294 2414 infra
1320 2381 1456 2422 clarius,

112 2455 149 2484 ut
173 2452 276 2485 toties
301 2451 506 2495 scriptores-3
531 2450 579 2483 sic
606 2450 694 2482 enim
724 2448 938 2492 exspectatio
965 2449 1143 2481 excitatur.
1161 2467 1206 2472 —
1232 2448 1273 2481 V.
1300 2449 1356 2481 45.
1383 2448 1455 2480 du*

112 2521 287 2550 centem
321 2516 489 2550 sidera.
547 2517 627 2549 Fuit
652 2517 683 2550 in
711 2516 858 2549 Graecia
885 2514 1157 2549 Thessalicarum
1185 2515 1331 2549 maxime
1359 2514 1456 2548 femi-

113 2594 230 2616 narum
253 2584 431 2618 artificium
450 2585 561 2618 sidera
586 2588 645 2618 aut
670 2585 781 2618 lunam
807 2584 850 2617 de
876 2583 973 2617 coelo
999 2581 1155 2616 ducendi.
1183 2581 1326 2614 Honuu
1346 2581 1456 2624 Epod.

111 2649 154 2690 V,
175 2651 241 2682 45:
276 2649 375 2693 Quae
401 2649 517 2683 sidera
539 2656 734 2683 excantata
759 2661 839 2684 voce
873 2647 1042 2681 Thessala
1069 2647 1259 2693 lunamque
1283 2645 1373 2679 coelo
1401 2644 1459 2675 de-
