1721 2953
490 156 630 197 LIBR.
662 156 692 194 l.
753 153 908 194 ELlCG.
941 153 1031 193 Vn.
1346 155 1420 191 149

80 277 134 306 im
160 274 370 308 cecinerunt.
418 273 528 306 Porro
554 281 640 314 quae
665 269 797 303 adiecta
822 273 916 301 Sunt:
944 273 1065 301 nentes
1091 268 1264 303 stamma,
1292 262 1418 300 redde:

81 351 156 374 cum
183 343 319 380 nerent3
350 337 515 371 canebant
541 336 629 369 enim
657 334 736 367 <lum
762 333 887 366 nebant
913 332 981 366 sata
1004 333 1152 366 infantis.
1178 332 1288 366 Ovin-
1314 330 1418 364 Trist.

82 408 121 449 V,
148 409 181 449 3,
206 409 272 439 252
319 402 459 436 Scilicet
495 402 586 435 lianc
618 402 727 446 legem
761 406 881 432 nentes
920 399 1056 437 fatalia
1090 401 1228 431 Parcae
1264 396 1419 430 stamina

81 472 130 505 bis
153 470 272 517 genito
306 468 357 501 bis
391 467 541 500 cecinere
577 465 642 498 tibi
670 464 861 508 (Baccho).
912 464 1009 497 Adde
1035 465 1121 498 Met.
1148 463 1242 504 vni,
1268 464 1347 496 451.
1383 466 1418 496 et

78 539 143 572 alia
167 542 281 570 notata
307 537 339 569 in
365 534 450 569 hanc
475 545 546 568 rem
571 544 590 566 a
617 534 892 567 Bnoucmmsio.
942 531 1018 565 Non
1046 532 1148 574 igitur
1173 529 1269 564 reddi
1295 528 1417 562 debet:

78 606 205 638 Parcae
228 613 315 645 qnae
340 612 420 635 nere
446 602 556 634 solent
582 601 727 633 stamina
752 599 888 639 fatalia,
914 608 976 631 nec
1001 596 1172 640 generalis
1198 595 1250 628 liic
1277 593 1419 627 habetur

75 668 270 712 descriptio,
294 667 402 710 qualis
427 667 526 711 epico
551 670 674 710 poetae
705 664 901 709 placuisset,
926 663 986 697 sed
1011 663 1053 696 ad
1080 673 1181 696 unum
1207 661 1417 706 propositum

76 740 210 778 tempus
229 745 284 767 res
303 732 503 774 revocanda,
528 736 566 765 ut
590 732 622 765 in
649 731 756 773 lyrico
782 734 817 764 et
842 730 996 772 elegiaco
1022 729 1178 762 camnine.
1229 728 1418 762 Plurimum

77 801 181 835 refert
201 802 233 834 in
255 798 534 843 interpretatione
554 801 730 842 poetarum
750 796 878 838 ubique
901 804 1063 837 generum
1085 804 1229 838 poeseos
1249 792 1418 826 recordari

75 866 279 899 discrimina.
325 864 396 898 Sed
418 863 628 907 pergendum
649 866 711 895 est.
761 862 870 903 Igitur
892 871 969 894 cum
992 860 1061 893 fata
1082 860 1225 892 illustria
1249 859 1418 892 Messalae

75 932 320 966 constituerent
356 934 392 962 et
426 932 601 963 necterent
635 929 668 961 in
707 932 908 971 perpetuum
944 926 1211 967 indissolubilia,
1250 925 1329 967 quid
1366 931 1418 958 est

74 997 162 1040 quod
189 997 385 1031 cecinerunt
408 994 568 1029 Parcae?
617 994 742 1027 Hunc
775 993 983 1026 cecinere
1016 991 1151 1033 diem,
1176 992 1225 1024 ait
1248 990 1418 1030 Tibullus,

75 1063 186 1097 hunc
207 1063 324 1104 fore,
349 1062 598 1105 Aquitanas
623 1063 782 1104 posset
806 1059 879 1101 qui
903 1057 1090 1091 fundere
1116 1061 1287 1100 gentes.
1323 1056 1418 1089 Haec

75 1132 164 1163 enim
189 1129 278 1162 haud
304 1128 407 1162 dubie
439 1138 520 1161 vera
546 1127 649 1160 lectio
674 1131 710 1159 et
740 1126 948 1159 constructio
974 1128 1027 1158 est
1052 1124 1138 1164 loci,
1174 1122 1217 1156 de
1242 1132 1309 1164 quo
1334 1122 1418 1155 mira

75 1195 373 1228 comminiscuntur
398 1193 613 1236 interpretes.
664 1193 793 1224 Parcae
819 1195 931 1224 autem
964 1191 1055 1223 clare
1082 1190 1216 1223 dicunt:
1256 1189 1321 1222 Hic
1346 1188 1418 1220 dies

75 1261 216 1302 natalis,
245 1259 298 1293 hic
323 1260 406 1301 erit,
428 1259 486 1302 qui
510 1258 630 1292 fundet
655 1257 865 1300 Aquitanos,
889 1267 914 1288 s.
943 1256 1007 1287 lzoc
1032 1254 1086 1286 die
1113 1253 1274 1287 Messala
1298 1264 1419 1297 tepor<

75 1326 169 1359 tabit
202 1325 399 1372 aliquando
436 1323 621 1358 victoriam
661 1323 702 1355 de
739 1322 951 1368 Aquitanis.
1020 1321 1122 1356 Quod
1160 1321 1264 1363 igitur
1298 1320 1418 1352 TImO-

75 1394 178 1427 leonti
202 1393 347 1435 contigit
371 1392 509 1425 secund.
537 1392 703 1424 Cenum„
729 1390 822 1423 Nep.
848 1400 877 1422 c.
903 1391 939 1420 5.
969 1392 1006 1420 ut
1030 1387 1161 1431 proelia
1185 1386 1333 1419 maxima
1357 1395 1417 1418 na-

74 1461 133 1494 tali
161 1460 215 1493 die
240 1470 302 1493 suo
328 1458 458 1492 faceret
491 1459 622 1498 onmia,
659 1457 764 1491 semel
801 1456 904 1489 etiam
938 1454 1110 1487 Messalae
1144 1452 1261 1486 datum
1295 1451 1419 1484 eximia

74 1526 226 1567 fortuna,
266 1530 302 1558 et
337 1524 524 1569 perspicies
559 1534 647 1557 nunc
681 1522 968 1566 magnificentiam
1002 1519 1148 1554 exordii.
1207 1518 1297 1551 Hinc
1330 1517 1419 1550 enim

71 1595 203 1628 Parcae
227 1597 435 1626 memoratae
458 1597 496 1626 ut
520 1593 553 1625 in
579 1578 725 1625 mirabili
755 1601 811 1631 re,
848 1588 925 1622 hinc
950 1588 1015 1632 ipsi
1049 1587 1117 1621 diei
1153 1586 1277 1619 tributa
1303 1586 1418 1629 splen—

73 1662 198 1705 didius,
218 1673 306 1704 quae
334 1661 484 1694 Messala
509 1663 582 1692 tum
608 1658 700 1699 fecit,
727 1667 791 1690 usu
817 1661 970 1689 ceterum
995 1655 1106 1698 poetis
1130 1654 1213 1687 satis
1238 1653 1418 1695 frequenti.

73 1729 131 1762 Sic
164 1729 324 1761 Pmnffl.
357 1725 459 1769 Pyth.
486 1725 548 1767 IX,
574 1728 640 1758 68:
684 1731 771 1756 κεῖνο
807 1719 884 1755 κεῖν’
917 1712 1010 1765 ἆμαρ
1047 1721 1234 1753 ‹racia-am.
1275 1718 1416 1751 HoRA'r.

74 1793 136 1836 III,
159 1796 193 1835 8,
228 1796 271 1826 9:
313 1790 384 1823 Hic
421 1790 494 1823 dies
528 1802 621 1823 anno
655 1789 822 1822 redeunte
847 1787 975 1833 festus
1008 1785 1169 1819 corticem
1205 1784 1417 1816 adstrictum

69 1858 146 1903 pice
171 1855 357 1890 (linum-ebir
383 1855 585 1900 amphorae.
635 1855 705 1888 Sed
729 1855 891 1895 Vossms‚
917 1853 974 1896 qui
1000 1856 1094 1885 recte
1120 1851 1215 1892 vidit,
1240 1850 1314 1893 quis
1340 1860 1419 1883 sen-

72 1935 130 1958 sus
157 1923 296 1956 lectioni
322 1921 477 1956 codicum
502 1921 602 1962 insit,
636 1923 750 1953 tamen
778 1928 956 1963 perperam
983 1921 1093 1951 mutat
1121 1917 1251 1957 locum,
1289 1925 1418 1958 negans

73 1989 204 2023 duabus
228 1988 272 2021 de
297 1987 408 2021 causis
433 1987 466 2019 in
497 1986 587 2019 diem
621 1986 768 2019 natalem
795 1984 956 2018 incidisse
981 1984 1074 2016 illam
1099 1983 1289 2016 victoriam.
1341 1983 1419 2016 Pri-

72 2065 164 2088 mum
200 2054 288 2087 enim
326 2062 519 2096 repugnare
554 2051 656 2084 verba
683 2050 769 2096 sore
803 2054 839 2084 et
873 2049 935 2095 qui
964 2054 1097 2093 posset.
1147 2048 1330 2084 Quomodo
1363 2058 1420 2081 re-

73 2119 253 2164 pugnant?
303 2117 381 2150 Non
412 2117 524 2161 capio.
573 2127 706 2160 posse
742 2126 793 2160 pr.
827 2115 941 2149 valere
965 2126 1069 2159 saepe
1095 2115 1144 2148 sic
1170 2115 1236 2148 dici
1263 2125 1328 2148 non
1355 2115 1420 2147 du-

72 2187 163 2220 bium
198 2190 232 2219 et
257 2186 387 2218 notavit
412 2184 455 2217 ad
481 2183 512 2219 h.
540 2183 561 2218 l.
592 2184 934 2222 thnunmcnms,
973 2183 1078 2216 veluti
1103 2182 1190 2215 infra
1217 2182 1277 2222 111,
1301 2185 1334 2223 3,
1360 2184 1418 2214 25.

72 2256 132 2285 aut
160 2262 236 2285 cum
272 2251 464 2283 HORATIUS
489 2249 572 2283 dicit
595 2249 656 2290 ΙΙΙ,
681 2251 714 2290 3,
740 2251 804 2281 43:
843 2247 1144 2292 triumphatisque
1168 2247 1281 2291 possit
1307 2248 1418 2278 Roma

66 2317 172 2363 ferox
210 2317 293 2349 dare
326 2316 409 2348 iura
442 2315 569 2349 Medis.
618 2316 733 2357 Vulgo
760 2315 848 2347 male
874 2312 1085 2357 periphrasin
1110 2312 1238 2345 dicunt.
1289 2311 1416 2345 Exem-

73 2385 130 2427 pla
153 2388 267 2416 autem
294 2382 370 2415 vide
396 2382 497 2414 etiam
524 2392 578 2425 ap.
604 2380 798 2414 Tounssn'r.
824 2379 867 2412 ad
891 2379 1014 2414 Horat.
1038 2379 1059 2411 l.
1076 2379 1132 2412 cit.
1160 2382 1194 2411 et
1220 2378 1412 2411 Bunmmw.

72 2449 114 2482 ad
140 2450 267 2483 Lucan.
295 2449 356 2489 111,
381 2450 462 2482 449.
496 2452 533 2482 et
557 2447 600 2480 ad
625 2448 782 2490 Propert.
812 2446 837 2487 1‚
866 2448 897 2486 1,
926 2448 980 2479 15.
1031 2445 1123 2481 Quid
1159 2446 1263 2488 igitur
1289 2455 1416 2488 quaeso

74 2517 255 2560 vituperari
282 2517 354 2550 iure
383 2521 496 2560 potest
521 2517 552 2549 in
581 2515 715 2556 serbis,
750 2515 777 2547 si
805 2513 900 2546 dico:
935 2512 988 2546 uic
1013 2514 1084 2546 dies
1112 2514 1196 2554 erit,
1228 2514 1283 2555 qui
1312 2513 1417 2555 Aqui*

75 2585 187 2617 taniae
222 2585 400 2618 bellicosas
435 2588 557 2627 gentes
585 2583 722 2623 fundet,
761 2580 903 2614 sundere
937 2580 1090 2614 valebit?
1142 2581 1246 2614 lnuno
1271 2591 1310 2613 ne
1339 2591 1417 2624 pos-

73 2656 152 2685 sunt
179 2651 315 2694 quidem
341 2651 469 2685 Tibulli
495 2651 597 2686 verba
626 2651 727 2684 alium
754 2649 879 2682 habere
905 2657 1038 2682 sensum
1066 2658 1164 2693 quam
1193 2658 1291 2690 euin,
1318 2658 1417 2690 quent
