1721 2953
286 114 365 149 218
605 101 976 146 COMMENTAR.
1004 104 1064 145 IN
1095 104 1321 146 TlssULLi

284 230 360 254 cum
389 219 460 252 rivo
484 227 505 250 a
529 218 706 262 superiore
731 221 828 261 parte
854 217 1048 259 defluente,
1086 218 1128 253 cf.
1155 219 1319 253 PALLAD.
1345 219 1372 262 Ι,
1397 222 1457 254 34.
1518 220 1628 254 Porro

281 285 439 330 irriguas
465 284 596 326 active,
631 288 668 317 ut
695 284 804 318 Vme.
831 284 962 327 Georg.
987 283 1048 325 lv,
1073 286 1130 317 32.
1193 285 1350 327 Denique
1375 284 1469 319 vides
1495 296 1630 320 sensum

283 351 485 395 pentametri
510 360 606 383 esse:
642 353 723 382 tunc
758 349 854 382 olera
887 347 977 382 horti
1012 351 1114 383 culta.
1172 350 1260 384 Nam
1287 352 1438 394 loquitur
1462 351 1505 385 de
1531 353 1630 386 variis

282 419 432 453 ciborum
458 417 653 461 generibus,
679 420 713 449 et
738 416 883 460 primum
907 416 1044 459 quidem
1070 416 1114 449 de
1138 417 1190 459 iis,
1216 428 1305 461 quae
1330 419 1486 463 proxime
1510 419 1631 453 absunt

280 496 301 519 ει
327 486 441 530 priore
469 485 572 518 victu.
631 483 718 517 Cum
751 483 841 516 enim
871 487 951 517 ante
983 483 1165 526 glandibus
1199 489 1418 519 vescerentur
1450 489 1486 519 et
1517 484 1630 518 herbis

282 552 498 595 agrestibus,
535 561 625 585 nunc
655 561 757 594 poma
782 554 818 583 et
847 551 941 584 olera
965 551 1162 584 substituta.
1186 568 1232 573 —
1275 551 1431 584 Aurea.
1480 551 1629 584 Sensus:

280 624 352 653 tum
387 618 533 663 primum
567 628 679 650 aurea
712 617 790 650 vina
823 620 930 661 parta.
983 626 1188 660 pressos,
1227 614 1258 649 h.
1291 627 1320 649 e.
1356 625 1559 660 expressos,
1594 619 1630 648 ut

278 684 420 719 LUCAN.
445 684 506 726 IV,
531 686 624 718 317:
658 682 808 727 palmite
839 683 947 716 crudo
982 681 1118 716 arboris
1144 688 1211 715 aut
1237 689 1359 715 tenera
1388 694 1510 715 succos
1528 693 1630 726 pres-

279 760 354 783 sere
386 748 553 783 medulla.
612 749 789 792 Simplicia
820 749 926 782 multa
962 759 1025 793 pro
1058 748 1257 793 compositis
1289 748 1381 792 apud
1407 752 1526 792 poetas
1551 748 1630 792 poni

280 814 427 849 vidimus
453 814 496 849 ad
520 816 549 858 I,
574 818 608 857 2,
633 818 692 850 80.
715 833 762 840 --
795 815 963 859 Mixta,
1000 816 1149 849 inventio
1177 816 1279 849 etiam
1304 815 1387 848 alias
1413 814 1569 856 laudata,
1593 818 1631 847 ut

281 884 435 923 constat,
460 892 491 915 v.
517 892 546 914 c.
573 882 682 915 Vnae.
710 881 841 923 Georg.
866 880 894 922 Ι,
921 883 953 914 9.
979 899 1024 906 —-
1057 881 1212 914 sobria
1234 880 1425 924 lympha.
1474 879 1564 913 Hinc
1587 880 1629 913 il-

281 947 340 981 lud
366 949 605 982 Pmnnucmu
629 944 769 993 ἄριστον
793 949 852 987 μὲν
876 942 984 993 ὕδωρ.
1032 949 1189 990 Denique
1216 957 1399 987 securo,
1425 945 1516 988 quod
1541 945 1630 978 curis

280 1015 427 1048 exsolvit
452 1018 487 1048 et
512 1015 733 1048 sobrietatem
761 1015 902 1057 eximit,
937 1015 1001 1049 nisi
1021 1026 1111 1058 aqua
1135 1014 1284 1047 additur.
1336 1012 1434 1045 Unde
1458 1016 1552 1044 recte
1577 1012 1628 1044 vi-

280 1079 342 1113 des
377 1083 450 1113 est
483 1080 688 1114 collocatum
726 1083 804 1124 post
835 1079 901 1113 hoe
938 1079 1166 1120 adiectivum,
1203 1078 1246 1112 cs.
1272 1078 1363 1112 dicta
1394 1077 1438 1112 ad
1461 1078 1489 1120 Ι,
1516 1080 1548 1120 1,
1571 1079 1627 1112 34.

279 1146 373 1179 Male
398 1145 456 1180 alii
479 1145 514 1178 in
539 1146 640 1178 finem
666 1145 861 1178 reiecerunt
894 1145 1053 1188 copulam
1087 1147 1207 1176 contra
1241 1144 1387 1187 optimos
1410 1143 1536 1184 libros,
1572 1142 1630 1174 alii

278 1212 380 1255 piane
406 1212 592 1246 eiecerunt.
617 1229 664 1235 —
690 1211 734 1245 V.
761 1212 808 1243 47
832 1220 907 1252 sqq.
955 1209 1079 1243 Rura
1104 1209 1258 1242 ferunt
1283 1219 1464 1242 messes.
1513 1207 1629 1240 Mutat

278 1287 368 1310 nuuc
394 1277 594 1318 orationem,
619 1286 661 1310 ne
686 1276 814 1309 diutius
837 1275 958 1309 eadem
981 1276 1200 1309 continuetur
1224 1274 1345 1308 forma.
1395 1274 1520 1316 Neque
1545 1282 1628 1307 vero

276 1344 470 1387 praesentia
503 1353 552 1386 pr.
580 1342 776 1385 praeteritis
809 1342 939 1385 posita,
975 1345 1014 1374 ut
1041 1341 1363 1375 WUNDERLlcums
1393 1342 1531 1380 censet,
1566 1337 1628 1372 sed

276 1420 354 1443 cum
383 1412 461 1442 ante
486 1409 673 1442 narraverit
697 1412 736 1441 ut
760 1418 862 1452 poma
886 1411 983 1450 sata,
1016 1407 1106 1441 horti
1132 1408 1235 1448 culti,
1260 1407 1337 1439 vina
1360 1414 1523 1448 expressa
1548 1413 1627 1437 rure

278 1475 347 1510 sint
373 1478 528 1520 primum,
553 1485 642 1509 nunc
667 1475 803 1519 pergit=
829 1485 887 1508 rus
913 1480 977 1517 est,
1002 1475 1058 1507 cui
1086 1474 1294 1507 frumentum
1319 1473 1435 1514 debes,
1461 1472 1519 1505 ubi
1543 1482 1627 1516 apes

276 1545 484 1578 mellificant.
509 1562 556 1568 -
601 1553 748 1576 annua
780 1546 905 1576 terra
931 1540 962 1574 h.
989 1552 1019 1575 e.
1046 1541 1240 1584 quotannis.
1287 1550 1454 1581 comas,
1492 1540 1625 1581 aristas,

275 1610 383 1644 veluti
408 1611 516 1644 Ovu).
542 1609 675 1643 Amorr.
698 1608 762 1650 III,
788 1611 845 1649 10,
872 1610 936 1641 11:
978 1607 1101 1639 Prima
1128 1609 1227 1639 Ceres
1259 1605 1381 1639 docuit
1406 1618 1520 1638 semen
1545 1612 1628 1639 tur-

274 1687 415 1721 gescere
439 1675 476 1706 in
501 1674 618 1720 agris,
655 1673 763 1707 Falce
799 1673 978 1707 coloratas
1008 1672 1257 1719 subsecuitque
1282 1684 1410 1706 comas.
1433 1691 1481 1697 ·—-
1517 1674 1627 1706 Porro

275 1743 395 1776 levis
428 1741 545 1785 apis,
578 1739 734 1782 mobilis,
769 1740 880 1782 agilis.
906 1757 953 1764 —
987 1749 1126 1773 verno
1152 1740 1303 1781 alveo,
1339 1749 1415 1772 cum
1440 1738 1482 1771 ab
1507 1738 1626 1780 aequi—

275 1808 391 1842 noctio
425 1817 532 1841 verno
563 1817 646 1851 apes
681 1808 877 1840 mellificare
910 1807 1122 1851 inciperent,
1160 1811 1198 1839 ut
1234 1806 1460 1839 COLUMELLA
1495 1804 1538 1838 de
1569 1804 1626 1838 Re

273 1875 375 1908 Rust.
402 1874 464 1915 IX,
491 1875 546 1907 14.
573 1873 687 1907 docet.
735 1873 904 1906 Similiter
929 1873 1058 1906 Graeci
1089 1882 1230 1905 vernum
1255 1872 1323 1904 mel
1349 1873 1625 1911 commemorant,

274 1940 318 1974 cf.
345 1939 598 1974 annotationem
624 1942 774 1972 nostram
808 1938 851 1972 ad
878 1939 988 1973 Pmn.
1013 1938 1153 1980 Fragm.
1178 1936 1310 1980 Dithyr.
1336 1949 1370 1981 p.
1395 1939 1477 1970 618.
1527 1935 1624 1970 Adde

275 2007 514 2039 GEBHARDUM
541 2004 572 2038 h.
598 2006 620 2038 l.
671 2005 833 2038 Ceterum
865 2006 1018 2039 Vossms
1053 2016 1131 2038 eum
1166 2006 1375 2037 GEBHARDO
1403 2013 1485 2035 rure
1519 2014 1624 2035 veruo

273 2071 482 2114 iungendum
508 2070 702 2113 contendit,
728 2081 929 2115 comparans
954 2071 1095 2103 aestiva
1120 2069 1229 2103 tellus
1259 2070 1396 2103 Smwc.
1422 2067 1515 2101 Med.
1540 2070 1624 2101 759.

274 2141 311 2170 et
334 2137 422 2181 iuga
445 2136 544 2171 verni
568 2137 736 2182 Hymetti
761 2139 903 2172 VALER.
926 2138 1059 2172 chc.
1080 2139 1123 2180 V,
1141 2140 1222 2171 343.
1260 2136 1425 2179 Sequitur
1448 2134 1622 2169 BAcfflus.

274 2203 429 2238 Frustra.
488 2204 567 2238 Vox
593 2214 696 2236 rure
721 2213 839 2236 carere
864 2202 918 2236 hic
943 2203 1046 2236 debet
1072 2201 1244 2247 epitheto,
1281 2204 1320 2234 ut
1345 2212 1376 2234 v.
1399 2202 1456 2233 47.
1481 2202 1540 2234 59.
1565 2200 1621 2232 61.

274 2269 412 2305 factum.
461 2271 591 2306 Verum
627 2270 732 2312 dicis,
766 2273 804 2303 ut
831 2272 927 2303 recte
958 2278 1080 2302 vernus
1114 2268 1181 2302 dici
1207 2268 1315 2312 possit
1339 2267 1476 2308 alveus,
1512 2267 1621 2297 status

272 2337 361 2370 alvei
396 2338 495 2371 simul
530 2348 672 2372 necesse
708 2341 762 2371 est
797 2338 885 2370 alius
921 2337 968 2371 sit
1002 2347 1084 2369 vere
1119 2346 1220 2379 quam
1257 2334 1367 2368 hieme
1406 2337 1442 2367 et
1477 2334 1618 2365 aestate.

274 2402 406 2443 Audio;
431 2407 532 2446 atque
556 2405 603 2436 ita
628 2407 691 2437 est.
743 2402 832 2436 Nam
857 2413 939 2436 vere
964 2413 1092 2437 vacuus
1119 2407 1171 2436 est
1196 2406 1230 2436 et
1254 2401 1373 2441 inanis,
1395 2397 1485 2440 quod
1509 2399 1619 2441 ipsum

275 2469 397 2514 probat
422 2477 524 2512 poeta
549 2471 582 2503 in
607 2470 765 2513 sequenti
791 2480 890 2504 versu
923 2470 1039 2504 dicens
1065 2470 1301 2513 Compleat
1326 2470 1371 2500 ut
1398 2466 1439 2499 fa
1450 2475 1547 2506 vos,
1585 2469 1620 2499 et

276 2536 499 2570 corum-:rm
528 2537 570 2570 ‹le
595 2538 649 2571 Re
672 2538 772 2571 Rust.
793 2537 854 2579 IX,
880 2539 935 2571 14.
985 2538 1196 2571 FRUTssmth
1222 2546 1344 2567 vernos
1369 2532 1532 2574 coniecit,
1559 2532 1618 2566 sed

275 2604 560 2649 vernumflorem
587 2608 688 2649 poeta
714 2604 827 2649 paullo
852 2608 929 2648 post
955 2616 984 2638 v.
1009 2606 1066 2638 59.
1093 2601 1216 2637 laudat.
1246 2618 1289 2624 -
1327 2601 1480 2634 tiores.
1535 2598 1616 2633 Vul-
