1721 2953
629 112 874 155 TIBULLl.
1240 125 1420 152 mxxxix

74 233 309 273 certissime.
365 231 414 269 In
445 243 528 282 quo
558 227 673 270 vides
701 228 850 268 iterum
879 229 1095 281 specialem
1123 228 1297 267 formam
1329 241 1421 266 sen—

72 309 226 348 tentiae
264 307 460 347 continuo
500 305 692 345 substitui
733 305 924 357 ampliori
965 319 1040 358 per
1078 305 1321 345 brevitatem
1362 302 1422 342 di-

73 383 215 435 cendi3
256 381 369 436 quod
399 395 493 422 cum
522 394 607 421 non
643 389 750 421 esset
783 381 1135 428 animadversum,
1172 380 1290 420 latuit
1326 393 1423 419 vera

72 461 178 500 ratio
221 459 316 497 loci.
400 457 597 496 Diximus
646 455 696 495 de
748 457 1023 508 oppositione.
1114 458 1229 496 Alter
1275 454 1423 495 modus

74 532 316 575 transeundi
349 547 426 586 per
461 532 817 573 continuationem
854 540 932 582 est,
977 532 1026 572 de
1057 547 1142 586 quo
1173 533 1319 572 similia
1351 532 1425 571 ob-

73 623 238 650 servare
277 609 385 648 licet.
463 608 684 648 Transitur
721 609 873 660 passim
913 607 964 648 ad
1007 609 1132 647 alium
1172 609 1309 648 locum
1348 620 1426 659 per

74 687 264 737 copulam
308 698 402 724 cum
448 684 616 736 speciali
659 684 884 734 sententia,
943 684 1017 723 ubi
1058 683 1275 724 iuncturae
1318 684 1425 722 ratio

73 759 319 811 generaliori
341 760 488 799 nititur
508 759 729 810 sententia,
757 773 810 798 ex
833 758 1166 798 antecedentibus
1186 756 1427 810 repetenda.

73 833 141 874 Sic
170 835 209 884 Ι,
239 839 286 884 2,
319 838 392 875 15:
436 835 491 874 Tu
524 849 668 888 quoque
696 849 741 874 ne
771 835 897 874 timide
925 834 1117 883 custodes,
1155 834 1286 882 Delia,
1317 831 1429 884 falle,

73 918 155 949 est:
187 918 226 949 te
254 923 422 964 quoque
449 911 650 961 obtestor,
681 924 733 949 ne
755 910 875 949 falle:
907 923 999 949 cum
1023 908 1068 948 in
1093 907 1427 948 antecedentibus

75 983 127 1024 ad
156 985 322 1025 ianuam
352 999 494 1038 preces
525 985 744 1032 direxerit,
781 987 1027 1026 observante
1057 985 1116 1024 ibi
1144 984 1264 1024 etiam
1286 984 1428 1024 VVun-

75 1059 296 1110 derlichio,
329 1070 369 1100 et
399 1060 449 1099 ad
478 1061 529 1111 ΙΙ,
559 1064 593 1110 1,
621 1064 709 1110 11.,
743 1069 865 1113 atque
897 1060 1018 1099 etiam
1049 1059 1226 1099 aliorum
1255 1059 1428 1112 scripto-

73 1147 170 1172 rum
217 1135 406 1186 exempla
449 1134 657 1175 laudante.
747 1134 946 1173 Similiter
989 1148 1116 1184 vero,
1172 1133 1285 1186 quod
1324 1133 1430 1184 fugit

74 1209 465 1260 VVunderlichium,
509 1211 630 1249 etiam
659 1211 698 1259 I,
732 1215 774 1260 8,
807 1215 884 1249 27:
927 1211 1008 1251 Nec
1047 1217 1087 1249 m
1122 1209 1282 1262 dgfficr'lis
1313 1224 1430 1262 puero

73 1294 198 1325 tamen
241 1300 317 1324 esse
358 1293 534 1324 memento
580 1284 732 1323 dictum
776 1292 834 1323 est
877 1297 942 1335 pr.
1009 1283 1097 1322 Nee
1141 1290 1185 1322 tu
1229 1297 1329 1334 auge
1375 1297 1427 1322 ex

75 1363 203 1400 altera
232 1367 349 1412 parte
378 1361 531 1398 malum
561 1360 682 1410 pueri
711 1357 876 1398 duritia.
931 1358 1176 1410 Expositum
1209 1358 1346 1396 fuerat
1376 1357 1426 1397 de

74 1436 240 1476 miseria
280 1435 403 1488 pueri
442 1436 486 1474 in
526 1432 882 1483 antecedentibus,
929 1441 969 1473 et
1004 1432 1119 1474 vides
1160 1433 1296 1472 statim
1335 1447 1429 1485 spe-

74 1511 220 1550 cialem
254 1511 498 1550 sententiam
533 1510 576 1548 in
611 1523 830 1562 progressu
863 1509 1062 1561 positam,
1105 1510 1295 1560 copuJam
1329 1521 1429 1548 vero

73 1587 223 1626 referri
269 1600 417 1626 revera
466 1583 517 1625 ad
567 1585 863 1636 generaliorem
914 1584 958 1623 in
1009 1584 1175 1636 speciali
1222 1585 1430 1623 latentem.

73 1661 140 1701 Ad
181 1662 414 1712 generalem
449 1661 494 1699 in
534 1659 869 1699 anteced-entibus
911 1672 1146 1711 expressam
1187 1658 1431 1697 sententiam

74 1739 260 1776 refertur
290 1736 413 1774 etiam
446 1735 642 1773 transitus
676 1748 752 1786 per
782 1748 877 1772 nunc
909 1735 945 1783 I,
976 1738 1020 1783 3,
1048 1738 1138 1783 23„
1176 1732 1226 1772 de
1259 1747 1342 1785 quo
1373 1734 1432 1773 ibi

77 1813 246 1852 dictum.
303 1812 440 1864 Atque
473 1810 573 1848 haec
610 1810 822 1849 hactenus.
843 1831 901 1839 ·-—
957 1810 1126 1849 Alterum
1158 1823 1285 1860 genus
1315 1810 1430 1848 loco-

75 1903 188 1938 rum,
220 1900 323 1941 quos
352 1886 419 1926 hic
445 1885 658 1936 examino,
687 1883 790 1924 illud
821 1892 899 1933 est,
930 1884 1003 1924 ubi
1028 1885 1070 1924 in
1096 1885 1233 1925 verbis
1259 1885 1429 1925 omnino

76 1977 163 2003 non
199 1963 376 2002 habetur
413 1959 526 2015 quod
564 1959 761 2000 transitus
797 1960 1000 1999 rationem
1037 1959 1225 2000 distincte
1263 1959 1428 2010 inclinet,

74 2041 119 2079 in
149 2039 274 2078 rebus
304 2046 440 2077 autem
475 2049 718 2089 progressus
752 2043 792 2075 et
826 2049 959 2075 nexus
991 2034 1166 2094 idoneus
1196 2035 1429 2089 deprehen-

77 2113 209 2165 ditur,
250 2122 296 2153 ut
330 2112 480 2153 sentias
510 2121 619 2152 recte
655 2110 1013 2162 antecedentibus,
1054 2112 1168 2165 quod
1203 2113 1433 2163 subiicitur,

77 2189 309 2232 succedere.
381 2188 590 2238 Quorsum
629 2203 730 2229 vero
770 2189 924 2241 sprevit
963 2191 1159 2229 transitus
1198 2188 1433 2230 formulas?

77 2269 255 2320 Propter
288 2266 391 2315 vim,
436 2266 515 2305 aio.
585 2265 738 2316 Magna
777 2265 887 2304 enim
926 2273 966 2304 et
1005 2265 1164 2317 egregia
1196 2266 1259 2306 vis
1294 2274 1355 2306 est
1387 2266 1432 2305 in

77 2344 141 2383 his
181 2341 365 2394 abruptis
403 2340 531 2380 initiis
572 2353 778 2380 novorum
813 2341 1001 2380 locorum
1035 2349 1074 2380 et
1105 2342 1299 2394 partium.
1365 2342 1432 2383 Sic

78 2418 119 2467 Ι,
151 2422 198 2469 3,
229 2422 296 2457 35.
339 2431 432 2456 cum
474 2415 594 2455 dicit:
653 2416 779 2469 Quam
820 2417 908 2454 bene
947 2416 1110 2456 vivebant
1146 2418 1309 2457 Saturno
1350 2432 1435 2468 rege

82 2500 177 2541 cet.‚
215 2506 346 2533 nexus
376 2505 514 2532 rerum
550 2498 706 2542 certus3
750 2490 922 2543 opponit
953 2492 1061 2530 enim
1091 2492 1280 2532 miseriae
1312 2507 1434 2546 prae-

81 2567 211 2615 senti,
267 2567 447 2619 querelis
494 2575 533 2606 et
576 2566 768 2619 precibus
812 2565 1148 2608 antecedentibus
1193 2567 1434 2616 declaratae,
