1721 2953
320 164 399 198 374
625 158 992 201 (fimum-:Nune
1024 162 1078 200 lx
1113 163 1336 203 'lflss't‘LLl

324 289 402 311 mu<
429 275 559 308 confert
592 274 699 306 VmG.
729 274 809 306 Aen.
837 274 894 316 lv,
921 277 1007 308 487:
1045 277 1142 307 llaec
1177 288 1211 308 se
1245 275 1457 309 carminibus
1483 277 1661 321 promillt't

321 343 450 375 wlfere
489 345 637 375 mentes,
677 340 777 383 Quos
816 339 919 376 velit,
959 347 1015 373 ast
1055 341 1137 373 aliis
1177 341 1286 374 duras
1323 343 1508 376 immittere
1545 357 1662 377 curas.

322 412 427 441 Porro
454 406 640 439 labores
664 409 742 438 sunt
767 401 873 444 πόνοι,
899 405 1035 439 dolores
1062 408 1162 440 animi
1184 409 1369 450 graviores,
1397 413 1434 441 nt
1455 414 1597 443 constat.
1616 427 1659 432 —-

322 474 390 505 liic
418 472 595 513 Delius,
623 470 675 504 liic
701 472 773 512 sol,
798 469 851 504 hic
877 472 968 509 dies,
995 477 1031 504 nt
1058 483 1133 505 cum
1160 473 1331 506 Lxx-mmo
1361 475 1532 507 Hic-rmus
1558 476 1661 507 inter-

321 543 483 583 pretatur.
541 538 639 572 Nove
677 523 825 580 dictum3
864 542 974 572 tamen
1012 540 1159 572 dubitari
1195 541 1322 582 nequit.
1380 541 1492 583 Vulgo
1526 541 1663 583 quidem

320 604 499 646 Phoebus,
534 615 600 638 non
625 605 768 647 Apollo,
808 614 869 647 pro
895 605 968 637 sole
998 604 1120 637 dicitur
1145 608 1181 637 ut
1208 610 1359 647 constat,
1398 607 1457 639 sed
1483 608 1548 640 isto
1575 611 1664 639 tem-

322 685 403 718 pore
443 685 462 706 a
501 673 615 705 multis
654 672 867 715 Apollinem,
915 673 1061 705 maxime
1098 672 1252 713 Delium,
1304 683 1364 716 pro
1404 674 1476 706 sole
1514 673 1663 705 habitum

322 744 418 775 scito.
444 760 489 765 -—
524 740 751 780 Fulserit‚
777 744 872 772 ortus
898 740 961 781 sit,
987 741 1140 780 venerit,
1165 740 1297 773 adiecta
1323 741 1493 773 felicitatis
1516 742 1663 782 notione,

322 821 362 842 ac
401 811 575 851 comparat
611 807 930 840 WUNDERLlcums
967 806 1090 840 Catull.
1118 807 1212 848 vm,
1237 810 1282 840 3:
1322 807 1466 839 Fal-cere
1493 808 1666 853 quondam

323 873 464 906 vandali
484 871 548 903 tibi
567 871 665 905 soles.
715 872 869 914 Denique
895 873 1048 905 niveis
1072 873 1267 905 alitibus
1292 872 1322 906 Ιι.
1348 884 1377 906 e.
1403 875 1515 907 fausto
1542 876 1662 909 omine.

321 944 428 974 0511).
461 941 592 974 Amorr.
624 939 669 981 II,
703 942 759 981 12,
793 942 835 972 2:
881 940 1004 971 Omina
1039 952 1107 972 non
1148 938 1248 971 albae
1293 940 1519 974 concinuistis
1573 954 1667 975 (ti-ev.

324 1008 392 1040 lam
417 1016 535 1041 sensus
559 1005 779 1050 pentametri:
805 1005 895 1038 bono
923 1006 1035 1038 omine
1065 1004 1117 1038 liic
1143 1005 1214 1038 dies
1239 1010 1378 1038 exortus
1404 1008 1465 1048 sit,
1490 1009 1534 1040 sit
1558 1009 1666 1041 laetus

323 1073 406 1106 dies.
455 1072 546 1105 Mire
570 1072 721 1105 Vossws
748 1072 859 1103 locum
891 1071 1001 1114 cepit:
1040 1071 1162 1103 Veniat
1197 1072 1319 1114 Apollo
1346 1071 1480 1114 fulgens
1505 1073 1537 1105 in
1565 1084 1665 1107 curru

324 1140 439 1181 Qenis
465 1143 597 1179 tracto,
635 1138 830 1180 excitetque
864 1147 925 1169 nos
957 1137 998 1169 ad
1035 1141 1179 1170 cantum.
1230 1139 1328 1172 Quae
1354 1149 1418 1171 non
1443 1150 1529 1183 opus
1554 1145 1606 1173 est
1631 1146 1669 1175 ut

325 1206 520 1239 refutemus.
544 1224 588 1229 —-
627 1205 666 1238 V.
695 1207 739 1236 10
763 1215 836 1247 sqq.
875 1210 1011 1246 neget
1039 1215 1085 1237 se
1112 1205 1328 1238 comitem.
1370 1206 1509 1240 vAnssn.
1536 1208 1668 1241 chc.

325 1273 384 1312 Ill,
411 1274 498 1305 698:
538 1283 585 1304 an
617 1282 688 1303 sese
723 1269 877 1301 comitem
905 1276 980 1301 tam
1013 1268 1178 1302 tristibus
1205 1270 1296 1302 actis
1329 1269 1497 1316 abneget,
1530 1283 1669 1316 compa-

325 1342 420 1372 rante
451 1338 602 1371 Vunmo.
653 1338 789 1370 Omisso
826 1338 1023 1381 pronomine
1057 1338 1201 1372 Honvr.
1227 1338 1254 1379 l,
1281 1341 1336 1379 35,
1362 1341 1427 1372 22:
1470 1351 1531 1371 nec
1566 1340 1668 1372 comi-

326 1409 394 1434 tem
419 1401 585 1446 abnegat.
634 1402 698 1434 Est
723 1406 835 1434 autem
862 1402 968 1443 dux,
995 1406 1032 1434 ut
1053 1402 1158 1442 vides,
1183 1404 1347 1444 magister
1368 1404 1502 1436 bibendi
1529 1410 1562 1437 et
1587 1416 1667 1438 con-

326 1469 401 1501 vivii
426 1478 497 1501 rex.
525 1485 568 1491 —
607 1468 695 1500 vini
729 1472 977 1510 certamen,
1013 1470 1320 1512 compotationem,
1355 1473 1393 1502 ut
1417 1469 1528 1501 iaculi
1553 1477 1667 1502 certa-

326 1533 420 1565 mina
457 1534 604 1567 Vnum.
639 1534 769 1574 Georg.
803 1533 848 1574 11,
882 1535 974 1574 530,
1019 1539 1194 1566 certamen
1230 1532 1367 1566 bibendi
1401 1535 1554 1568 Pmmus
1590 1536 1671 1570 dicit

328 1599 490 1640 XXXVI,
514 1601 572 1639 21,
598 1600 654 1631 fin.
680 1616 725 1621 —
767 1598 890 1638 mite,
931 1597 988 1629 ubi
1023 1607 1089 1629 non
1124 1599 1240 1631 insane
1272 1603 1421 1632 certatur
1453 1600 1601 1637 bibendo
1636 1608 1670 1634 et

328 1663 461 1697 modica
485 1674 526 1696 ac
559 1662 750 1696 verecunda
775 1666 827 1695 est
852 1663 1072 1705 compotatio.
1121 1663 1175 1695 At
1200 1675 1241 1694 ne
1268 1663 1347 1708 quis
1372 1665 1495 1697 modici
1520 1669 1671 1699 transsi-

326 1731 395 1763 liat
419 1741 565 1763 munera
583 1728 701 1763 Liberi
722 1730 918 1761 Centaurea
938 1735 1051 1761 monet
1075 1740 1151 1760 cum
1169 1729 1336 1773 Lapithis
1356 1730 1436 1763 rixa
1455 1744 1561 1776 super
1582 1745 1672 1767 mero

329 1795 530 1833 Debellata,
555 1797 602 1829 nit
627 1795 770 1830 Honm.
796 1795 823 1837 I,
851 1797 904 1836 18,
930 1799 962 1827 7.
979 1814 1024 1819 —
1051 1796 1092 1830 V.
1116 1798 1158 1829 13
1183 1807 1256 1839 sqq.
1306 1797 1393 1832 Ille
1417 1798 1529 1833 facit
1554 1801 1673 1835 dites

327 1865 505 1898 animos.
555 1863 642 1897 Cum
676 1862 852 1905 sequentia
880 1872 921 1894 eo
956 1862 1096 1895 redeant
1127 1863 1326 1904 manifesto,
1359 1868 1396 1897 ut
1420 1867 1672 1900 mansuefacere

328 1931 459 1964 dicatur
482 1932 611 1964 animos
637 1931 763 1970 Amor,
799 1929 909 1962 aliena
937 1933 989 1963 est
1013 1929 1097 1963 haec
1121 1930 1288 1963 sententia
1312 1932 1516 1974 praemissa,
1553 1938 1672 1976 postu-

330 1999 444 2040 latque
469 2007 524 2030 res
549 1997 623 2040 ipsa
648 1999 686 2028 ut
711 1995 812 2028 mites
837 1996 992 2038 legamus
1024 2007 1076 2040 pr.
1102 1995 1212 2032 dites,
1249 1997 1340 2039 quod
1365 1997 1515 2031 oblatum
1541 1998 1573 2031 in
1600 1998 1672 2031 Ex-

329 2062 455 2105 cerptis
490 2061 607 2094 Ln‘sn
643 2060 828 2104 probarunt
862 2060 1032 2093 Hermus
1069 2065 1103 2094 et
1135 2061 1178 2094 ad
1213 2061 1334 2094 Horat.
1366 2062 1410 2104 Il,
1435 2064 1467 2104 4,
1491 2065 1527 2096 2.
1574 2063 1672 2096 Μιτ-

330 2136 592 2160 scussnmcmus
615 2130 650 2159 et
668 2136 775 2170 nuper
793 2125 923 2169 recepit
944 2126 1103 2159 Vossms.
1153 2126 1358 2168 obloquitur
1375 2127 1509 2169 quidem
1529 2127 1675 2161 Huscu-

333 2204 433 2235 xnus,
459 2202 590 2226 comma
616 2191 658 2225 ad
680 2191 853 2226 Bacchum
877 2192 1047 2234 referens,
1073 2203 1173 2235 quem
1197 2197 1331 2226 constat
1356 2193 1445 2226 dites
1470 2194 1597 2227 animos
1623 2195 1676 2227 fa-

331 2269 429 2300 cere,
455 2258 498 2293 cf.
525 2246 683 2292 Pmn'm.
708 2259 845 2302 Fragm.
870 2261 989 2294 incert.
1015 2269 1066 2293 nr.
1091 2262 1172 2292 136.
1197 2259 1311 2302 ibique
1335 2261 1586 2292 annotationem
1611 2269 1673 2291 no-

331 2330 434 2359 stram
469 2336 548 2369 pag.
575 2328 656 2358 671.
714 2324 801 2360 Esse
835 2326 939 2369 igitur
971 2325 1030 2358 ille
1056 2325 1184 2358 -ille
1219 2336 1270 2369 pr.
1305 2325 1399 2358 alter
1419 2344 1463 2350 —
1489 2325 1601 2367 alter,
1641 2331 1675 2359 et

332 2391 489 2434 componi
522 2391 609 2423 inter
642 2401 679 2424 se
709 2389 882 2424 Bacchum
916 2395 951 2424 et
986 2392 1157 2424 Amorem.
1210 2391 1254 2424 At
1288 2391 1377 2424 enim
1410 2390 1552 2434 primum
1587 2400 1674 2432 quae

334 2456 442 2499 posita
466 2456 499 2489 in
525 2456 590 2489 fine
617 2457 681 2489 loci
707 2461 806 2490 sunt:
834 2459 935 2489 Haec
961 2457 1073 2490 Amor
1098 2463 1134 2489 et
1160 2456 1296 2489 maiora
1321 2455 1428 2497 valet,
1452 2457 1532 2488 satis
1558 2461 1672 2489 osten-

333 2521 416 2554 dunt
450 2526 558 2555 totum
593 2523 636 2555 ad
669 2534 771 2556 unum
809 2525 969 2557 Amorem
1004 2524 1185 2568 pertinere.
1235 2522 1364 2555 Deinde
1389 2521 1468 2564 quid
1500 2532 1585 2554 ininc
1611 2521 1673 2553 sibi

334 2589 405 2620 vult
440 2586 522 2620 llaec
556 2590 749 2622 sententia?
799 2591 882 2623 Vult
919 2597 1019 2635 poeta
1051 2600 1151 2623 curas
1183 2588 1306 2621 amoris
1333 2588 1458 2626 levari,
1496 2587 1673 2620 exhilarari

334 2652 461 2685 animos
486 2653 583 2693 sino,
617 2656 651 2685 at
680 2653 767 2687 dites
793 2654 905 2688 facere
929 2654 1098 2688 Bacchum
1126 2652 1204 2696 quid
1231 2652 1283 2686 hic
1309 2652 1351 2685 ad
1379 2663 1447 2685 rem
1460 2654 1479 2685 ’Β
1529 2654 1578 2686 Ac
1604 2657 1673 2686 tota
