1721 2953
467 159 611 199 LIBR.
640 157 715 199 1V.
774 157 942 200 CARM.
972 160 1025 200 II.
1336 164 1415 203 431

74 274 321 307 animadvertas
345 273 494 306 studium
520 271 729 315 elegantiae,
765 271 824 304 sed
850 276 970 317 sponte
1001 273 1112 307 omnia
1137 273 1298 309 decenter
1326 277 1418 312 fiant.

75 342 216 374 Confert
242 341 412 374 Harmas
438 339 579 374 Quintil.
600 338 635 380 I,
661 340 726 380 11,
751 342 858 371 extu:
894 340 1016 385 Neque
1050 339 1140 373 enim
1172 347 1312 386 gestum
1337 354 1422 375 ora-

76 406 163 439 toris
189 405 344 450 componi
367 405 416 437 ad
442 404 706 438 similitudinem
738 404 944 438 saltationis
970 405 1066 444 volo,
1098 406 1160 439 sed
1183 406 1322 441 subesse
1349 409 1419 441 ali-

74 472 162 518 quid
194 483 237 504 ex
275 471 343 503 hac
381 471 629 503 exercitatione
660 468 812 514 puerili,
862 470 952 502 uncle
994 484 1056 504 nos
1093 484 1162 505 71on
1198 472 1238 504 id
1275 480 1420 519 agentes
1467 489 1471 492 ·

64 538 202 584 furtim
228 538 328 570 decor
354 537 413 569 ille
440 535 652 570 (liscentilms
684 536 843 569 traditus
863 544 1113 583 prosequatur.
1139 559 1184 564 —
1232 541 1275 576 V.
1298 544 1319 587 9
1345 552 1418 584 sqq.

74 604 162 636 Seu
196 603 339 636 solvit
371 604 523 636 crines
554 606 620 637 cet.
682 601 839 635 Notanda
871 604 1069 637 suavissima
1095 603 1178 639 haec
1205 608 1419 650 repetitionis

73 674 108 702 et
131 671 360 703 conversionis
387 671 514 712 figura,
545 675 705 714 usurpata
730 669 865 712 saepius
885 669 1097 704 Pnommwo
1123 676 1159 705 ut
1182 673 1226 714 ll,
1247 675 1278 714 1,
1296 676 1317 706 5
1333 684 1420 716 sqq„

75 734 128 776 ΙΙ,
153 738 195 777 3,
220 738 276 769 43.
304 738 359 769 44.
384 739 441 778 26,
466 739 522 770 28.
556 737 717 780 imprimis
754 747 835 769 vero
870 737 1004 770 Ovlmo
1041 738 1272 781 frequentata,
1316 751 1417 782 quem

72 802 353 836 Bnoncxnnsms
377 803 463 836 adeo
488 804 631 846 primum
657 803 819 836 credebat
844 814 883 836 ea
909 814 1016 838 usum.
1066 805 1154 839 Vide
1179 817 1209 839 v.
1230 817 1258 839 c.
1283 807 1416 840 Amorr.

72 868 116 908 11,
134 871 167 908 5,
182 871 239 901 43.
258 871 314 901 44.
343 869 414 901 Art.
431 869 504 902 Am.
521 868 548 909 I,
569 871 646 902 195.
670 871 748 901 196.
774 868 819 909 11,
837 871 1006 903 199-201.
1032 873 1202 903 297-300.
1229 873 1310 904 303.
1333 873 1414 904 304.

72 935 234 968 Ceterum
259 935 349 977 quod
372 935 527 968 Tibullus
552 936 585 968 in
608 935 885 969 antecedentibus
909 937 1110 970 carminibus
1131 938 1200 970 suis
1221 936 1283 971 hac
1306 939 1417 980 figura

71 1010 136 1033 uon
163 1005 216 1033 est
239 1011 339 1043 usus,
365 1012 406 1034 eo
432 1012 498 1034 non
524 1012 730 1046 magnopere
753 1003 928 1046 offendor3
954 1006 1065 1049 aptior
1087 1010 1138 1038 est
1162 1007 1194 1039 in
1219 1007 1277 1039 tali
1304 1006 1416 1050 lepida.

70 1068 187 1110 poesi,
216 1079 316 1110 quam
341 1068 397 1101 ubi
423 1069 592 1102 incitatior
617 1074 738 1112 regnat
764 1071 917 1104 affectus.
967 1072 1018 1105 Ac
1042 1083 1084 1105 ne
1110 1083 1197 1106 nunc
1221 1072 1356 1115 quidem
1381 1073 1414 1105 in

71 1137 180 1178 primo
214 1146 314 1169 versu
341 1136 473 1170 distichi
506 1137 718 1180 repetitionis
751 1139 861 1179 legem
896 1144 1054 1172 accurate
1079 1140 1291 1181 observavit,
1328 1140 1416 1173 male

71 1201 161 1234 enim
195 1201 405 1234 Huscnxms
440 1202 604 1235 coniecit:
643 1204 711 1234 Seu
740 1202 849 1247 fudit
885 1204 1016 1241 crines,
1054 1206 1114 1239 sed
1149 1207 1269 1239 leviter
1306 1207 1415 1249 tangit

70 1266 224 1308 figuram.
281 1267 369 1300 Vide
402 1268 680 1300 Dissertationem
713 1268 756 1301 de
790 1268 994 1303 Elocutione
1025 1272 1164 1305 Tibulli.
1191 1292 1236 1297 —
1284 1284 1416 1306 vene-

68 1332 231 1374 randa,
275 1330 398 1365 πότνια
431 1334 706 1377 interpretantur.
777 1336 940 1369 Percellit
974 1342 1122 1379 augusta
1156 1339 1272 1382 specie
1307 1340 1416 1372 ornati

69 1397 188 1439 capitis
221 1398 315 1438 quasi
350 1397 447 1430 deam
477 1398 604 1432 videas.
655 1399 816 1432 Ceterum
844 1401 1003 1434 Vunrms
1031 1403 1145 1435 laudat
1170 1405 1308 1438 PLAUT.
1335 1405 1416 1437 Μο-

68 1465 155 1498 stell.
181 1465 216 1506 I,
240 1468 282 1506 3,
308 1467 372 1498 17:
412 1464 554 1498 Virtute
571 1465 715 1510 formae
740 1464 778 1496 id
802 1466 936 1502 evenit,
969 1473 1004 1498 te
1029 1474 1070 1499 ut
1097 1468 1217 1500 deceat
1244 1469 1419 1515 quidquid

68 1530 212 1566 habeas.
234 1550 281 1555 —
329 1530 415 1564 Mox
441 1530 483 1564 de
508 1531 630 1574 palla
655 1531 855 1564 feminarum
881 1532 1022 1575 exponit
1046 1533 1266 1567 Bon'r'rlossrt
1295 1536 1414 1569 Sabin.

67 1598 120 1638 Π,
146 1600 226 1630 140.
276 1598 344 1632 Qui
370 1601 482 1630 tamen
514 1599 601 1630 male
632 1598 674 1630 ad
700 1599 861 1630 amictum
891 1609 964 1631 eam
996 1599 1121 1640 refert,
1156 1601 1244 1633 conf.
1270 1606 1416 1634 annota-

65 1662 193 1694 tionem
221 1665 368 1694 nostram
403 1661 445 1693 ad
478 1661 511 1702 I,
533 1665 566 1702 7,
591 1663 648 1695 46.
672 1679 719 1684 -—
767 1662 934 1703 voluit,
969 1664 1095 1705 placuit
1120 1665 1162 1697 ei.
1188 1683 1233 1689 —
1283 1667 1415 1700 nivea

66 1731 212 1768 veste,
246 1727 359 1759 tunica
384 1726 544 1768 candida,
579 1728 620 1760 cf.
648 1728 674 1769 l,
698 1731 731 1769 8,
757 1731 812 1761 13.
861 1728 959 1761 Hanc
984 1730 1093 1763 solum
1120 1731 1284 1772 gerebant
1311 1733 1414 1775 domi,

66 1792 190 1834 pallam
225 1791 478 1835 superindutam
516 1791 684 1825 habebant
718 1793 750 1825 in
788 1793 959 1836 publicum
994 1799 1168 1831 exeuntes.
1233 1798 1414 1833 Cumulate

66 1868 147 1892 vero
173 1858 259 1891 dixit
283 1857 385 1891 nivea
410 1858 580 1896 candida,
613 1860 836 1903 oppositionis
862 1862 1066 1894 nervosioris
1091 1873 1214 1905 causa,
1246 1868 1284 1897 ut
1309 1876 1412 1908 saepe

65 1925 229 1957 monitum
264 1928 316 1956 est
345 1935 457 1967 supra.
485 1942 528 1948 —
589 1925 735 1965 venit,
771 1925 804 1957 in
839 1930 1058 1969 conspectum
1091 1929 1201 1970 venit,
1240 1933 1277 1961 ut
1309 1941 1413 1973 supra

64 1989 99 2030 I,
125 1991 166 2029 8,
194 1991 248 2021 15.
308 1989 466 2022 Ceterum
502 1987 604 2021 nivea
638 1996 733 2022 veste
766 1990 901 2027 venire,
943 1993 1054 2037 Ίζγνὶα
1083 1993 1186 2038 palla
1217 1996 1413 2039 procedere,

65 2060 103 2088 ut
139 2057 324 2090 PROPERT.
358 2057 385 2098 Ι,
419 2059 453 2098 2,
487 2059 528 2090 l:
570 2063 695 2088 ornato
724 2058 906 2101 procedere
939 2060 1079 2103 capillo.
1117 2080 1164 2086 —-
1213 2064 1255 2096 V.
1292 2066 1334 2095 13
1360 2075 1411 2106 sq.

66 2121 366 2163 Vertumnus,
408 2123 554 2154 maxime
589 2123 667 2154 olim
703 2123 736 2155 in
770 2123 909 2157 Etruria
941 2127 1071 2168 cultus,
1115 2127 1194 2161 inde
1227 2131 1408 2163 translatus

64 2187 228 2229 Romam,
258 2187 339 2229 fuit,
369 2192 406 2221 ut
431 2188 581 2230 videtur,
609 2189 693 2222 deus
719 2191 795 2222 anni
821 2190 1071 2235 fertilitatisque
1096 2194 1208 2227 variae
1236 2205 1298 2238 per
1322 2199 1410 2229 tem-

66 2263 185 2297 porum
211 2253 312 2295 vices,
338 2253 500 2287 exbibens
523 2255 638 2298 copias
663 2256 791 2288 rurales
817 2256 898 2289 alias
921 2262 1022 2300 atque
1044 2259 1127 2292 alias
1150 2271 1239 2301 vere,
1265 2265 1408 2304 aestate,

65 2322 268 2359 auctumnO,
316 2319 404 2352 unde
439 2324 538 2363 aptus
574 2321 684 2354 dictus
721 2325 773 2355 est
807 2323 838 2355 in
873 2334 989 2357 omnes
1025 2327 1152 2368 figuras
1188 2332 1222 2361 et
1260 2334 1407 2363 ornatus.

63 2384 179 2417 Locus
212 2385 372 2417 classicus
408 2384 450 2418 de
482 2396 522 2418 eo
550 2391 601 2419 est
633 2387 818 2421 Pnovssrvr.
843 2388 903 2430 lv,
929 2391 962 2423 2.
996 2391 1052 2423 ubi
1083 2393 1158 2425 vide
1193 2394 1406 2439 interpretes,

64 2450 161 2483 Adde
188 2451 417 2485 CRuuzssRuM
451 2453 482 2485 in
516 2453 668 2495 Symbol.
691 2454 741 2497 11,
778 2466 810 2498 p.
830 2458 909 2490 958.
945 2462 979 2490 et
1006 2459 1219 2494 Mi'mnununr
1253 2462 1284 2494 in
1321 2463 1404 2496 libro

66 2516 107 2549 de
142 2516 295 2552 Etruscis
331 2519 430 2553 Tom.
452 2519 504 2562 ΙΙ,
540 2532 572 2564 p.
591 2524 648 2554 51.
674 2539 720 2546 -
780 2521 919 2565 felix,
966 2524 1142 2560 distinctus
1176 2526 1239 2561 hac
1273 2539 1328 2568 re,
1370 2533 1405 2561 ut

65 2582 237 2616 Harmas
266 2589 358 2618 recte
389 2590 523 2628 monet,
558 2588 646 2620 inter
671 2590 803 2621 ceteros
829 2587 910 2622 deos
936 2590 1082 2635 Olympi.
1109 2611 1155 2617 —-
1203 2598 1403 2629 aeterno.

63 2647 174 2682 Miror
204 2650 394 2686 Huscfflcro
427 2653 577 2688 arridere
610 2655 789 2689 lectionem
821 2656 962 2692 alteram
996 2660 1206 2702 quorundam
1243 2662 1403 2696 librorum
