1721 2953
425 195 570 238 LIBR.
598 193 672 234 IV.
731 191 900 232 CARM.
931 192 1047 233 XIV.
1321 194 1402 233 463

381 416 499 464 CA
546 418 588 464 R
633 415 764 464 ME
811 416 852 463 N
949 418 1085 465 XI‘V.

63 666 202 726 Miri
239 686 415 731 leporis
453 690 497 719 et
535 685 818 719 urbanitatis
851 683 1148 729 Epigramma.
1207 685 1409 730 Suspicatur

65 753 215 787 Vossius
251 752 406 797 praeludi
441 752 656 796 gravioribus
690 752 810 795 elegiis
847 752 923 784 libri
959 753 1117 794 secundi,
1157 752 1215 786 ubi
1251 753 1408 786 Nemesis

63 821 238 854 avaritiam
264 823 299 853 et
322 819 515 864 superbiam
547 819 671 854 acerbe
705 819 850 861 castigat
874 819 1042 854 Tibullus.
1094 819 1170 853 Non
1196 819 1319 861 cred03
1355 819 1408 852 ni-

62 885 107 920 hil
133 886 242 929 magis
266 886 412 920 alienum
445 886 488 920 ab
521 886 588 920 isto
613 896 729 920 amore
764 885 815 919 his
847 885 1010 920 versibus
1060 885 1115 919 Tu
1148 896 1282 919 mecum
1316 884 1408 926 Gly-

63 962 176 986 ceram
205 953 370 995 intellige.
429 951 654 995 Quidquid
692 956 783 993 est,
819 955 960 996 poeta
994 956 1185 995 peccata
1220 949 1410 984 nondum

61 1020 193 1063 plane
216 1023 341 1054 certa
365 1017 445 1053 hac
471 1020 680 1062 eleganti
705 1019 910 1063 epistola
936 1019 1106 1052 leniter
1131 1018 1300 1062 carpit,
1325 1027 1409 1050 non

60 1085 263 1129 puellae,
288 1084 366 1118 sed
390 1084 559 1117 rumori
583 1093 672 1117 rem
697 1083 923 1116 tribuens.

157 1152 201 1186 V.
226 1154 259 1185 3.
292 1151 491 1184 Crimina
516 1149 654 1185 facta.
701 1150 799 1183 Haec
825 1153 877 1183 est
902 1150 1017 1191 lectio,
1045 1148 1106 1182 sed
1126 1149 1317 1182 emendatio
1338 1158 1405 1182 non

63 1219 162 1262 plane
185 1222 299 1260 certa3
327 1228 405 1251 nam
429 1218 630 1250 Ponan
655 1214 754 1247 iacta
779 1215 945 1257 coniecit,
969 1215 1025 1248 alii
1043 1214 1150 1258 ficta.
1201 1215 1300 1248 Mens
1326 1224 1409 1246 vero

63 1287 186 1326 poetae
220 1285 321 1317 clara.
380 1283 541 1316 Ceterum
575 1282 666 1316 conf.
699 1282 742 1315 de
771 1282 945 1315 locutione
978 1281 1123 1314 crimina
1150 1280 1278 1326 facere
1313 1281 1412 1314 Pno-

63 1359 173 1384 PERT.
199 1349 259 1392 lv,
284 1351 317 1392 4,
343 1351 399 1384 43.
426 1352 462 1383 et
486 1349 686 1382 Rumam.
711 1347 755 1382 ad
783 1347 883 1382 Ovid.
910 1347 982 1382 Art.
1007 1347 1083 1382 Am.
1109 1346 1154 1388 11,
1179 1348 1260 1380 633.
1285 1364 1331 1370 —-

378 1798 674 1840 CARMEN
726 1784 1100 1840 PRIAPEUM

487 1915 597 1955 inter
628 1917 796 1968 Priapea
824 1928 889 1953 nr.
921 1919 987 1955 82.

61 2066 195 2127 Notat
227 2087 437 2120 SCAmGnR:
475 2087 646 2128 „Quidam
673 2087 808 2121 nomine
832 2087 1088 2130 Pnnsmcws,
1125 2088 1182 2131 qui
1207 2089 1328 2122 aerarii
1352 2088 1414 2122 do-

66 2153 182 2187 minici
209 2154 353 2198 primum
380 2157 507 2195 custos,
533 2152 596 2186 hoc
623 2157 675 2186 est
700 2154 925 2198 dispensator,
950 2159 1069 2199 postea
1095 2157 1305 2189 rusticationi
1331 2167 1416 2200 opeu

64 2231 136 2253 ram
169 2221 290 2262 dabat,
328 2219 391 2253 hoc
420 2219 639 2263 Epigramma
672 2220 753 2253 fecit
788 2222 928 2265 Priapo.
977 2223 1079 2258 Quod
1115 2225 1250 2256 nomine
1285 2224 1414 2257 Tibulli

64 2286 99 2318 in
123 2286 272 2328 antiquis
297 2285 424 2318 Tibulli
457 2285 630 2318 codicibus
656 2286 796 2319 inveniri
823 2291 857 2320 et
883 2288 939 2320 alii
965 2288 998 2321 in
1025 2289 1230 2322 editionibus
1256 2291 1326 2323 suis
1352 2290 1415 2323 ad-

67 2354 271 2383 monuerunt
297 2354 331 2383 et
361 2360 422 2383 nos
457 2351 545 2383 inter
570 2361 676 2394 opera
701 2350 892 2384 Tibulliana
918 2352 951 2384 in
976 2354 1103 2397 optima
1130 2354 1254 2388 scheda
1281 2356 1414 2399 reperi-

63 2424 149 2448 mus.
198 2416 325 2449 Dicunt
359 2420 470 2449 tamen
505 2418 656 2451 nonnulli
695 2422 866 2462 repertum
904 2419 937 2452 in
972 2430 1056 2463 agro
1089 2422 1255 2455 Patavino
1295 2423 1414 2455 litteris

64 2486 233 2515 vetustate
267 2493 375 2526 paene
408 2485 627 2527 consumptis,
678 2485 780 2520 Quod
814 2490 926 2518 tamen
960 2497 1027 2520 non
1059 2488 1202 2531 impedit
1238 2488 1318 2530 quin
1351 2488 1413 2520 Ti-

65 2548 149 2581 bulli
174 2560 248 2583 esse
273 2551 417 2594 possit.“
465 2551 552 2585 Vide
577 2552 676 2595 plura
699 2551 787 2595 apud
810 2552 1008 2587 nnumin-N.
1034 2555 1197 2589 Sneum).
1223 2556 1256 2588 in
1278 2554 1414 2588 Anthol.

65 2615 144 2650 Lat.
177 2616 218 2650 T.
249 2617 292 2651 ΙΙ.
330 2630 364 2662 p.
387 2621 468 2652 557.
519 2618 631 2652 Recte
665 2630 746 2652 vero
783 2620 978 2655 abiudicare
1013 2622 1170 2657 videntur
1208 2621 1272 2657 boc
1308 2633 1416 2667 genus

65 2690 210 2724 poeseos
236 2682 376 2718 Tibullo
405 2684 687 2720 Bnoucxrwsws
711 2687 836 2730 aliique
863 2688 1008 2732 plurimi.
