1721 2953
623 105 864 147 TIBULLI.
1300 120 1427 146 cxxix

77 224 218 264 caedes
249 231 289 263 et
314 230 481 274 raptus,
519 233 628 259 mors
659 226 699 259 et
727 225 936 269 senectus,
968 219 1128 273 aliaque
1158 221 1286 259 multa
1316 219 1427 259 simi-

76 302 128 339 lia
155 300 384 341 coniuncta.
440 296 564 335 Dicas
587 309 671 334 non
696 296 816 334 talem
839 295 1040 335 rationem
1064 295 1225 336 distichi
1247 297 1278 347 I,
1298 302 1335 342 8,
1357 300 1427 336 19:

190 374 344 413 Cantus
377 371 521 411 vicinis
552 371 690 421 fruges
719 368 897 410 traducit
930 372 980 409 ab
1012 373 1139 423 agris,

243 446 398 486 Cantus
430 455 470 486 et
497 447 625 486 iratae
658 445 812 485 detinet
846 446 988 497 anguis
1017 448 1110 487 iter.

76 523 232 561 Verum
272 521 483 561 notissima
520 529 634 560 erant
673 522 773 561 haec
806 522 1004 561 miracula
1040 522 1194 574 magiae
1232 530 1270 561 et
1307 529 1430 574 poeta

76 598 236 637 moveri
263 596 359 636 dicit
389 605 512 636 cantu
541 611 646 650 quae
676 597 902 637 immobilia
926 598 1024 647 sint,
1055 597 1237 636 inhiberi
1263 606 1301 636 et
1327 598 1429 636 deti-

79 673 169 711 neri
206 687 312 726 quae
345 674 522 712 maxime
561 673 747 712 mobilia.
817 673 1029 725 Exemplis
1061 673 1267 715 rarissime
1303 674 1432 714 utitur

78 750 286 797 Tibullus,
329 757 376 788 ut
412 749 522 788 infra
560 747 815 797 videbimns3
864 748 936 788 ubi
972 761 1072 788 vero
1113 749 1264 799 utitur,
1309 750 1430 788 etiam

78 824 177 863 haec
212 825 411 863 concinne
443 825 673 876 componit,
713 832 759 862 ut
787 824 818 874 I,
845 824 882 871 4,
911 827 985 863 17:

188 898 332 949 Longa
365 898 449 938 dies
479 899 640 938 homini
670 897 809 938 docuit
838 912 984 951 parcre
1014 899 1179 943 leones,

245 974 390 1026 Longa
423 973 508 1013 dies
540 975 655 1014 molli
687 988 787 1013 saxa
819 973 982 1026 peredit
1012 987 1141 1026 aqua:

188 1049 334 1089 Annus
364 1051 410 1089 in
440 1051 588 1103 apricis
618 1058 797 1089 maturat
827 1050 1002 1088 collibus
1033 1061 1154 1097 uvas,

248 1126 393 1165 Annus
425 1126 506 1177 agit
535 1134 645 1164 certa
675 1125 810 1163 lucida
842 1126 956 1174 signa
984 1124 1087 1164 vice.

81 1199 194 1238 Dicit
225 1208 350 1251 poeta
390 1201 590 1252 paulatim
629 1200 704 1238 sub
743 1200 837 1249 iuga
872 1200 976 1238 colla
1011 1198 1201 1238 daturum
1246 1210 1435 1248 puerum.

82 1275 141 1313 Ac
166 1275 344 1327 primum
374 1275 539 1328 quidem
571 1282 663 1326 apte
692 1273 866 1313 domitos
891 1274 1032 1312 leones
1061 1281 1099 1312 et
1122 1287 1173 1312 ex
1202 1274 1436 1312 inanimatis

82 1351 206 1388 rebus
238 1363 336 1388 saxa
367 1349 525 1388 mollita
555 1363 663 1402 aqua
692 1349 1135 1401 c0n1ponit3cumque
1167 1349 1240 1387 ubi
1269 1347 1318 1386 dc
1349 1349 1438 1386 sru-

81 1438 177 1475 gum
205 1425 487 1473 incrementis,
515 1424 638 1473 flore,
671 1423 902 1462 maturitate
932 1431 1088 1472 e'ermo,
1117 1424 1225 1462 >ultro
1254 1424 1294 1461 in
1322 1437 1437 1461 men-

80 1506 163 1537 tem
202 1500 371 1539 veniant
409 1498 591 1538 siderum
630 1498 677 1538 'in
717 1500 829 1538 caelo
869 1490 982 1538 orfus
1020 1507 1059 1537 et
1091 1512 1278 1548 occasus,
1324 1498 1437 1537 vides

84 1576 206 1614 etiam
242 1578 410 1615 alterius
446 1575 607 1615 distichi
646 1577 833 1615 membra
873 1576 953 1615 sibi
987 1577 1139 1627 optime
1172 1574 1439 1627 respondere.

82 1653 181 1692 Non
211 1654 356 1692 habuit
384 1654 463 1693 hoc
493 1652 768 1692 necessarium
794 1653 1052 1703 Propertius,
1086 1661 1131 1691 ut
1158 1653 1269 1692 infra
1301 1661 1437 1692 osten-

85 1727 205 1777 (lam3
269 1742 379 1767 nunc
424 1741 656 1780 persequor
703 1727 964 1779 propositum
1007 1727 1145 1766 finem.
1237 1728 1439 1767 Dicebam

85 1803 306 1843 diviSiones
349 1802 643 1841 sententiarum
681 1802 726 1840 in
766 1809 905 1854 partes
949 1801 1104 1854 ubique
1148 1802 1290 1842 obvias
1330 1804 1439 1856 apud

85 1880 322 1927 Tibullum,
365 1891 467 1931 quas
506 1878 727 1917 monebam
761 1890 979 1929 nunquam
1017 1877 1252 1917 artificiosas
1284 1892 1369 1918 esse
1403 1889 1442 1919 et

84 1953 315 2005 languidas,
347 1951 419 1992 sed
445 1953 586 1992 faciles
618 1960 657 1991 et·
683 1953 903 2004 perspicua
931 1951 1203 1991 concinnitate
1230 1967 1442 1996 nervosas.

85 2028 330 2069 Videbimus
373 2042 484 2068 nunc
524 2036 572 2067 ut
611 2027 732 2067 etiam
773 2028 996 2068 verborum
1037 2027 1293 2078 singulorum
1327 2031 1441 2070 varia

88 2104 348 2157 oppositione
389 2103 548 2155 egregie
585 2104 827 2142 corroboret
864 2116 930 2142 eas
964 2111 1106 2155 poeta,
1148 2112 1186 2142 et
1216 2105 1298 2145 vim
1330 2104 1442 2145 disti-

88 2180 260 2219 chorum
291 2186 447 2230 augeat.
504 2177 570 2217 Sic
599 2178 643 2217 in
673 2178 765 2218 loco
797 2191 922 2229 supra
952 2178 1072 2218 allato
1107 2179 1144 2227 Ι,
1178 2182 1214 2224 1,
1245 2185 1315 2228 7;,

202 2256 294 2307 Ipse
326 2267 456 2293 seram
486 2261 649 2293 teneras
678 2261 840 2292 maturo
876 2262 1060 2306 tempore
1091 2254 1195 2293 vites

254 2329 444 2369 Rusticus
477 2337 513 2367 et
545 2329 652 2369 facili
681 2327 852 2380 grandia
882 2343 1006 2381 poma
1038 2343 1179 2377 manu,

91 2407 269 2458 epitheta
299 2414 446 2446 tenerae
476 2413 515 2444 et
545 2406 711 2455 gran-dia
744 2406 933 2457 opposita
967 2413 1062 2444 s'unt
1094 2403 1442 2458 'quemadmodum

91 2481 192 2520 vites
221 2481 271 2520 ‘et
310 2494 445 2532 poma.
516 2479 663 2529 Qualia
699 2481 848 2532 passim
881 2481 1151 2531 neglexerunt
1183 2482 1442 2533 interpretes,

93 2569 184 2595 cum
216 2569 297 2596 non
329 2555 515 2602 viderent
546 2570 670 2610 quam
696 2557 823 2596 multa
852 2557 894 2596 in
925 2558 988 2597 his
1018 2556 1199 2598 distichis
1231 2572 1283 2597 ex
1312 2571 1442 2610 oppo-

1038 2632 1052 2670 i
