1721 2953
481 186 625 226 Llfflt.
655 186 706 224 ll.
765 184 925 226 ELEG.
954 188 1027 228 Vl.
1343 198 1422 231 ,ΜΤ

78 306 139 348 Ill,
165 308 220 339 43.
259 305 400 339 Heroid.
426 305 502 346 XV,
527 306 584 337 88.
612 306 671 336 92.
729 303 838 336 Porro
871 303 913 335 ad
947 304 1071 337 verba:
1109 305 1210 337 sore
1244 316 1423 349 semper

80 373 242 406 melius
273 373 433 406 Vntpms
468 370 599 403 confert
633 370 709 402 Cic.
735 369 845 412 Epist.
881 369 923 402 ad
949 370 1069 405 Famil.
1100 371 1174 412 Vll,
1200 373 1266 404 28:
1312 371 1423 403 Dalm

80 437 134 469 ita
159 449 229 470 rem
254 447 464 469 communem
488 447 561 468 esse
585 435 770 480 dilapsam,
797 441 838 468 ut
864 447 906 468 ne
929 448 1005 479 spes
1033 436 1181 481 quidem,
1207 437 1329 469 melius
1354 437 1424 469 ‹di-

82 502 222 548 quando
239 501 344 546 sore,
365 501 601 546 relinquatur.
652 501 698 534 Et
724 501 800 534 vide
826 501 907 533 illud
934 501 1141 534 Tnnocm'rr
1169 502 1229 543 lv,
1255 505 1320 536 41:
1346 500 1424 544 τάχ’

82 565 199 611 αῑῐριον
233 564 339 599 ἔσσετ’
371 564 524 606 ἄμεινον,
563 568 723 600 collatum
761 579 780 600 a
817 567 1077 600 BRochno‘sio
1116 572 1149 600 ct
1184 568 1345 602 Hermo.
1379 588 1424 594 -—

82 633 192 676 Spes
226 634 313 666 alit
347 633 600 675 agricolas,
637 644 745 676 genus
773 631 944 665 hominum
972 633 1199 675 laboriosum,
1236 645 1321 676 quos
1346 645 1426 678 spes

83 698 156 730 sola
197 700 345 732 tolerare
384 699 517 731 labores
557 700 702 733 rusticos
749 704 784 732 et
821 699 963 732 credere
1009 699 1110 732 docet
1148 701 1250 733 sulcis
1287 702 1426 736 semina.

84 762 170 795 Mox
204 764 318 806 Spes
352 782 395 787 -—
430 762 578 796 credit
611 783 657 788 —-
692 765 852 797 fenore
899 763 1057 797 reddat
1105 776 1234 807 ager,
1285 768 1428 801 solemni

85 841 149 863 usu
177 831 319 864 dicendi.
369 831 499 864 Terrae
524 831 693 872 creditur,
732 829 816 863 llaec
854 831 966 863 fidelis
1001 834 1053 863 est
1088 837 1146 864 aut
1170 833 1293 876 infida,
1329 834 1425 875 fallit,

84 900 236 936 segetem
263 900 375 937 negat,
402 895 546 928 mendax
572 900 635 937 est,
664 899 698 928 et
724 894 837 927 reddit
862 901 920 927 aut
943 906 1012 928 nou
1038 896 1151 930 reddit
1173 909 1248 934 cum
1275 899 1428 933 foenore.

84 962 171 994 Vide
203 963 390 1003 STix'rmiu,
427 962 720 995 BRoUcKnUsmM
746 973 822 995 cum
851 963 1001 995 HnYNlo
1037 964 1079 996 ad
1105 963 1136 996 ll·
1162 966 1204 1007 l.,
1241 966 1429 1000 Ham-sum

85 1026 127 1058 ad
155 1027 267 1060 Valer.
294 1028 405 1060 Flacc.
431 1027 458 1068 Ι,
485 1030 542 1060 69.
571 1028 807 1060 Mrrscunnt„
834 1027 877 1059 ad
903 1027 1024 1061 Horat.
1052 1028 1112 1070 111,
1139 1033 1193 1072 16,
1218 1034 1274 1065 30.
1325 1033 1430 1066 Simi-

89 1092 128 1124 lis
155 1093 281 1125 locutio
309 1104 411 1136 supra
437 1094 525 1126 lecta
550 1093 595 1134 II,
616 1095 649 1134 3,
672 1095 728 1127 62.
778 1093 940 1125 Proxime
962 1094 1093 1126 accedit
1115 1095 1264 1129 Ovinius
1285 1097 1430 1133 Remed.

88 1160 162 1190 Ain.
190 1160 277 1190 174:
315 1157 428 1189 Obrue
462 1164 610 1190 versata
637 1157 795 1190 Cerealia
829 1157 961 1190 semina
987 1165 1103 1196 terra,
1140 1163 1238 1205 Quae
1263 1162 1329 1194 libi
1354 1176 1432 1196 cum

88 1224 199 1255 multo
226 1223 374 1268 foenore
406 1222 531 1255 reddat
566 1233 662 1267 ager.
711 1222 782 1255 Sed
806 1227 888 1255 nota
913 1233 978 1256 res.
1005 1241 1050 1250 —
1090 1227 1131 1260 V.
1156 1230 1201 1259 ‘23
1227 1239 1300 1271 sqq.
1349 1229 1433 1261 Λα,

89 1289 183 1333 cus-ii
227 1293 260 1321 et
293 1288 503 1332 piscationis
545 1289 672 1321 mentio
711 1298 772 1321 cur
812 1288 991 1332 displiceat
1031 1290 1180 1325 Hssmm
1222 1304 1286 1325 non
1332 1295 1434 1327 intel-

90 1357 182 1397 lig03
217 1360 295 1387 sunt
329 1354 480 1386 homines
515 1365 705 1397 paupereS‚
740 1355 796 1396 qui
832 1366 893 1397 spe
927 1360 1090 1399 capturae
1123 1358 1272 1391 incertae
1309 1360 1434 1392 victum

90 1424 276 1464 quaerunt,
311 1423 413 1462 atque
440 1420 487 1452 ita
514 1421 664 1452 tolerant
688 1421 803 1452 vitam.
864 1421 933 1453 Cur
957 1422 1063 1463 igitur
1087 1432 1153 1455 non
1180 1426 1436 1459 accommodata

88 1487 155 1520 sint
192 1485 276 1519 haec
311 1486 496 1529 exempla?
545 1485 599 1519 Ad
633 1487 756 1519 verba:
794 1486 898 1519 Cum
934 1485 1079 1520 hamos
1116 1489 1298 1523 abdidit
1333 1497 1436 1526 ante

88 1553 218 1585 cibus
251 1552 531 1585 Bnoncxuusms
566 1555 600 1583 et
627 1552 788 1585 VULPIUS
823 1551 912 1585 conf.
940 1552 1047 1586 Ovm.
1073 1553 1217 1588 Remed.
1244 1558 1318 1589 Am.
1346 1558 1436 1591 210:

89 1617 146 1649 vel
170 1629 260 1663 (suae
289 1616 396 1660 piscis
428 1616 519 1647 edax
555 1615 659 1648 avido
693 1616 784 1647 male
817 1615 958 1648 devoret
987 1629 1064 1654 ore,
1100 1619 1241 1653 Abdere
1266 1624 1437 1665 supremis

90 1694 175 1714 aera
201 1693 350 1714 recurva
373 1679 468 1713 cibis.
517 1681 644 1713 Verum
668 1691 812 1722 quaeras
835 1692 896 1713 cur
919 1681 1064 1715 addatur
1093 1683 1176 1718 llaec
1199 1696 1253 1719 res
1277 1692 1311 1720 et
1334 1699 1435 1730 quam

92 1748 158 1781 vim
185 1746 307 1780 habeat
331 1746 364 1778 in
398 1746 570 1789 praesenti
598 1746 777 1778 sententia.
829 1746 876 1778 Ut
901 1746 1083 1790 intelligas,
1109 1749 1174 1791 aio,
1199 1762 1300 1792 quam
1327 1756 1437 1788 tenuis

91 1825 169 1857 spes
203 1814 247 1846 sit
279 1816 313 1845 et
348 1816 508 1854 quantum
536 1821 634 1844 casus
666 1809 721 1843 hic
754 1810 877 1844 valeat.
926 1811 965 1844 In
991 1822 1059 1855 quo
1086 1815 1190 1848 etiam
1218 1817 1297 1859 quid
1325 1819 1438 1861 poesis

94 1880 246 1923 postulet
271 1877 518 1911 recordaberis.
568 1876 657 1909 Nam
685 1886 848 1919 personas
873 1880 932 1909 aut
957 1887 1009 1910 res
1035 1880 1144 1913 varias
1170 1892 1439 1917 commemorans

92 1946 119 1977 si
149 1945 281 1977 colores
316 1944 426 1976 nullos
458 1943 649 1984 addideris,
685 1943 835 1976 ieiunum
870 1942 934 1976 hoc
968 1945 1032 1977 erit
1059 1949 1093 1978 et
1128 1947 1225 1980 nimis
1252 1949 1376 1983 nudum
1404 1955 1438 1984 et

92 2011 228 2044 minime
253 2010 445 2053 poeticum3
470 2009 583 2052 poesis
607 2008 841 2051 descriptione
867 2009 1031 2051 pleniore,
1057 2010 1206 2054 imagine
1228 2013 1440 2049 distinctiore

94 2079 257 2120 cuiusque
281 2077 330 2110 rei
354 2077 552 2110 delectatur.
601 2077 714 2117 Atque
741 2073 817 2108 huie
844 2075 1083 2119 descriptionis
1107 2080 1329 2114 accuratioris
1354 2092 1442 2115 con-—

94 2145 169 2177 silio
196 2144 295 2177 etiam
321 2143 524 2176 adiectivum
549 2146 712 2175 tenues
739 2143 890 2176 inservit·
938 2143 1028 2176 Dum
1056 2154 1138 2178 vero
1164 2145 1212 2178 ita
1238 2148 1336 2190 plane
1360 2154 1440 2182 ante

96 2209 214 2241 oculos
237 2209 331 2241 vides
356 2212 461 2241 totam
488 2218 581 2249 rem,
609 2206 690 2249 quid
716 2207 808 2240 aliud
837 2218 938 2250 quam
964 2208 1076 2251 ipsum
1106 2208 1171 2244 hoc
1198 2222 1306 2254 genus
1332 2214 1441 2248 victus

95 2276 205 2308 tenuis
231 2275 413 2318 quaerendi
437 2275 568 2316 cogitas
591 2275 716 2307 clarius
743 2279 778 2308 et
804 2280 984 2318 angustam
1012 2277 1180 2312 fortunam
1211 2280 1351 2315 istorum
1379 2281 1442 2315 lio—

95 2340 249 2374 minum?
298 2341 356 2373 Sic
381 2339 529 2372 redimus
565 2339 605 2371 ad
634 2339 665 2371 id
693 2340 783 2382 quod
811 2341 919 2383 primo
946 2342 1022 2374 loeo
1050 2345 1167 2386 posui,
1205 2350 1240 2380 et
1275 2347 1368 2380 vides
1405 2354 1442 2382 ut

99 2407 282 2452 descriptio
317 2408 507 2440 accuratior
538 2409 586 2440 rei
621 2409 761 2440 consilio
793 2409 911 2441 maiori
941 2411 1088 2444 universi
1125 2413 1191 2446 loci
1219 2414 1359 2458 pulchre
1386 2417 1439 2450 in«

100 2475 235 2508 serviat.
284 2475 428 2508 Poetam
462 2484 581 2507 sensus
616 2485 697 2507 suus
732 2475 831 2508 facile
869 2475 972 2509 docet
997 2477 1079 2519 quid
1105 2489 1232 2522 ponere
1258 2481 1381 2518 debeat
1406 2487 1443 2515 et

103 2541 296 2584 quomodo,
330 2543 496 2585 interpres
526 2542 728 2585 plerumque
754 2543 869 2575 multis
895 2543 1007 2576 verbis
1032 2554 1119 2588 opus
1144 2544 1246 2579 habet
1272 2548 1305 2580 in
1331 2548 1442 2590 expli-

103 2607 257 2649 catione,
291 2608 379 2641 unde
410 2609 449 2640 fit
481 2612 519 2640 ut
552 2609 656 2650 vulgo
681 2608 860 2642 subtiliora
889 2610 968 2642 talia
994 2610 1173 2646 videantur
1198 2624 1297 2655 quam
1326 2624 1442 2646 revera

104 2678 191 2707 sunt.
242 2674 305 2707 Est
330 2674 447 2709 eadem
473 2685 527 2709 res
553 2676 586 2709 in
613 2676 742 2719 reliqua
778 2676 1069 2719 interpretatione.
1096 2697 1139 2703 --—
1180 2680 1293 2722 Spes
1326 2679 1442 2711 sola-

985 2746 1072 2783 ΩΟ*
