1721 2953
253 159 329 196 116
557 145 925 188 COMMENTAR.
956 147 1015 187 IN
1047 146 1274 187 TIBULLI

253 271 389 305 omnino
421 265 578 300 Tibullus
611 263 685 297 sore
716 267 754 296 ut
786 263 884 296 Delia
911 263 1008 306 plane
1035 265 1249 296 assuesceret
1275 261 1422 305 negotiis
1449 262 1595 302 rusticis,

252 346 358 378 caque
400 334 446 365 ita
483 331 514 364 ei
558 331 732 374 placerent
774 333 812 362 ut
849 329 1025 367 discedere
1066 329 1171 362 nollet
1210 338 1368 371 unquam.
1403 346 1448 351 —
1493 338 1595 360 con-

253 403 433 437 suescet
459 396 615 431 ludere
640 406 779 430 verua
803 399 869 430 etc.
913 396 1079 429 Consulto
1105 395 1246 428 mutavit
1270 394 1472 427 subiectum.
1515 392 1595 426 Non

253 469 351 502 Delia
385 470 587 500 consuescet
621 464 740 497 ludere
776 463 869 498 cum*
891 474 1013 505 verna,
1051 473 1138 505 quae
1171 473 1235 496 nec
1268 472 1330 506 per
1355 472 1392 495 se
1417 459 1595 494 commoda

251 533 379 566 locutio
413 535 486 572 est,
522 540 587 563 nec
618 533 765 563 mentem
802 533 927 572 poetae
961 528 1139 572 exprimit,
1177 527 1237 561 sed
1272 538 1375 560 verna
1407 527 1442 560 in
1476 526 1595 559 Deliae

251 599 394 641 gremio,
419 596 530 641 posita
553 595 747 628 timiditate.
797 593 876 626 Hoc
902 593 991 626 enim
1009 593 1101 626 vult:
1129 594 1314 626 Assuescet
1333 592 1428 625 Delia
1447 591 1592 633 negotiis

252 665 405 706 rusticis,
442 666 640 703 assuescent
665 660 783 694 rustici
808 670 923 693 amare
948 659 1102 701 Deliam,
1137 659 1171 691 in
1205 669 1272 701 quo
1306 657 1434 701 optime
1469 666 1594 689 vernae

250 729 479 763 familiaritate
504 739 567 772 pro
592 728 751 772 exemplo
775 728 894 760 utitur.
943 727 1088 759 Constat
1112 725 1200 758 enim
1229 734 1349 758 vernas
1374 723 1477 756 fuisse
1502 723 1593 756 domi

250 801 349 830 natos
374 800 409 829 et
432 796 579 829 nutritos
605 804 730 838 pueros
755 804 883 836 servos,
908 803 993 836 quos
1018 792 1189 825 liberalius
1211 790 1390 832 habebant,
1417 789 1594 834 placebat-

250 872 317 904 que
344 871 460 895 eorum
484 861 686 904 garrulitas,
722 859 896 900 dicacitas,
922 857 1097 891 familiaris
1121 855 1353 897 consuetudo,
1387 855 1429 889 cf.
1455 854 1594 888 Hssmn.

251 929 293 962 ad
318 928 439 962 Horat.
465 928 538 961 Sat.
564 927 609 969 Π,
634 930 668 968 6,
693 929 808 960 66.-
833 926 1000 968 V.27sq.
1027 923 1236 958 Secundo
1262 923 1364 956 loco
1390 921 1442 954 de
1467 921 1594 971 cultu

250 996 435 1029 deorum
470 994 721 1037 agrestium
753 991 879 1024 dicit.
929 989 1092 1023 Nominat
1116 999 1197 1022 vero
1221 989 1327 1021 instar
1352 986 1500 1020 omnium
1525 985 1596 1018 Sil-

250 1072 384 1104 vanum,
408 1071 509 1103 quem
534 1070 690 1093 arvorum
716 1058 918 1102 pecorisque
940 1057 1042 1090 deum
1065 1057 1262 1091 Vincamus
1290 1053 1372 1086 dicit
1396 1053 1479 1084 Aen.
1501 1049 1596 1091 VIII,

249 1129 329 1160 601.
380 1127 493 1168 Atque
517 1129 556 1158 ut
580 1134 738 1157 arvorum
763 1123 829 1156 deo
853 1123 985 1166 spicas,
1010 1132 1113 1163 uvas,
1139 1130 1239 1165 poma
1265 1119 1296 1152 ei
1323 1117 1531 1158 offerebant,
1556 1119 1594 1149 ut

250 1195 395 1238 pecoriS,
421 1195 474 1227 lac
499 1197 534 1225 et
559 1192 693 1235 dapem.
742 1190 831 1224 Vide
855 1191 951 1233 plura
976 1188 1066 1232 apud
1091 1188 1191 1222 Voss.
1219 1185 1261 1219 ad
1287 1185 1384 1228 Virg.
1405 1184 1528 1226 Eclog.
1550 1182 1596 1224 X,

249 1264 376 1306 p.511.
402 1260 663 1303 Agricolam
687 1258 812 1291 deum
838 1257 950 1290 vidisti
977 1266 1054 1289 eum
1079 1254 1206 1288 dictum
1231 1253 1297 1286 iam
1322 1261 1425 1294 supra
1449 1250 1595 1293 I,1,14.

251 1330 356 1368 atque
389 1326 511 1357 iterum
547 1328 660 1357 errant
693 1324 750 1365 qui
783 1322 961 1355 collective
994 1319 1077 1353 haec
1110 1319 1213 1352 verba
1248 1318 1418 1362 accipiunt
1453 1316 1496 1349 de
1531 1315 1596 1348 diis

250 1392 431 1435 agricolis,
469 1389 561 1433 quod
594 1390 740 1422 alienum
766 1388 808 1421 ab
836 1387 900 1420 hoc
925 1388 1011 1420 loco.
1069 1386 1192 1419 Suavis
1217 1388 1329 1417 autem
1355 1382 1482 1415 Tibulli
1508 1381 1592 1413 ima-

250 1457 391 1500 ginatio.
437 1456 589 1490 Quarum
616 1454 703 1486 enim
730 1453 830 1485 trium
856 1461 967 1484 rerum
994 1451 1253 1494 praecipuarum
1280 1459 1396 1482 curam
1424 1447 1592 1480 mandavit

250 1524 382 1563 Deliae,
407 1521 522 1554 harum
549 1531 590 1554 ea
614 1531 701 1553 nunc
728 1521 828 1552 etium
856 1518 1020 1562 primitias
1044 1517 1166 1550 offeret
1192 1517 1257 1549 deo
1280 1516 1376 1559 quasi
1401 1515 1534 1548 domina
1560 1518 1594 1548 et

252 1589 516 1624 materfamilias,
542 1605 586 1614 ψ-
624 1591 804 1628 segete,
836 1585 1037 1628 producitur
1069 1584 1199 1626 syllaba
1232 1583 1341 1616 finalis
1373 1581 1597 1624 sequentibus

251 1654 516 1688 consonantibus
561 1656 600 1684 ut
645 1652 740 1684 alias.
801 1651 905 1683 Plura
949 1649 1026 1682 vide
1069 1649 1159 1692 apud
1201 1649 1382 1681 Bicnmm.
1418 1665 1465 1671 —-
1513 1658 1597 1691 pro

251 1729 411 1762 grege,
448 1717 560 1750 ovium
597 1720 631 1748 et
665 1725 844 1758 caprarum
870 1717 963 1758 puta.
1014 1714 1176 1747 Ceterum
1210 1714 1243 1746 in
1277 1717 1358 1746 voto
1391 1723 1453 1757 pro
1487 1713 1597 1746 bubus

251 1786 406 1820 faciendo
440 1794 563 1818 exesse
600 1782 745 1816 debebat
781 1782 921 1823 mulier,
958 1781 1001 1814 cf.
1037 1781 1136 1813 CATO
1177 1780 1220 1814 de
1252 1780 1309 1813 Re
1342 1780 1442 1813 Rust.
1468 1782 1526 1814 83.
1552 1798 1597 1803 —

252 1853 297 1886 V.
322 1854 380 1884 29.
407 1855 465 1884 30.
514 1850 585 1882 Iam
613 1849 798 1892 descriptio
829 1849 1040 1891 singularum
1065 1858 1178 1881 rerum
1204 1847 1475 1880 antecedentium
1502 1847 1597 1880 clau-

252 1918 344 1950 ditur
368 1915 509 1960 pulchre
540 1914 700 1959 generali
732 1914 931 1955 sententia,
967 1925 1030 1958 per
1055 1925 1161 1959 quam
1187 1912 1310 1945 deinde
1335 1912 1385 1944 ad
1407 1912 1518 1944 aliam
1543 1912 1597 1945 lo-

254 1994 332 2014 cum
362 1980 493 2025 pergit,
519 1998 565 2003 ——
604 1979 845 2012 Coniunctivos
883 1989 945 2022 pro
979 1978 1100 2011 suturis
1135 1979 1259 2022 posuit·
1307 1978 1425 2010 Possis
1459 1977 1596 2020 quidem

252 2052 381 2090 regat
409 2058 456 2091 pr.
481 2046 613 2088 regito,
647 2046 740 2079 sint
765 2056 814 2089 pr.
840 2050 940 2078 sunto
966 2047 1146 2089 accipere,
1170 2048 1209 2077 ut
1236 2044 1375 2086 Ulysses
1399 2043 1595 2085 Penelopae

252 2113 335 2146 dicit
360 2112 458 2144 Hom.
485 2111 609 2153 Odyss.
634 2110 731 2151 XIX,
755 2113 846 2143 265:
886 2113 939 2143 ool
964 2107 996 2143 δ’
1021 2107 1146 2142 ἐνθάδε
1172 2106 1285 2141 πάντα
1310 2104 1501 2147 μολόντων,
1535 2107 1596 2141 sed

253 2179 318 2211 alia
344 2177 390 2210 ibi
420 2187 495 2217 reS,
521 2181 555 2208 et
581 2174 647 2208 n'on
671 2176 828 2209 convenit
854 2176 1001 2216 iuvet,
1028 2175 1118 2218 quod
1144 2179 1263 2219 aperte
1290 2185 1340 2218 pr.
1365 2172 1506 2206 iuvabit
1531 2178 1596 2207 est.

253 2245 343 2278 Sunt
376 2243 579 2276 coniunctivi
614 2243 715 2275 etiam
751 2243 783 2275 iu
820 2243 1050 2285 sequentibus.
1107 2242 1275 2275 Nimirum
1300 2241 1334 2274 in
1360 2240 1474 2284 priore
1500 2243 1595 2281 parte

252 2309 487 2352 descriptionis
512 2309 583 2351 ipsa
618 2308 730 2341 sutura
757 2314 1002 2353 usurpaverat,
1040 2319 1129 2341 nnnc
1163 2308 1308 2341 molliori
1343 2307 1434 2340 facto
1469 2305 1595 2338 affectu

252 2375 295 2409 ad
321 2374 550 2408 coniunctivos
575 2375 703 2408 transit.
719 2393 762 2398 —
788 2375 960 2416 Adiuvat,
985 2376 1076 2418 quod
1096 2377 1129 2409 in
1154 2375 1259 2416 libris,
1286 2375 1512 2407 Gumumms
1536 2382 1595 2415 per

251 2440 287 2472 in
320 2445 458 2483 partem
490 2440 587 2472 iuret
624 2440 787 2483 explicari
820 2439 873 2473 liic
907 2450 1008 2484 posse
1040 2441 1190 2484 putabat.
1239 2439 1392 2472 Frustra.
1442 2437 1510 2472 Qui
1535 2437 1590 2468 At

261 2511 344 2539 uvet
371 2505 555 2540 defendere
582 2508 708 2549 volent,
735 2510 908 2551 opponent
934 2506 998 2541 hoc
1022 2517 1073 2539 vv.
1101 2503 1353 2544 illa—illi,
1383 2506 1417 2535 et
1442 2503 1594 2545 explica-

255 2570 359 2603 bunt:
409 2570 463 2602 At
499 2570 594 2603 iuvet
623 2589 668 2596 —
695 2584 745 2604 me
781 2585 813 2616 p.
863 2573 909 2605 At
945 2582 1018 2613 me,
1056 2581 1112 2605 me
1148 2579 1229 2603 vero
1269 2569 1373 2602 iuvet.
1422 2567 1493 2601 Sed
1531 2566 1593 2600 hoc

251 2647 353 2671 sensu
379 2637 535 2671 Tibullus
561 2638 616 2670 At
645 2650 695 2671 me
721 2639 883 2680 dixisset,
917 2642 954 2672 ut
979 2638 1082 2672 toties
1107 2636 1161 2671 At
1191 2641 1254 2672 tu,
1288 2634 1342 2668 At
1369 2632 1452 2670 tibi,
1479 2631 1533 2666 A!
1559 2637 1593 2662 te
