1721 2953
533 164 677 204 LIBR.
705 163 737 202 Ι.
795 162 953 204 ELEG.
982 165 1055 204 IV.
1413 171 1463 206 99

123 292 259 314 manus.
283 299 327 306 —
364 280 518 322 Denique
545 289 621 313 cum
646 289 713 312 una
737 279 782 312 sit
806 279 911 312 totius
939 277 1071 312 distichi
1097 279 1277 321 sententia,
1302 279 1462 313 coniicias

122 352 231 392 atque
257 357 307 390 pr.
334 351 420 387 aut,
454 348 493 377 ut
524 344 736 377 LUCRETIUS
763 344 805 385 V,
832 346 933 378 1357.
969 344 1071 378 dicit:
1111 349 1153 377 ut
1178 342 1401 377 muliebribus
1426 344 1465 376 izl

122 409 282 444 manibus
308 409 489 443 concedere
513 408 663 446 vellent,
701 414 810 455 alque
834 407 903 453 ipsi
922 408 1046 453 potius
1071 408 1199 442 duriam
1222 407 1382 454 subferre
1406 408 1464 440 la*

121 474 253 511 horem,
290 480 398 519 atque
433 485 532 519 opere
564 474 601 506 in
634 473 720 506 duro
755 472 929 505 durarent
963 472 1113 506 membra
1138 485 1343 520 manusque.
1391 473 1463 508 Sed

121 541 201 576 nihil
225 541 448 583 mutandum3
475 540 553 575 vide
576 540 618 574 ad
643 540 671 582 Ι,
696 543 730 582 9,
753 542 810 574 64.
837 557 882 564 -
909 540 951 575 V.
979 542 1036 574 49.
1062 540 1266 583 insidiis,
1292 540 1462 584 indagine,

119 609 242 653 plagis.
255 627 302 633 —
324 607 456 642 claud
467 618 558 649 ere,
579 611 617 640 ut
630 607 716 640 infra
729 606 789 648 IV,
805 609 838 649 3,
854 609 894 639 7:
923 605 1046 640 densos
1061 606 1228 653 indagine
1243 606 1346 641 colles
1362 607 1463 640 clau-

120 674 276 711 dentem,
311 678 345 708 et
371 684 473 718 saepe
500 674 592 707 alias.
651 674 740 707 Sunt
764 676 877 707 autem
903 674 1047 707 valles
1073 676 1196 708 altae
1223 674 1275 708 hic
1300 676 1463 708 montium

121 752 224 775 cavae
257 741 447 782 convalles,
484 740 527 774 cf.
561 740 672 774 Vnm.
697 741 829 783 Georg.
855 740 899 781 Il,
924 742 1004 775 186.
1030 740 1396 786 (Bergsclzlzcclzten),
1425 746 1464 775 ut

120 807 208 840 bene
233 807 391 840 observat
415 806 647 846 Huscmcms,
683 806 823 838 laudans
856 806 958 839 etiam
985 805 1091 838 OVID.
1118 806 1250 840 Amorr.
1273 807 1300 848 Ι,
1326 809 1381 849 14,
1407 809 1462 840 ll.

121 872 347 905 Conferantur
383 871 485 904 etiam
519 870 616 902 altae
651 870 738 902 Idae
774 869 906 906 valles,
945 871 1052 903 Ovm.
1088 870 1198 914 Epist.
1232 872 1344 914 XVII,
1382 875 1462 906 115.

119 936 214 978 XVI,
233 939 291 971 58.
317 936 404 969 Add·
426 935 566 968 LUCAN.
588 934 648 976 VI,
667 937 749 969 293.
786 935 846 968 Sic
869 933 1004 969 Grhece
1028 940 1167 976 πτυχαί,
1193 933 1320 979 κόλποι,
1350 934 1463 979 μιιῗχοι,

118 1003 245 1046 βῆσσαι
270 1001 433 1035 montium
459 1001 627 1035 dicuutur.
676 1002 727 1034 Ac
751 1001 882 1034 viderat
917 1001 983 1035 iam
1010 1001 1182 1036 Hermus
1208 1003 1281 1036 sere
1306 1004 1341 1036 in
1368 1005 1464 1038 salti-

118 1065 182 1099 bus
207 1070 241 1099 et
275 1066 446 1099 montibus
478 1066 566 1098 retia
594 1064 698 1098 tendi.
725 1081 771 1090 —
807 1064 927 1098 retia
964 1064 1096 1099 ferre.
1144 1067 1278 1100 Servile
1303 1067 1462 1103 officium.

119 1131 221 1167 Quod
247 1131 403 1173 obsequii
428 1131 623 1174 exemplum
648 1130 783 1173 saepius
809 1130 964 1163 Ovlnms
990 1130 1127 1172 laudat,
1160 1136 1198 1164 ut
1224 1134 1386 1166 monitum
1412 1137 1463 1167 est

119 1199 161 1231 ab
187 1197 352 1238 Hermo,
376 1207 406 1229 v.
433 1207 462 1229 c.
488 1197 562 1230 Art.
583 1198 659 1230 Am.
683 1195 729 1237 ΙΙ,
757 1198 836 1230 189.
858 1195 944 1228 Met.
964 1195 1010 1238 X,
1035 1198 1113 1228 171.
1163 1197 1257 1231 Idem
1279 1199 1355 1231 vide
1378 1199 1464 1232 infra

117 1265 178 1306 IV,
203 1266 239 1305 3,
266 1265 322 1297 12.
347 1280 393 1287 -
431 1262 473 1296 V.
499 1263 559 1294 51.
585 1263 641 1294 52.
690 1260 792 1294 Pacis
817 1261 969 1302 artibus,
1007 1261 1178 1294 venationi
1203 1266 1238 1295 et
1262 1264 1388 1297 rustico
1412 1265 1463 1297 la-

116 1330 210 1372 bori,
249 1329 392 1373 opponit
422 1327 568 1370 denique
593 1326 747 1359 militare
771 1337 941 1360 armorum
967 1329 1188 1370 exercitium,
1225 1332 1345 1371 estque
1369 1343 1463 1363 nunc

114 1395 242 1428 iterum
279 1406 387 1427 unum
425 1392 598 1425 distichon
632 1391 767 1424 duobus
791 1390 1080 1424 antecedentibus
1105 1392 1300 1426 coniunctis
1325 1395 1463 1439 opposi-

114 1468 205 1496 tum.
253 1462 342 1496 Nam
368 1461 471 1494 etiam
496 1458 580 1493 llaec
609 1463 683 1493 tota
709 1459 920 1492 enumeratio
947 1462 998 1492 est
1023 1459 1110 1492 bene
1131 1458 1238 1492 divisa
1262 1461 1356 1493 suavi
1383 1471 1462 1504 par-

116 1529 235 1562 titione
261 1532 296 1561 et
321 1528 538 1572 oppositione
565 1537 690 1561 rerum.
715 1545 762 1551 —
798 1527 844 1560 Si
879 1527 1003 1560 volet
1037 1536 1166 1561 arma.
1215 1527 1380 1569 Intelligit
1403 1538 1462 1561 ru-

119 1593 195 1627 dem
220 1593 460 1637 gladiatorium
486 1604 514 1626 s.
540 1581 692 1635 lignenm
717 1591 888 1634 gladium,
927 1602 994 1634 quo
1026 1592 1210 1624 utebantur
1232 1593 1360 1625 tirones
1385 1604 1462 1627 cum

116 1664 359 1694 exercerentur
383 1661 417 1693 in
442 1660 555 1692 armis.
603 1658 713 1692 Erant
746 1657 779 1691 hi
812 1659 905 1690 lusus
940 1658 1028 1690 inter
1059 1658 1223 1689 exercitia
1248 1661 1283 1691 et
1308 1658 1464 1691 oblecta-

115 1729 229 1759 menta
264 1726 421 1758 iuvenum
455 1724 710 1764 Romanorum,
747 1727 785 1755 ut
819 1727 971 1764 constat,
1008 1723 1085 1755 inde
1118 1734 1137 1755 a
1163 1723 1253 1756 bello
1279 1723 1461 1765 Cimbrico,

118 1792 162 1827 cf.
188 1793 330 1826 VALER.
356 1792 456 1824 MAx.
481 1790 525 1832 II,
551 1793 585 1832 3,
607 1792 641 1824 2.
690 1789 779 1824 Vide
804 1789 902 1833 plura
927 1789 1017 1833 apud
1045 1789 1214 1822 vamum
1240 1788 1282 1821 ad
1310 1787 1340 1821 h.
1367 1790 1389 1821 l.
1415 1807 1462 1813 —

117 1857 297 1899 ludere,
321 1856 498 1900 proprium
523 1856 556 1888 in
582 1854 647 1889 hoc
672 1855 837 1889 exercitio
862 1855 1024 1896 verbum3
1056 1854 1195 1888 laudant
1220 1855 1328 1888 Ovm.
1355 1855 1461 1890 Trist.

114 1922 173 1965 IV,
202 1925 234 1965 1,
258 1925 326 1955 72:
371 1920 514 1964 Aspera
539 1918 688 1952 militiae
713 1919 851 1952 iuvenis
877 1918 1071 1951 certamina
1089 1918 1199 1964 fugi,
1225 1932 1287 1952 nec
1311 1919 1381 1953 nisi
1403 1920 1461 1952 [ιι-

114 2000 202 2022 sura
225 1987 394 2021 movimus
419 1997 520 2019 arma
545 1997 665 2018 manu.
698 1985 838 2019 MANIL.
859 1986 1052 2018 Astronom.
1070 1984 1131 2025 IV,
1150 1987 1238 2017 227:
1263 1986 1357 2017 Sunt
1381 1985 1461 2031 qui-

114 2053 181 2087 bus
204 2059 240 2087 et
263 2052 456 2086 simulacra
477 2050 621 2096 placent
647 2056 682 2082 et
708 2049 815 2083 ludus
840 2049 877 2082 in
903 2048 1023 2087 armis,
1048 2055 1176 2083 tantas
1200 2062 1298 2083 amor
1319 2062 1462 2096 pugnae

114 2126 167 2153 est
200 2119 410 2164 discuntque
440 2129 503 2162 per
536 2116 610 2150 otia
646 2116 784 2151 bellam.
841 2117 940 2151 Haec
965 2121 1000 2150 et
1026 2117 1092 2149 alia
1117 2118 1214 2161 plura
1239 2118 1385 2151 afferunt
1409 2118 1461 2152 in—

114 2190 302 2229 terpretes,
338 2184 486 2217 maxime
510 2183 793 2216 BRothKszms
822 2186 858 2216 et
881 2183 1055 2217 Vum’ms.
1081 2200 1128 2206 -—
1162 2182 1253 2216 levi
1287 2182 1459 2225 dextra,

116 2261 204 2295 quae
228 2261 295 2284 non
321 2250 418 2292 gravi
447 2250 517 2281 ictu
543 2248 642 2282 feriat
667 2248 896 2281 adversarium
922 2252 1086 2282 tenerum.
1111 2266 1157 2274 --
1199 2248 1317 2281 latus
1344 2248 1460 2290 dare,

113 2317 214 2350 latus
240 2316 422 2352 nudum,
448 2321 611 2358 apertum
631 2315 726 2351 dare,
753 2313 885 2350 obdere,
904 2313 1083 2359 praebere,
1106 2318 1224 2347 contra
1245 2319 1361 2359 tegere
1382 2318 1460 2347 sunt

115 2383 305 2416 locutiones
336 2381 497 2425 propriae
523 2379 679 2414 ludorum
708 2380 905 2424 disciplinae
931 2383 965 2413 et
990 2380 1127 2412 omnino
1158 2380 1320 2422 singulari
1346 2390 1460 2412 armo-

115 2459 189 2482 rum
213 2448 409 2489 certamini,
446 2446 630 2480 translatae
654 2444 777 2479 deinde
803 2445 904 2478 etiam
930 2444 973 2478 ad
999 2455 1078 2485 e05‚
1113 2445 1171 2487 qui
1198 2445 1379 2478 verborum
1404 2455 1460 2478 re-

116 2515 393 2559 prehensionibus
423 2524 540 2547 ansam
575 2513 748 2557 praebent.
800 2511 886 2546 Vide
911 2512 1203 2545 Bnoucxnusmm
1229 2515 1264 2543 et
1289 2511 1455 2544 Vennum

114 2580 156 2614 ad
193 2579 223 2612 h.
251 2581 273 2614 l.
306 2585 340 2614 et
373 2581 471 2614 Lms.
506 2581 643 2614 Saturn.
681 2581 791 2614 Serm.
819 2579 863 2620 ΙΙ,
888 2581 948 2612 20.
972 2582 1060 2612 extr·
1110 2577 1139 2610 E
1176 2578 1311 2611 Graeca
1344 2578 1459 2619 lingua

115 2645 270 2679 conseras
303 2645 393 2688 quod
429 2656 447 2679 a
484 2646 573 2680 lucta
604 2646 746 2689 petitum
782 2648 833 2679 est
870 2640 978 2687 λαρἡ
1011 2644 1225 2687 παραδοῦναι
1262 2644 1458 2676 Anis'romr.

1025 2715 1045 2725 n·
1067 2709 1084 2732 23¹:

1029 2725 1041 2749 Ι
