1721 2953
519 145 663 187 LIBR.
692 144 746 185 Π.
804 141 963 184 ELEG.
993 144 1025 184 Ι.
1334 147 1413 182 223

66 266 215 301 sonitus.
264 264 435 299 Hermus
459 262 547 296 latus
574 260 728 295 textricis
755 259 981 302 intelligebat,
1005 259 1096 303 quod
1124 263 1218 294 recte
1241 258 1415 294 damnavit

66 334 227 375 Vossms,
252 332 325 376 ipse
350 334 464 364 tamen
486 327 626 373 pectine
650 327 820 372 recipiens
845 337 889 359 ex
913 327 1124 372 interpolatis
1150 326 1282 361 duobus
1306 328 1414 370 libris,

65 412 133 445 quo
157 410 224 435 non
248 408 344 442 opus,
394 398 542 431 Secutus
567 399 683 429 tamen
708 399 761 429 est
786 395 959 428 Blicmns.
1009 396 1165 439 Denique
1196 395 1288 438 quod
1318 396 1411 429 soni-⁷

65 471 135 500 tum
159 465 248 498 telae
272 463 413 503 attinet,
450 462 663 495 Hvscnxms
697 464 874 505 comparat
905 460 1036 494 anm.
1062 461 1173 506 Iphig.
1199 462 1304 496 Taur.
1327 465 1412 497 210.

63 531 181 574 (21.):
217 526 270 563 0ιῖ
292 525 356 561 τιέν
371 525 493 573 >Ἀργει
516 524 678 566 utin-vove?
701 522 822 573 ‘'Hgicw
848 525 934 560 Οὐδ’
958 528 1065 565 ἱστοῖς
1088 531 1122 562 ἓν
1146 526 1414 574 καλλιφθόγγοις

64 596 210 642 Κερκίδι
239 590 430 631 Παλλάδος
465 590 634 630 Ἀτθίδος
670 589 746 626 εἰκώ
785 593 862 625 Καὶ
903 590 1056 626 Τιτάνων
1097 596 1330 630 ποικίλλουσα.
1367 615 1413 621 -

156 661 200 695 V.
233 663 373 694 67-78.
432 659 545 693 Post
580 658 859 702 explicatam
894 659 1057 693 artium
1091 661 1312 703 originem
1346 671 1410 695 se*

63 729 220 771 quitur
244 726 440 769 denique
476 726 646 760 tertius
678 725 827 767 locus,
863 725 938 768 qui
963 730 1035 759 est
1059 726 1110 759 de
1137 727 1290 761 Amore
1315 728 1410 761 ruri

63 798 181 828 nato.
230 794 319 827 Sunt
351 792 538 826 suavissimi
573 790 616 824 de
650 789 711 824 hac
744 790 858 824 fabula
892 801 1008 824 versus
1033 791 1066 824 in
1092 792 1311 826 PnRvmxmo
1335 793 1412 828 VE-

45 870 172 894 ,NEms
200 869 231 894 v.
256 862 323 893 76:
355 860 437 903 Ipse
461 858 574 891 Amor
595 867 685 901 puer
709 855 849 889 Dionae
873 868 955 889 rure
979 862 1088 889 natus
1113 857 1255 892 dicitur.
1303 859 1413 891 Hunc:

62 937 167 972 ager,
205 937 283 958 cum
313 923 518 969 parturiret
542 923 641 968 ipsa,
675 922 831 968 suscepit
855 922 956 965 sinu,
991 924 1227 968 Ipsaflorum
1252 922 1413 956 delicatis

62 990 228 1025 educavit
264 990 405 1025 osculis.
453 990 640 1026 Videamus
665 989 852 1024 Tibullum.
876 1008 922 1014 —
962 990 1005 1024 V.
1029 993 1088 1023 67.
1136 989 1239 1033 Ipse
1273 990 1414 1024 inter«

62 1067 145 1099 que
184 1067 356 1100 greges
391 1060 457 1091 etc.
516 1057 596 1092 Vim
630 1057 766 1090 Amoris
805 1066 867 1099 per
905 1056 1018 1089 omnia
1055 1066 1182 1098 genera
1218 1057 1411 1090 animalium

61 1127 262 1165 regnantem
297 1124 433 1167 saepius
466 1122 664 1156 describunt
698 1126 842 1155 veteres.
900 1122 960 1154 Sic
984 1123 1165 1155 Sornocn.
1190 1122 1305 1164 Antig.
1330 1125 1413 1155 785.

60 1193 150 1223 7862
188 1189 308 1232 φοιτᾷς
341 1185 375 1221 δ’
397 1184 620 1233 ὖπερπῦντιος
654 1187 688 1219 ἕν
719 1185 751 1220 τ’
779 1185 981 1232 (ἷγρονόιιιοις
1012 1184 1146 1221 (nitate.
1195 1187 1243 1220 Et
1273 1188 1410 1230 Fragm.

60 1257 125 1290 inc.
150 1256 289 1289 XXIII:
327 1255 508 1300 εἷς-ἔρχεται
538 1255 598 1293 μὲν
623 1250 757 1295 ἰχθύων
781 1254 904 1296 πλωτῷ
929 1255 1024 1295 γένει.
1073 1252 1179 1285 ἔνεστι
1211 1250 1245 1285 δ’
1270 1255 1302 1286 ἓν
1330 1255 1411 1298 χέρ-

60 1336 121 1356 σου
158 1323 375 1368 τετρασκελεῖ
406 1323 502 1366 γονῇ.
562 1322 800 1364 Imprimisque
835 1321 1042 1354 EURIPIDES
1079 1320 1259 1364 Hippolyt.
1296 1324 1411 1356 12722

60 1391 220 1423 Ποτᾶται
251 1390 289 1422 δὲ
322 1395 424 1430 γαῖαν
458 1383 625 1431 ειῗάχητὸν
647 1384 687 1419 θ’
709 1383 881 1432 Ἁλμυρόν
914 1388 969 1418 ἐπὶ
1000 1381 1138 1420 πόντον.
1189 1386 1308 1428 &slya
1333 1375 1413 1429 <5³45

57 1457 260 1493 μαινομέναν
285 1455 431 1497 κραδίαν
454 1450 595 1491 Πτανός
619 1450 794 1500 ἐφορμάσιη
812 1477 820 1493 ,
848 1449 1048 1498 χρυσοφαής
1071 1450 1192 1492 φύσιν,
1218 1449 1412 1498 Ὀρεσκῴωτ

57 1517 249 1561 σκυλάκων,
281 1521 449 1563 πελαγίων
481 1518 521 1554 θ’
544 1515 639 1554 “Ome
671 1535 709 1554 τε
738 1523 782 1564 yfi
810 1523 934 1566 τρέφει.
984 1520 1075 1554 Hinc
1099 1520 1256 1553 Tibullus
1281 1521 1413 1553 suavis-

57 1586 142 1619 sima
174 1587 310 1620 fictione
343 1597 423 1620 rure
458 1590 576 1620 natum
611 1575 713 1619 deum
747 1587 891 1630 primum
927 1587 961 1618 in
990 1596 1114 1629 pecore
1140 1585 1278 1628 figendo
1304 1590 1412 1619 artem

59 1652 242 1695 sagittandi
277 1653 493 1694 exercuisse,
531 1651 654 1685 deinde
687 1651 817 1684 maiora
849 1661 1050 1693 aggressum
1084 1650 1237 1683 homines
1271 1651 1411 1684 domare

58 1719 215 1762 coepisse
238 1722 365 1751 narrat.
390 1736 432 1743 —
470 1717 720 1750 indomitas
753 1717 874 1750 inter
898 1727 1046 1759 equas,
1094 1715 1187 1749 Infra
1212 1716 1257 1758 II,
1283 1719 1316 1759 4,
1342 1720 1410 1750 57:

57 1782 237 1816 indomitis
260 1780 429 1828 gregibus
453 1783 572 1816 Venus
597 1781 704 1824 afflat
729 1793 874 1814 amores.
910 1782 1016 1815 Ratio
1041 1781 1108 1815 loci
1133 1782 1215 1815 satis
1240 1781 1343 1816 docet
1367 1783 1410 1816 ad

60 1848 234 1881 libidinem
273 1857 437 1889 equarum
481 1846 649 1889 insignem
692 1850 728 1880 et
770 1845 968 1879 indomitam
1007 1847 1179 1890 pertinere
1218 1846 1407 1892 epitheton,

58 1926 159 1958 quam
183 1916 292 1949 VmG.
319 1915 449 1957 Georg.
474 1913 536 1955 111,
560 1916 640 1947 266.
668 1913 848 1947 describit:
883 1912 1024 1945 Scilicet
1050 1920 1135 1946 ante
1160 1926 1275 1947 omncs
1293 1915 1407 1960 juror

57 1987 111 2014 est
136 1980 286 2026 insignis
312 1991 501 2026 equarum,
525 1983 559 2012 et
583 1989 670 2022 quae
695 1982 893 2022 sequuntur.
943 1980 1058 2022 Atque
1082 1979 1130 2013 ita
1153 1979 1220 2014 iam
1245 1981 1409 2014 Vmpms

58 2047 236 2081 intellexit.
286 2046 350 2080 Est
376 2047 482 2089 igitur
516 2045 690 2090 epitheton
717 2056 760 2079 ex
794 2056 913 2080 eorum
939 2056 1088 2089 genere,
1128 2057 1216 2090 quae
1241 2053 1409 2092 perpetua

57 2113 220 2155 dicimus,
259 2113 397 2146 minime
423 2116 536 2146 tamen
562 2111 616 2146 hic
646 2113 804 2146 otiosum.
854 2113 968 2157 Saepe
993 2113 1081 2147 enim
1106 2124 1229 2148 moneo
1255 2115 1408 2158 vigorem

58 2178 220 2211 orationis
245 2179 369 2212 eximie
393 2179 546 2212 adiuvari
571 2182 606 2212 et
631 2180 751 2222 augeri
776 2180 1051 2224 oppositionibus
1075 2180 1248 2223 nervosis,
1284 2183 1409 2225 quibus

57 2255 112 2278 res
139 2248 173 2277 et
199 2254 328 2286 genera
363 2254 477 2277 rerum
515 2245 747 2288 significanter
780 2246 1052 2290 distinguantur3
1089 2250 1194 2290 atque
1224 2247 1273 2280 ita
1307 2247 1408 2281 etiam

57 2310 112 2344 hic
134 2311 265 2344 illatum
299 2311 332 2343 in
358 2311 461 2344 tertio
494 2311 648 2346 membro
682 2313 856 2356 proprium
892 2322 1055 2355 equarum
1088 2311 1262 2356 epitheton
1297 2312 1409 2346 denuo

58 2377 160 2420 erigit
184 2377 252 2411 vim
287 2378 471 2420 orationis,
504 2389 593 2421 quae
626 2380 690 2412 nisi
721 2379 818 2413 novis
851 2378 995 2412 subinde
1024 2378 1264 2413 additamentis
1295 2384 1409 2422 aucta,

57 2443 91 2475 in
125 2443 381 2476 enumeratione
417 2453 531 2477 rerum
564 2444 665 2477 facile
699 2443 879 2478 decrescit.
936 2443 1028 2477 Hinc
1062 2447 1115 2477 est
1148 2444 1241 2488 quod
1275 2445 1411 2488 placent

57 2508 217 2541 talia.—
259 2509 301 2543 V.
327 2511 374 2542 72
398 2519 471 2552 sqq.
517 2508 727 2542 audaces.
777 2509 863 2542 Cum
899 2508 1108 2551 gradatione.
1159 2510 1271 2552 Atque
1309 2510 1411 2542 etiam

57 2572 205 2606 virorum
230 2573 406 2609 audaciam
431 2574 558 2608 domat.
584 2592 629 2598 —
664 2573 872 2608 detraxit
895 2583 1024 2617 opes;
1049 2584 1160 2617 neque
1184 2575 1272 2608 enim
1299 2576 1412 2618 parcit

58 2638 98 2671 iis
132 2638 264 2672 iuvenis
301 2649 416 2674 amore
451 2643 581 2684 captus.
642 2641 702 2675 Sic
735 2644 941 2675 evanescunt
976 2646 1158 2684 antequam
1192 2642 1326 2675 sentiat.
1366 2659 1412 2665 --
