1721 2953
256 165 372 191 Lxxu
799 152 874 192 DE
904 150 1060 195 POESI

261 269 395 308 exitus
426 269 493 309 hic
526 266 730 307 adhibitae
763 281 910 320 parum
950 274 1187 321 perspectae
1227 269 1458 311 videantur.
1528 272 1606 311 Ca·-

261 352 419 383 nuntur
449 339 875 398 παρακλαυσίθυρα,
905 352 950 383 ut
979 343 1088 384 fictio
1117 346 1277 396 poetica
1314 354 1395 397 est,
1425 353 1517 386 ante
1547 346 1607 385 ia-

259 433 385 459 nuam
414 420 607 458 clausam.
664 418 751 457 Iam
783 426 878 470 post
906 420 1115 472 querelas,
1156 419 1430 470 hortationes,
1465 435 1608 473 preces

261 510 352 535 cum
384 509 469 535 non
500 494 710 546 aperiatur
736 496 880 545 ianua,
912 495 1044 547 qualis
1075 494 1153 533 erit
1182 492 1346 534 exitus?
1403 495 1609 544 Discedet,

262 571 394 620 dicas,
428 578 550 623 poeta
585 572 758 610 coeleste
789 572 988 611 auxilium
1017 572 1235 621 invocans,
1265 581 1311 612 ut
1342 573 1398 612 sic
1429 587 1610 613 commo-

262 657 407 687 veatur
430 649 582 701 puella.
639 648 753 688 Fieri
780 649 838 687 ita
866 657 1011 700 potest,
1042 648 1112 688 sed
1141 657 1275 701 potest
1309 650 1459 701 optime
1491 650 1610 689 etiam

263 725 392 763 aliter.
449 724 635 763 Primum
660 724 770 763 enim
799 737 892 762 eum
918 722 1109 762 irriSione
1134 725 1294 776 puellae
1324 724 1437 763 abire
1466 733 1612 776 potest,

266 801 300 838 si
327 813 403 852 per
433 799 704 838 mutationem
733 798 957 838 sententiae
987 806 1157 850 repente
1185 800 1342 837 animos
1371 808 1523 847 sumat,
1547 799 1612 838 iu-

267 884 328 914 ret
355 888 396 914 se
430 889 516 915 non
546 873 798 924 rediturum,
828 873 959 913 rideat
988 876 1167 926 puellam
1200 882 1238 913 et
1265 874 1458 924 rivalem,
1489 883 1611 929 atque

262 953 320 990 ita
350 950 474 990 finem
503 951 689 1004 imponat
722 953 928 1005 querelae.
985 949 1109 999 Quod
1137 963 1266 1002 genus
1297 951 1432 990 exitus
1461 963 1613 991 nervo-

265 1030 347 1067 sius
387 1029 532 1080 pungit
571 1029 729 1080 puellas
771 1036 811 1068 et
847 1042 978 1068 novos
1017 1027 1202 1066 stimulos
1248 1028 1439 1067 sarcasmi
1489 1026 1614 1067 addit.

264 1104 324 1141 lta
355 1102 450 1141 fecit
479 1102 668 1141 Tibullus
708 1103 807 1153 eleg.
836 1103 868 1151 I,
900 1108 938 1142 5.
966 1103 1038 1142 ubi
1069 1103 1256 1154 Heynius
1297 1103 1453 1142 exitum
1489 1104 1612 1155 plane

267 1176 444 1227 damnat,
468 1177 655 1226 Vossius,
683 1178 914 1226 PassoviUS,
945 1178 1013 1215 alii
1033 1177 1217 1216 inferunt
1247 1176 1361 1230 quod
1384 1191 1470 1217 non
1494 1179 1612 1218 inest.

265 1253 372 1293 Vide
401 1268 512 1293 nunc
545 1254 666 1292 aliam
701 1253 918 1294 rationem.
985 1252 1088 1292 Cum
1119 1262 1321 1293 amatores
1351 1254 1490 1294 miseri
1519 1263 1612 1295 ante

265 1331 430 1369 ianuam
457 1331 728 1368 lamentantes
750 1329 899 1380 passim
930 1328 1167 1368 riderentur
1196 1344 1219 1368 a
1245 1332 1613 1382 praetereuntibus,

267 1407 389 1445 etiam
428 1405 523 1444 hinc
555 1404 640 1456 peti
675 1404 811 1456 potuit
839 1404 973 1443 forma
1002 1404 1162 1456 poetica
1194 1405 1351 1455 exitus,
1392 1406 1426 1444 si
1459 1406 1503 1444 in
1532 1407 1612 1446 fine

265 1490 388 1533 poeta
420 1494 510 1520 cum
542 1478 821 1519 admonitione
853 1478 1032 1518 risorum
1064 1492 1234 1517 snorum
1264 1478 1519 1520 discedebat:
1559 1483 1614 1521 At

266 1565 330 1603 tu,
360 1556 432 1608 qui
463 1557 592 1594 laetus
620 1553 730 1592 rides
759 1555 866 1592 mala
892 1563 1054 1602 nostra,
1085 1562 1224 1593 caveto
1255 1554 1361 1594 Mox
1387 1555 1487 1594 tibi:
1527 1569 1613 1596 non

266 1635 341 1672 uni
369 1632 522 1672 saeviet
550 1644 680 1684 usque
714 1629 826 1669 deus.
895 1630 961 1669 Sic
992 1644 1044 1681 eg<
1073 1629 1400 1669 consideratione
1432 1644 1613 1671 commu-

270 1711 331 1749 nis
354 1710 428 1748 sati
451 1710 640 1748 solatium
669 1708 837 1759 petitur,
870 1709 1110 1759 animusque
1132 1715 1279 1758 poetae
1310 1715 1466 1746 erectus
1494 1709 1615 1746 etiam

267 1788 323 1825 ita
364 1787 409 1825 in
450 1784 780 1838 tranquilliorem
818 1792 966 1822 statum
1002 1772 1122 1822 redit.
1192 1784 1253 1822 Ita
1290 1784 1386 1822 seeit
1425 1783 1615 1824 Tibullus

267 1863 366 1912 eleg.
395 1861 426 1911 I,
455 1865 494 1899 2.
559 1860 684 1899 Posse
724 1858 901 1911 denique
933 1859 1055 1897 etiam
1086 1872 1175 1898 eum
1209 1859 1396 1898 ianitoris
1428 1873 1615 1898 exsecra-

266 1938 380 1975 tione
424 1933 551 1983 abiri,
591 1934 625 1972 si
667 1932 790 1971 liuius
831 1932 1009 1970 maxime
1049 1933 1190 1983 culpa,
1235 1931 1364 1971 diseas
1403 1947 1456 1972 ex
1494 1933 1614 1975 Ovid.

268 2012 433 2050 Amorr.
462 2010 492 2057 I,
525 2012 572 2059 63
614 2007 803 2045 Tibullus
838 2014 971 2045 tamen
1002 2008 1081 2046 hoc
1114 2016 1160 2046 ut
1189 2008 1386 2048 humilius
1416 2011 1616 2061 spreverit

267 2087 311 2124 in
341 2099 415 2126 sua
442 2084 570 2137 poesi⁰
611 2083 741 2122 ‘Haec
764 2084 974 2123 hactenus.
1032 2083 1232 2137 Degexitu
1257 2084 1419 2125 abunde
1447 2084 1613 2126 dictum.

861 2212 1001 2221 Μ

380 2305 578 2346 Redimus
609 2321 716 2349 nunc
741 2307 790 2347 ad
820 2308 874 2359 id,
906 2308 1017 2363 quod
1043 2324 1167 2362 supra
1189 2312 1449 2362 promissum.
1506 2310 1613 2350 Nam

268 2393 312 2422 ut
347 2384 471 2423 modo
514 2386 691 2435 exitum,
735 2387 791 2426 sic
822 2387 938 2438 prins
978 2386 1196 2427 exordium
1228 2387 1513 2439 descripsimus
1553 2387 1613 2427 di-

267 2467 395 2507 serte,
425 2460 537 2497 medii
563 2474 662 2499 vero
696 2466 869 2500 carminis
903 2464 1180 2515 explicationem
1209 2465 1280 2503 vix
1311 2472 1457 2502 tactam
1488 2477 1613 2516 supra

268 2548 376 2572 nnnc
409 2533 662 2574 commodius
704 2537 986 2586 tractabimus,
1031 2546 1173 2590 utpote
1211 2537 1396 2589 longiore
1431 2536 1611 2590 disputa-

268 2611 379 2648 tione
411 2617 607 2660 egentem.
1197 2612 1201 2614 ’
