1721 2953
501 159 642 200 [ΔΒΗ.
678 158 726 198 11.
790 157 946 198 ELEG.
982 159 1012 197 1.
1359 163 1435 200 211

83 283 216 327 Nempe
253 277 383 314 alludit
416 274 459 309 ad
492 274 613 318 copiae
644 280 750 305 cornu
782 268 872 312 quod
899 268 1044 311 dicitur,
1082 269 1125 304 de
1150 280 1218 314 quo
1244 269 1320 305 vide
1348 282 1378 304 v.
1405 283 1434 306 c.

83 351 232 384 Homr.
260 347 327 381 Od.
354 346 381 387 I,
406 346 461 385 17,
482 344 536 375 16.
568 344 603 374 et
628 339 738 384 Epist.
758 338 785 380 I,
812 339 867 379 12,
894 338 949 371 fin.
1000 338 1089 372 Hinc
1115 349 1203 373 nunc
1228 349 1307 373 uva
1334 350 1436 384 pen—

82 416 159 450 det
183 425 202 448 e
228 411 390 447 cornibus
416 409 492 450 dei3
527 418 590 442 nec
615 406 762 440 frontem
787 415 829 438 ea
854 408 1007 438 ornatam
1034 404 1155 448 habet,
1180 410 1218 440 ut
1243 417 1297 451 ap.
1325 408 1436 442 Ovm.

86 482 171 515 Met.
198 479 260 521 ΙΙΙ,
284 480 374 510 666:
410 474 484 519 ipse
519 470 740 517 racemiferis
765 469 928 516 frontem
964 469 1204 504 circumdatus
1237 471 1336 514 uvis,
1375 478 1435 506 aut

81 548 229 588 crinem,
268 548 308 578 ut
340 544 453 577 STAT.
486 539 597 573 Theb.
624 540 666 581 V,
690 540 784 571 269:
825 548 887 569 nec
923 535 1050 568 crinem
1076 538 1184 581 flat-a
1220 537 1434 571 ‹lislinxerat

84 624 170 646 uva.
196 630 242 635 ——
279 613 323 644 et
348 608 491 653 spicis
518 610 721 650 tempora
747 605 896 647 cinge,
922 607 958 637 et
982 604 1058 637 veni
1083 604 1194 638 cincta
1217 605 1320 649 spicis
1346 609 1434 639 tem-

81 688 176 722 pora.
237 677 367 709 Ornate
393 684 452 706 vos
478 671 632 715 frugibus
656 670 798 711 vestris,
839 670 908 711 ait,
940 673 1042 712 atque
1077 670 1124 703 ita
1157 670 1278 714 pignus
1311 671 1434 705 afferte

82 743 200 785 largae
226 741 363 774 futurae
388 740 520 774 messis.
545 757 590 763 —-
628 738 670 772 V.
697 740 719 770 5
745 747 819 780 sqq.
868 738 896 770 Α
932 735 995 769 diis
1027 736 1070 769 ad
1104 735 1255 770 homines
1289 749 1434 772 conver—

81 820 158 851 sus,
194 810 341 853 imperat
364 811 402 840 ut
427 816 513 851 opus
551 815 650 839 omne
680 805 826 838 mittant.
876 803 926 836 Ac
952 803 1097 848 primum
1122 803 1164 836 ad
1192 803 1325 838 tertiam
1351 815 1434 848 per—-

82 885 199 908 sonam
236 874 335 908 redit.
397 872 448 907 Ad
486 872 589 906 verba
634 871 908 915 requiescat
952 869 1124 912 humus,
1166 871 1434 913 requiescat

81 944 255 982 arator,
281 941 389 974 Ovu).
413 939 508 972 Fast.
534 939 562 982 Ι,
588 942 676 973 667:
717 938 853 975 Villa-e,
882 937 928 968 da
954 936 1107 982 requiem
1131 941 1259 972 terrae,
1283 942 1434 969 semente

74 1011 246 1051 peracta,
279 1004 326 1037 da
351 1003 524 1051 requiem,
549 1010 682 1038 terram
708 1001 770 1049 qui
794 1002 953 1040 coluere,
987 1000 1095 1038 viris,
1128 1001 1261 1035 confert
1286 1002 1432 1035 Huscn-

82 1082 177 1106 mus.
202 1090 249 1096 —
292 1070 467 1105 Solvite
501 1069 652 1103 vincla
687 1068 833 1111 iugis,
873 1065 905 1101 h.
930 1077 961 1101 e.
996 1066 1070 1100 lora
1104 1067 1261 1109 iugorum
1295 1066 1432 1109 demite,

82 1140 205 1184 quibus
231 1139 289 1172 illa
322 1138 418 1172 collis
445 1137 549 1170 boum
575 1136 768 1179 alligantur.
819 1133 914 1180 iugis
940 1145 1018 1168 cum
1043 1133 1343 1167 Wuxnssnrixcnro
1368 1144 1433 1178 pro

81 1205 230 1238 ablativo
256 1202 438 1244 habemus,
462 1206 501 1235 ut
526 1201 647 1234 littore
668 1199 816 1245 puppim
841 1199 975 1232 solvere
1000 1203 1053 1233 est
1077 1200 1219 1234 vine-12.
1247 1199 1381 1233 FnAcc.
1403 1199 1434 1241 J,

80 1273 163 1312 628,
188 1268 288 1302 corde
312 1274 442 1301 metum
466 1267 576 1302 Vme.
603 1268 687 1300 Aen.
711 1265 740 1307 I,
762 1267 844 1298 562.
869 1265 947 1298 alia.
997 1265 1168 1298 Solemnis
1192 1269 1305 1298 autem
1331 1264 1433 1299 boum

82 1338 164 1379 iugo
197 1337 386 1369 solutorum
420 1334 548 1368 mentio
581 1334 615 1366 in
649 1333 854 1366 rusticorum
890 1331 1005 1373 feriis,
1046 1334 1186 1363 notante
1214 1331 1435 1364 Mmscnssn-

82 1411 208 1434 memo
233 1400 277 1433 ad
302 1399 422 1432 Horat.
447 1398 510 1440 III,
535 1400 591 1440 18,
612 1399 668 1431 10.
717 1396 879 1430 Ceterum
905 1395 1038 1437 colligit
1063 1405 1106 1428 ex
1132 1394 1182 1428 his
1206 1396 1320 1429 verbIS
1344 1397 1435 1430 Vos-

81 1477 156 1500 sms
183 1475 315 1499 sacrum
341 1474 440 1498 mane
473 1473 541 1496 non
568 1472 644 1496 esse
670 1461 817 1504 factum,
851 1459 912 1494 sed
946 1461 1113 1494 matutino
1147 1464 1304 1505 tempore
1336 1461 1437 1494 fami-

80 1533 161 1566 liam
195 1530 325 1564 Tibulli
351 1529 515 1574 operibus
550 1528 660 1562 solitis
686 1531 889 1572 occupatam
914 1527 1041 1570 fuisse,
1077 1537 1166 1560 nunc
1190 1530 1304 1561 autem
1328 1527 1436 1561 adve-

80 1599 195 1632 niente
222 1596 310 1630 sacri
334 1599 489 1639 tempore
514 1578 666 1637 quietem
690 1593 864 1637 imperari.
929 1592 980 1625 Ac
1013 1596 1149 1625 constat
1179 1592 1264 1625 alias
1296 1602 1434 1635 quoque

81 1674 149 1697 non
172 1672 307 1705 semper
332 1661 405 1694 dies
439 1663 530 1692 totos
565 1658 670 1690 fuisse
696 1657 813 1690 festos.
872 1656 1002 1690 Tibulli
1035 1657 1212 1700 praedium
1247 1668 1323 1691 cum
1353 1667 1435 1701 par-

82 1740 162 1764 vum
194 1732 306 1769 esset,
348 1725 593 1760 circumductio
631 1723 763 1757 hostiae
802 1733 867 1756 non
907 1723 1050 1756 multum
1084 1723 1246 1767 temporis
1279 1725 1435 1768 postula-

82 1797 152 1830 bat.
177 1814 223 1820 --
259 1797 480 1829 coronato
514 1791 688 1836 capite,
724 1791 832 1824 Ovm.
859 1790 955 1823 Fast.
978 1789 1006 1832 I,
1032 1792 1114 1823 663.
1164 1788 1325 1823 Ceterum
1350 1800 1435 1823 con-

82 1868 151 1898 stat
184 1863 285 1896 etiam
320 1862 385 1895 alia
419 1859 576 1893 animalia
610 1862 771 1892 coronata
806 1858 840 1890 in
875 1856 1079 1900 quibusdam
1115 1855 1230 1897 sestis,
1271 1859 1308 1888 ut
1341 1854 1434 1898 quod

82 1929 364 1962 Bnoncmmsms
391 1926 491 1959 affert
515 1924 698 1968 repetitum
725 1924 827 1956 etlam
853 1933 874 1955 a
899 1922 1130 1963 Gonnmuro,
1163 1931 1264 1954 canes
1289 1920 1322 1953 in
1350 1921 1435 1953 Dia·-

82 2005 146 2030 nae
179 1994 288 2036 sesto,
323 1992 366 2026 cf.
401 1992 514 2025 STAT.
543 1990 626 2023 Silv.
651 1989 714 2030 Ill,
740 1991 773 2030 1,
798 1991 880 2030 57.‚
923 1987 1009 2020 asini
1042 1986 1185 2031 panibus
1219 1987 1252 2019 in
1286 1996 1434 2020 coronae

81 2060 226 2094 formam
257 2058 406 2093 curvatis
431 2058 466 2090 in
489 2057 618 2091 Vestae
643 2065 763 2097 sacro,
797 2054 840 2088 cf.
866 2054 1059 2089 Pnopmvr.
1083 2053 1144 2095 IV,
1169 2055 1201 2095 1,
1226 2055 1285 2086 21.
1327 2054 1436 2086 Ovm.

81 2127 176 2160 Fast.
200 2125 261 2168 VI,
286 2127 354 2159 311
380 2135 454 2167 sqq.
481 2141 525 2147 -—
576 2123 618 2157 V.
644 2125 665 2155 9
689 2133 740 2165 sq.
790 2120 950 2154 Omnia
984 2120 1077 2154 sint
1111 2123 1305 2164 operata
1339 2119 1435 2160 deo,

83 2192 207 2232 omnia,
231 2201 347 2224 omues
369 2192 524 2232 agrestes
549 2188 696 2232 operari,
720 2187 835 2221 feriari
859 2186 998 2220 debent.
1050 2185 1199 2230 Operam·
1222 2189 1275 2219 est
1300 2187 1437 2219 omnino

82 2259 132 2292 rei
159 2257 292 2291 divinae
317 2267 457 2301 operam
483 2256 577 2298 dare,
612 2256 795 2289 observare
820 2254 906 2287 ritus
929 2253 1110 2296 religiosos
1137 2252 1226 2296 festi,
1251 2253 1436 2287 observare

81 2325 193 2368 ipsum
225 2323 315 2357 diem
347 2332 481 2356 sacrum
516 2320 758 2362 sacrificando,
797 2319 990 2363 precando,
1028 2318 1260 2360 convivando,
1299 2317 1437 2351 omniuo

84 2391 238 2425 feriando
271 2394 307 2424 et
339 2389 535 2423 intermisso
570 2389 702 2432 vulgari
738 2397 855 2432 opere.
912 2387 1024 2421 Porro
1063 2384 1123 2417 cleo
1160 2383 1193 2417 h.
1230 2394 1260 2418 e.
1296 2384 1437 2416 numini.

84 2457 245 2491 mems
280 2457 526 2501 interpretatur
563 2455 654 2493 diis,
700 2456 792 2499 quod
830 2454 859 2488 si
898 2454 1005 2487 voluit
1037 2451 1216 2493 Tibullus,
1264 2461 1326 2484 cur
1370 2460 1436 2483 non

84 2522 248 2566 scripsit?
297 2522 431 2567 Nempe
465 2522 598 2556 ieiunus
631 2520 752 2555 fuisset
785 2519 839 2554 hic
872 2519 1013 2564 pluralis
1051 2518 1194 2563 positus.
1243 2516 1436 2560 Singularis

85 2598 161 2621 cum
188 2589 289 2622 etiam
318 2590 512 2631 generalem
538 2588 711 2622 notionem
737 2597 850 2620 rerum
876 2586 1069 2629 exprimat,
1093 2594 1197 2627 saepe
1224 2582 1362 2626 gravior
1386 2583 1437 2612 est

87 2656 120 2684 et
146 2652 428 2696 magnificentior,
454 2658 492 2688 ut
514 2653 579 2687 hic.
630 2654 716 2688 Nam
743 2652 953 2686 sententiose
978 2650 1080 2683 dicit:
1113 2649 1176 2683 Est
1201 2646 1436 2683 abstinendum

981 2716 1064 2756 14*
