1721 2953
243 103 326 137 254
558 91 928 136 COMMENsAu.
960 96 1013 135 m
1051 97 1279 138 'I'lBULLI

244 210 377 245 distichi
410 209 638 254 explicatione
672 210 863 246 dicendum·
922 212 1057 247 Etenim
1095 213 1348 249 Licnmmus
1384 217 1519 252 reduxit
1555 224 1590 253 et

244 279 365 323 probat
401 276 566 309 lectiones
601 275 763 309 librorum
799 275 891 309 dura
925 290 1022 324 seges
1059 282 1094 312 et
1131 277 1211 325 qui,
1254 290 1306 324 pr.
1344 286 1442 314 terra
1476 287 1589 317 antem

244 349 340 375 certa
366 341 523 374 emendat
555 352 631 375 cum
664 343 820 385 Paccio,
856 348 894 377 ut
919 345 1053 378 omnino
1080 355 1147 378 non
1173 356 1287 379 sermo
1312 347 1357 380 sit
1381 347 1423 382 de
1450 349 1589 392 Cerere,

243 408 303 441 sed
336 407 378 440 de
412 410 585 448 amatore,
620 408 674 440 cui
709 408 830 440 malam
860 418 1003 442 messem
1029 410 1236 454 imprecetur
1262 416 1372 455 poeta.
1424 416 1469 447 At
1501 416 1589 448 enim

244 471 370 505 Bacchi
395 483 482 515 quae
507 473 659 515 sequitur
684 475 824 516 mentio,
850 474 954 508 docet
979 480 1058 509 ante
1084 475 1127 509 de
1153 477 1281 512 Cerere
1306 479 1454 522 dictum3
1483 482 1590 515 Cere-

243 550 315 573 rem
340 543 374 572 et
399 538 569 572 Bacchum
597 540 723 582 pariter
747 546 886 575 accusat
911 546 946 575 et
972 543 1107 586 punitos
1132 545 1215 586 vult,
1242 546 1376 579 minime
1394 558 1475 581 vero
1495 560 1590 582 ama-

243 611 351 639 torem
377 606 478 639 istum
505 611 540 638 et
565 604 736 639 Bacchum
762 607 794 639 in
829 606 892 641 hac
919 619 955 641 re
982 609 1165 652 componit.
1215 610 1286 643 Sed
1321 612 1461 646 obiicias
1485 614 1589 648 aliud.

242 673 376 716 Nempe
409 676 540 706 amator
574 672 746 706 Nemesim
771 673 913 707 abduxit
939 678 973 707 et
995 678 1111 708 tamen
1136 685 1225 708 nunc
1251 676 1356 710 Ceres
1382 688 1455 711 eam
1481 679 1589 712 abdu-

243 750 321 773 cere
358 738 503 780 dicitur3
538 738 618 781 quid
653 737 718 771 hoc
751 739 830 772 est?
881 739 1073 772 Commovit
1099 740 1203 773 credo
1228 741 1293 773 iam
1319 743 1398 775 olim
1425 741 1507 776 haec
1534 754 1588 777 res

243 818 324 848 θος,
348 807 406 849 qui
429 805 482 839 hic
508 805 550 838 de
576 809 726 838 amatore
752 809 882 839 tantum
909 806 976 839 dici
1002 807 1200 850 voluerunt,
1227 808 1287 841 sed
1313 809 1496 843 difficultas
1520 821 1588 843 non

242 871 375 905 videtur
394 881 526 914 magna.
565 871 655 905 Vere
676 882 731 904 rus
750 871 809 903 ivit
829 871 1006 913 Nemesi53
1031 872 1219 906 allexerant
1239 884 1318 908 vero
1342 885 1415 909 eam
1438 877 1589 909 virentes

243 938 316 980 agri
346 939 469 971 laetam
495 948 640 971 messem
666 938 904 980 ostendentes,
942 942 980 971 ut
1014 940 1235 973 comitaretur
1259 945 1442 975 amatorem
1467 943 1499 976 in
1527 944 1589 976 vil—

242 1006 308 1037 lam
334 1015 441 1037 suam.
490 1004 643 1039 Vidimus
677 1006 765 1038 enim
800 1005 974 1039 Nemesim
1009 1006 1162 1039 luxuriae
1197 1006 1367 1049 deditam3
1402 1018 1469 1040 non
1505 1018 1590 1041 cou-

244 1075 338 1104 tenta
361 1071 485 1103 Samiis
516 1071 612 1102 testis
640 1074 673 1102 et
700 1070 861 1102 Cumanis
885 1071 974 1103 vasis
1000 1070 1137 1103 divitem
1172 1070 1338 1104 hominem
1373 1076 1490 1105 secuta
1517 1077 1590 1105 erat

243 1137 286 1169 ad
311 1136 535 1170 amoenitates
559 1136 712 1168 lautioris
737 1136 838 1168 vitae.
888 1135 967 1168 Huc
990 1136 1096 1178 igitur
1120 1136 1306 1169 discessum
1332 1137 1465 1180 puellae
1490 1148 1590 1170 revo-

243 1206 300 1235 cat
331 1206 490 1245 tanquam
523 1200 566 1233 ad
599 1201 792 1244 primariam
820 1210 978 1242 causam3
1019 1206 1150 1234 amator
1177 1212 1238 1244 per
1266 1212 1303 1234 se
1331 1212 1396 1234 non
1432 1203 1591 1235 traxisset

245 1279 340 1310 eam,
378 1268 442 1300 nisi
477 1267 571 1300 dives
603 1266 724 1298 suisset
759 1269 793 1297 et
827 1264 1004 1308 pulchrum
1039 1267 1214 1309 praedium
1249 1266 1430 1299 habuisset.
1490 1267 1590 1300 Hunc

243 1339 346 1377 poeta
380 1333 469 1366 ridet
503 1337 538 1365 et
572 1332 757 1364 contemnit
791 1331 1046 1374 maximopere,
1086 1341 1147 1363 uec
1179 1335 1309 1364 tantum
1338 1333 1368 1364 ei
1403 1332 1520 1364 tribuit
1554 1337 1589 1364 ut

242 1401 380 1431 accuset
405 1397 533 1430 directe
558 1400 727 1437 tamquam
754 1399 927 1426 auctorem
954 1394 1013 1426 rei.
1080 1395 1178 1429 Quae
1213 1406 1288 1428 cum
1322 1398 1367 1429 ita
1400 1398 1485 1438 sint,
1520 1408 1587 1430 nou

243 1463 464 1497 dubitandum
490 1473 569 1496 vere
595 1461 810 1494 emendatum
837 1471 912 1493 esse
938 1461 1050 1493 locum
1077 1460 1119 1493 ab
1145 1461 1315 1496 Hem-sm.
1332 1481 1377 1486 —
1403 1463 1443 1497 V.
1471 1466 1515 1496 63
1538 1474 1589 1506 sq.

244 1537 393 1572 tener,
417 1529 565 1570 iuvenili,
587 1528 728 1572 puellari
748 1527 865 1568 forma,
887 1530 924 1559 ut
942 1531 1085 1560 constat.
1119 1528 1222 1563 Quod
1238 1529 1344 1564 dixit:
1366 1531 1588 1564 iucundae

243 1598 444 1630 consitor
469 1605 596 1635 uvae,
624 1604 685 1637 pro
711 1604 752 1626 eo
775 1594 882 1626 Ovu).
904 1594 989 1627 Met.
1006 1593 1065 1635 IV,
1087 1596 1143 1626 14.
1168 1595 1305 1628 scribit:
1329 1596 1480 1641 genialis
1507 1610 1588 1629 cotz-

242 1662 332 1693 sitor
357 1673 466 1696 uvae,
492 1664 631 1693 notante
659 1660 969 1692 WUNDERLICHIO.
1018 1659 1119 1692 Mens
1144 1671 1225 1694 vero
1250 1662 1377 1695 Tibulli
1405 1662 1507 1697 llaec:
1543 1664 1590 1697 Et

243 1732 302 1762 tua
327 1738 463 1771 quoque
488 1737 638 1768 munera,
665 1725 812 1768 Bacche,
839 1727 917 1759 licet
943 1730 1040 1758 tener
1064 1727 1245 1769 suavisque
1271 1728 1356 1762 deus
1380 1730 1427 1762 sis
1452 1733 1487 1762 et
1512 1729 1589 1762 dul--

243 1797 292 1829 cis
318 1805 403 1828 uvae
428 1794 536 1835 dator,
562 1792 687 1826 devota
712 1797 822 1825 sunto.
872 1793 986 1835 Atque
1012 1791 1077 1826 huc
1103 1795 1250 1837 pertinet
1276 1796 1378 1828 etiam
1403 1797 1586 1839 repetitum

243 1861 307 1894 Tu
341 1870 542 1903 quoque3
582 1859 656 1892 iure
691 1860 779 1891 enim
815 1860 938 1892 iterata
970 1860 1194 1893 affirmatione
1219 1862 1324 1895 utaris
1350 1862 1383 1895 in
1408 1862 1589 1896 devotione

242 1929 293 1961 rei
316 1932 384 1961 tam
409 1926 586 1966 iucundae,
613 1930 647 1959 et
672 1937 772 1969 quam
800 1927 901 1968 vulgo
927 1927 1123 1970 longissime
1149 1928 1308 1962 absumus
1332 1933 1369 1963 ut
1392 1934 1588 1964 contemna-

243 2004 329 2026 mus.
356 2011 399 2016 —
442 1991 654 2032 devotos»,
694 1991 773 2023 diris
800 2002 819 2024 a
845 2003 897 2024 me
923 1992 1056 2025 defixos
1080 1997 1117 2025 ut
1147 1999 1406 2038 corrumpantur
1431 1996 1517 2028 vina.
1542 2014 1589 2019 —

244 2059 471 2100 relinque,
498 2055 634 2088 discede
661 2060 695 2088 et
722 2057 816 2089 mitte
843 2057 956 2098 lacus,
983 2054 1122 2101 λήνοινς,
1149 2062 1246 2100 tuos3
1272 2059 1407 2101 frustra,
1433 2060 1489 2092 ubi
1514 2061 1587 2093 vin-

244 2125 353 2158 demia
378 2124 519 2164 venerit,
548 2122 672 2155 bonum
699 2123 810 2155 viuum
836 2134 956 2166 parare
981 2125 1156 2166 studebis;
1191 2125 1303 2159 devoti
1329 2130 1440 2168 sunto,
1468 2131 1507 2159 ut
1532 2137 1588 2160 se-

243 2197 357 2235 getem
385 2191 518 2224 devovi.
550 2208 594 2213 ——
627 2179 685 2224 *V.
712 2193 756 2223 65
784 2201 833 2232 sq.
883 2191 1012 2232 Haud
1048 2192 1226 2236 impune
1262 2194 1376 2226 licet
1400 2197 1464 2228 etc.
1523 2194 1587 2227 Vel

245 2258 347 2298 deos,
384 2256 450 2297 ait,
486 2254 644 2288 damnum
671 2255 739 2298 pati
768 2265 830 2298 par
856 2259 907 2288 est
943 2260 976 2288 et
1013 2267 1121 2300 poena
1154 2258 1263 2300 affici,
1299 2259 1327 2292 si
1352 2259 1516 2293 formosas
1542 2268 1585 2291 ex

245 2325 337 2357 urbis
363 2324 438 2356 luce
463 2323 601 2355 eliciunt
627 2327 661 2355 et
686 2323 718 2355 iu
745 2334 904 2365 agrorum
930 2324 1112 2359 solitudine
1137 2326 1368 2369 abscondunt,
1394 2328 1450 2359 ubi
1475 2327 1586 2369 gloria

245 2399 362 2423 earum
388 2392 505 2432 pereat
528 2399 668 2422 necesse
689 2393 751 2423 est.
802 2391 979 2425 Abdere
1007 2396 1058 2425 est
1084 2393 1191 2426 enim:
1219 2404 1238 2426 e
1263 2394 1339 2427 luce
1365 2397 1399 2426 et
1425 2393 1586 2435 frequen-

246 2455 293 2487 tia
320 2453 489 2486 homiuum
519 2464 693 2487 removere
730 2460 764 2487 et
798 2456 831 2488 in
864 2456 1045 2490 solitudine
1079 2468 1118 2490 ac
1153 2458 1300 2491 tenebris
1326 2458 1512 2499 collocare,
1551 2463 1587 2491 ut

245 2518 337 2551 latet
368 2516 512 2549 abditus
537 2519 634 2563 agris
661 2520 702 2551 de
735 2520 838 2553 nobili
873 2522 1062 2563 gladiatore
1095 2522 1282 2554 Hom-mus
1307 2521 1416 2564 Epist.
1442 2523 1468 2564 I,
1501 2525 1527 2563 l,
1553 2526 1585 2556 5.

246 2585 343 2620 dixit.
392 2584 530 2619 Notavit
556 2584 642 2619 bunc
668 2596 764 2621 usum
787 2588 936 2623 Vosslus
962 2588 1004 2621 ad
1026 2588 1120 2631 virg.
1145 2588 1274 2630 Georg.
1297 2587 1358 2628 111,
1378 2590 1434 2629 90,
1458 2599 1488 2630 p.
1505 2589 1585 2620 551.
