1721 2953
500 175 644 216 LIBR.
673 174 746 214 lV.
805 174 869 213 CA
881 175 972 216 ΗΜ.
1002 177 1034 215 Ι.
1358 183 1438 219 397

100 292 205 326 debat
237 292 327 325 enim
360 304 396 325 se
431 293 468 325 in
502 303 540 325 eo
575 290 669 325 atrio
704 289 916 327 consedisse,
954 290 989 324 in
1026 303 1094 338 quo
1129 291 1230 326 illius
1268 292 1441 337 imperiosi

101 359 274 406 Torquati
296 362 486 392 severitate
517 358 703 404 conspicua
727 356 845 402 imago
866 357 988 401 posita
1011 364 1111 396 erat,
1143 358 1442 403 prudentissimo.»

98 437 164 472 que
189 425 265 458 viro
289 422 516 457 succurrebat
541 422 676 469 effigies
707 422 878 456 maiorum
903 435 981 456 cum
1006 424 1125 457 titulis
1149 425 1225 458 suis
1248 424 1377 459 ideirco
1401 427 1438 459 in

94 492 211 537 prima
245 490 384 524 aedium
413 497 518 536 parte
546 489 633 535 poni
664 489 793 527 solere,
829 496 870 522 ut
895 503 1013 524 eorum
1038 492 1190 525 virtutes
1214 493 1345 537 posteri
1371 507 1439 527 non.

97 558 210 591 solam
236 557 402 604 legerent,
428 556 491 590 sed
510 555 618 589 etiam
641 555 884 592 imitarentur.
932 557 1019 592 Vide
1043 558 1140 593 Lrps.
1167 559 1318 593 Elector.
1338 560 1364 602 Ι,
1381 564 1439 597 29.

96 629 131 659 et
158 635 244 668 quae
268 617 537 666 PAssaR'n-ms,
563 624 866 666 Bnoncximsms,
896 624 1056 659 VULPms
1082 626 1227 660 laudant.
1278 628 1329 661 De
1353 629 1439 661 ima-

96 691 230 733 ginibus
253 694 365 723 autem
389 690 471 733 ipsis
496 689 657 723 classicus
682 689 779 722 locus
804 691 875 731 est,
911 693 949 722 ut
973 694 1126 734 constat,
1158 703 1215 737 ap.
1241 695 1437 728 Ponrmmu

97 756 158 798 vl,
183 758 240 790 35.
276 765 352 789 cum
384 756 603 788 annotatione
629 755 987 788 Scnwfflemnnsnm
1013 756 1112 791 Tom.
1139 758 1198 800 vl,
1224 771 1256 803 p.
1282 763 1362 795 392,
1388 778 1436 787 ..-

97 822 186 857 Nec
217 823 401 866 quaeris
433 822 541 866 qnid
573 821 706 855 dicat.
757 822 949 856 Hermus:
974 833 1060 864 „nec
1093 835 1191 858 curas
1225 829 1259 858 te
1292 826 1436 860 maiores

99 888 223 922 habere
249 893 302 923 tot
324 888 505 922 honoribus
532 892 565 922 et
591 886 770 932 triumphis
796 890 928 932 claros,
966 895 1003 924 ut
1028 901 1144 925 eorum
1170 893 1269 927 laude
1294 898 1436 928 conten-

101 956 252 999 tusijme
287 954 714 998 Qnmns<stffldffimf‘—-
755 956 971 1000 V.33sqsp
1011 957 1090 991 sub
1124 960 1310 993 nonstne.
1359 959 1439 993 Non

93 1026 145 1055 est
170 1032 232 1055 cur
254 1025 403 1055 mutetur
429 1019 510 1054 llaec
539 1021 651 1054 lectio.
710 1021 783 1054 Sub
817 1022 965 1065 imagine
999 1033 1122 1057 nomen
1155 1024 1240 1067 fuit,
1273 1025 1328 1058 cui
1356 1025 1438 1059 sub-

93 1087 221 1130 scripta
253 1086 341 1120 facta
366 1086 437 1119 viri.
488 1086 540 1119 Ab
564 1085 768 1128 imaginibus
793 1096 871 1119 cera
898 1089 1071 1132 expressis
1096 1089 1299 1124 differebant
1329 1094 1436 1125 stem-

96 1158 186 1187 mata
212 1158 288 1197 post
312 1154 511 1187 Ciceronem
537 1157 743 1195 memorata,
780 1152 812 1188 h.
839 1164 869 1188 e.
896 1160 988 1189 serta
1014 1156 1169 1191 foliorum
1193 1169 1279 1201 quae
1305 1158 1437 1193 discur-

93 1219 215 1252 rebant
246 1218 287 1252 ad
321 1219 430 1263 1fictas
462 1217 628 1260 hnagines
662 1218 694 1250 in
728 1218 816 1250 atrh)
849 1220 996 1262 posstas‚
1033 1226 1070 1255 ut
1094 1224 1200 1257 sedes
1225 1225 1438 1267 cognathnfis

93 1286 355 1329 perspiceretur.
405 1284 492 1319 Vide
525 1285 632 1318 Pam.
666 1284 812 1328 XXXV,
837 1288 872 1320 2.
913 1288 1048 1323 Same.
1076 1289 1117 1323 de
1146 1290 1265 1324 Benef.
1291 1291 1352 1333 111,
1377 1294 1436 1324 28.

93 1353 193 1388 Quae
220 1352 538 1385 WUNDERmchs
568 1352 634 1384 iam
661 1353 815 1386 contulit.
867 1353 1029 1387 Contudit
1060 1366 1176 1388 cereas
1210 1356 1375 1398 imagines
1405 1361 1440 1390 et

90 1417 662 1461 fflcmslnrfflns3nomer1mem
690 1417 824 1451 deinss
857 1419 1021 1453 doest.—-
1061 1421 1260 1454 Aeterno
1297 1433 1438 1465 versm

90 1482 147 1524 qui
173 1486 345 1516 aeternam
369 1485 482 1516 servet
507 1482 704 1515 memoriam
732 1492 844 1515 rerum
872 1487 1024 1526 tuarum3
1050 1494 1117 1517 non
1145 1486 1321 1519 interitura
1347 1489 1435 1521 enim

87 1550 166 1580 sunt
191 1557 278 1590 quae
305 1547 405 1581 docta
431 1552 610 1591 poetarum
635 1551 709 1580 arte
736 1548 961 1582 celebrantur.
988 1566 1035 1574 —
1079 1551 1244 1593 quique
1271 1557 1437 1585 canent

88 1615 241 1648 vincto
276 1614 406 1658 pede,
444 1615 612 1657 quique
641 1610 819 1656 soluto,
859 1617 892 1648 in
928 1625 996 1657 quo
1033 1622 1160 1648 canffln
1195 1628 1256 1660 per
1291 1628 1438 1661 zeugma

90 1681 192 1713 etiam
219 1680 262 1713 ad
288 1679 466 1713 historicos
492 1680 702 1713 translatum.
753 1680 912 1714 Ceterum
934 1682 1105 1716 HnYNms
1131 1688 1304 1727 comparat
1326 1686 1436 1718 STA'r.

88 1745 173 1779 Silv.
197 1745 242 1787 II,
267 1747 299 1786 7,
324 1747 390 1778 22:
425 1743 486 1790 qui
510 1756 570 1776 vos
594 1744 753 1789 geminas
786 1745 873 1777 tulit
896 1758 961 1791 per
986 1754 1083 1780 artes
1111 1749 1161 1781 Et
1186 1749 1325 1782 vinctae
1346 1750 1435 1793 pede

88 1810 183 1844 vocis
211 1817 246 1843 et
271 1810 420 1845 solatae.
470 1812 521 1844 De
548 1811 720 1856 duplicato
755 1814 954 1856 pronomine
983 1813 1111 1860 quique
1137 1814 1180 1849 cf.
1206 1815 1362 1849 Vossmm
1392 1816 1433 1848 ad

90 1877 211 1919 Virgil.
237 1878 366 1919 Georg.
391 1876 436 1918 11,
464 1888 496 1920 p.
521 1879 602 1910 346.
628 1895 673 1902 -
715 1878 823 1914 Quis
859 1879 1035 1922 potior,
1070 1884 1302 1914 certamen
1339 1882 1438 1914 erit.

89 1941 234 1975 Notabis
263 1946 436 1975 auctorem
463 1943 681 1976 recitationes
708 1947 885 1987 poetarum
920 1945 953 1977 in
979 1945 1090 1978 animo
1118 1945 1243 1980 habere
1272 1947 1438 1990 publicas,

89 2007 133 2040 de
157 2007 280 2050 quibus
309 2008 395 2041 dixit
422 2008 564 2041 Llpsms
590 2007 699 2052 Epist.
726 2009 864 2042 Centur.
890 2012 924 2042 2.
951 2009 994 2043 ad
1022 2011 1120 2054 Belg.
1148 2022 1200 2056 ep.
1218 2014 1274 2045 48.
1297 2030 1343 2036 —
1379 2012 1437 2044 Ut

87 2077 290 2107 nostrum
315 2075 461 2108 tantis
485 2074 728 2109 inscribam
750 2080 816 2109 etc·
860 2077 929 2112 Qui
950 2078 1094 2121 palmam
1118 2077 1184 2111 fert
1203 2079 1291 2112 inter
1312 2079 1436 2112 recita-

88 2144 201 2183 tores,
229 2140 299 2174 edit
325 2151 412 2185 opus
436 2152 555 2183 suum,
583 2144 687 2176 ceteri
716 2153 777 2176 sua
803 2143 960 2178 retinent.
1010 2145 1143 2179 Victori
1169 2145 1274 2188 igitur
1300 2146 1434 2179 contin—

89 2210 167 2249 get,
194 2211 232 2240 ut
258 2217 379 2241 nomen
406 2218 503 2241 suum
533 2208 667 2252 publice
694 2209 829 2252 legatur
853 2209 886 2242 in
912 2211 1043 2253 magnis
1070 2210 1244 2244 Messalae
1269 2211 1354 2244 actis
1381 2212 1434 2244 in-

87 2274 250 2319 scriptum
276 2273 319 2316 (S.
347 2275 380 2307 in
408 2276 554 2308 carmine
582 2279 675 2309 tanta
698 2281 774 2311 acta
800 2278 1014 2323 celebrante)
1049 2277 1167 2323 bisque
1194 2279 1294 2313 rebus
1321 2280 1435 2313 socie-

85 2343 151 2373 tur.
201 2339 269 2373 Hic
293 2343 346 2372 est
369 2350 488 2373 sensus
513 2341 703 2375 verborum.

182 2405 223 2437 V.
243 2407 384 2439 39-81.
424 2406 484 2439 Ad
519 2406 681 2440 laudes
716 2407 842 2452 ipsas
880 2409 1111 2453 accedit‚.
1138 2422 1188 2445 ac
1222 2422 1315 2446 cum
1349 2411 1434 2444 duo

85 2470 234 2503 sintin
262 2470 456 2505 Messala
481 2483 622 2515 aeque
644 2474 902 2517 praeclara,
935 2474 1138 2509 forensis
1171 2477 1268 2510 laus
1297 2480 1339 2510 et
1364 2477 1436 2510 mi»

85 2535 260 2578 litatis,
308 2538 496 2581 primum
533 2537 585 2572 de
622 2538 805 2573 forensi
843 2540 979 2575 laude
1015 2541 1151 2585 dicit,
1201 2553 1288 2586 quo
1330 2544 1435 2576 loco

87 2599 328 2637 Nestorem
368 2608 410 2638 et
443 2605 658 2650 Ulyssem
691 2618 964 2652 comparans
999 2619 1097 2644 mox
1135 2615 1357 2655 evagatur
1392 2611 1433 2644 in

88 2665 219 2701 huius
256 2679 451 2708 errores,
