1721 2953
285 117 308 151 2
316 117 337 152 3
346 117 366 150 6
597 109 841 167 COMMEN
847 111 970 151 TAR.
1000 111 1060 151 13:
1090 109 1321 153 TIBULLI

283 224 368 267 loci,
407 225 464 268 qui
498 233 564 257 non
598 222 755 257 videntur
781 224 934 260 ultimam
967 235 1104 260 manum
1129 230 1255 271 poetae
1280 228 1438 271 experti,
1475 237 1552 262 cum
1578 227 1631 263 liic

282 291 369 324 liber
404 293 480 333 post
514 293 658 324 mortem
689 290 819 324 Tibulli
852 291 964 326 editus
995 293 1050 328 sit.
1098 293 1152 327 De
1177 293 1228 327 his
1254 293 1383 328 dictum
1409 295 1442 329 in
1466 293 1630 340 Explica-

282 356 394 394 tione;
435 353 478 387 ad
514 355 680 390 unitatem
716 366 798 390 vero
836 357 992 391 carminis
1029 358 1286 395 convellendam
1325 360 1405 394 talia
1445 369 1512 394 non
1549 371 1631 405 per-

279 421 394 454 tinent.

773 712 1128 755 EXPLICATIO.

371 883 413 917 V.
441 884 554 916 1-10.
611 882 873 920 Exordium.
924 886 1027 921 Cum
1052 886 1262 921 Nemesis
1287 887 1329 919 in
1355 896 1428 920 rus
1454 886 1627 920 abierit

276 958 372 982 cum
405 954 606 985 amatore
640 951 803 996 divite,
840 953 1064 987 Tibullus
1097 964 1180 988 non
1212 954 1416 988 sustinet
1448 964 1627 988 manere

275 1015 318 1048 in
346 1016 475 1058 urbe,
499 1017 577 1051 sed
601 1020 782 1052 servire
806 1021 902 1054 vult
927 1021 1045 1065 apud
1071 1020 1290 1054 dominam
1317 1021 1357 1052 in
1382 1019 1518 1062 agris.

370 1083 411 1116 V.
435 1086 451 1116 1
477 1095 550 1126 sqq.
599 1085 721 1118 Rura
746 1087 991 1129 villaeque.
1029 1087 1107 1120 Non
1128 1088 1255 1120 inutilis
1275 1087 1471 1122 cumulatio.
1513 1086 1625 1120 Recte

274 1147 432 1182 disertius
458 1149 616 1193 designat
647 1162 785 1185 causam
818 1153 986 1186 carminis.
1037 1152 1199 1186 Ceterum
1224 1151 1404 1185 abductam
1433 1153 1579 1196 puellam
1603 1162 1623 1185 a

273 1215 476 1256 praedatore
515 1216 619 1250 divite
653 1216 738 1250 infra
777 1217 912 1250 demum
946 1218 1179 1260 significatur3
1219 1217 1252 1250 in
1288 1217 1454 1261 principio
1488 1217 1624 1249 brevius

273 1281 443 1323 loquitur,
473 1286 512 1315 ut
539 1282 605 1316 fert
630 1293 777 1326 poeseos
802 1283 907 1325 ratio,
945 1294 1032 1326 quac
1058 1294 1124 1317 non
1153 1283 1196 1317 ab
1223 1293 1287 1317 ovo
1313 1283 1408 1317 initia
1431 1293 1492 1316 sua
1519 1283 1622 1316 ducit.

272 1346 333 1378 Sic
359 1346 446 1388 eleg.
474 1346 502 1388 Ι,
529 1349 561 1380 1.
588 1348 621 1380 in
647 1348 814 1391 principio
840 1349 1042 1391 simpliciter
1066 1353 1201 1382 recusat
1227 1349 1259 1382 in
1286 1348 1411 1382 bellum
1437 1349 1507 1390 ire,
1545 1359 1620 1381 ver-

271 1422 329 1444 sus
355 1413 456 1445 finem
482 1416 595 1446 autem
618 1413 775 1446 carminis
801 1414 961 1447 discimus
986 1425 1005 1447 a
1028 1415 1176 1447 Messala
1205 1419 1342 1457 poetam
1366 1414 1553 1446 invitatum.
1574 1432 1619 1437 —

269 1477 468 1512 Ferreus
495 1484 562 1513 est
589 1484 653 1514 etc.
703 1480 870 1524 Explieoe
898 1482 989 1524 Heu,
1015 1492 1081 1516 non
1106 1481 1259 1515 sustineo
1290 1491 1426 1515 manere
1451 1481 1485 1515 in
1512 1481 1619 1523 urbe;

269 1544 400 1577 ferrcus
426 1549 477 1577 est
503 1546 560 1587 qui
585 1545 617 1578 in
651 1546 709 1578 tali
739 1555 820 1578 casu
853 1556 1029 1579 remanere
1056 1547 1090 1579 in
1115 1546 1200 1580 urbe
1225 1546 1341 1590 possit.
1403 1546 1473 1579 Pro
1500 1546 1618 1588 quis-

269 1611 370 1652 quis
397 1612 542 1644 Vossms
564 1611 699 1654 scripsit
723 1610 755 1642 ,si
782 1610 885 1655 quis5
926 1611 988 1645 sed
1013 1613 1198 1654 loquuntur
1222 1611 1466 1656 hyperbolice,
1501 1600 1617 1656 quiin

268 1676 394 1709 affectu
417 1680 506 1710 sunt.
532 1694 578 1700 —-
615 1676 718 1720 Ipsa
747 1676 899 1710 Venus
924 1681 990 1710 etc.
1040 1677 1329 1722 interpretantur:
1367 1677 1518 1711 Absente
1544 1677 1618 1712 Ne-

266 1740 352 1773 mesi
378 1741 478 1774 etiam
504 1741 621 1775 Venus
646 1751 724 1775 cum
749 1741 875 1774 Amore
901 1740 1018 1783 abest,
1052 1741 1137 1775 abiit
1162 1753 1239 1777 cum
1265 1744 1378 1788 puella
1402 1745 1510 1778 omnis
1534 1755 1616 1787 gra-

266 1807 314 1839 tia
343 1811 377 1840 et
404 1811 574 1841 venustas.
623 1808 822 1852 Perperam.
872 1808 965 1844 Quid
992 1809 1080 1843 enim
1106 1814 1159 1844 est
1184 1811 1268 1845 iam
1292 1811 1439 1846 nunc?
1487 1811 1543 1845 Tu
1567 1812 1616 1846 ita

266 1882 400 1905 mecum
425 1873 596 1915 intellige:
622 1873 774 1906 Vernum
798 1878 932 1917 tempus
957 1879 1040 1917 erat,
1067 1876 1193 1920 Aprilis
1219 1877 1340 1920 opinor
1362 1878 1506 1919 mensis;
1531 1888 1615 1911 con-

266 1942 336 1972 stat
360 1943 474 1972 autem
508 1949 589 1972 vere
614 1939 646 1972 in
672 1941 763 1982 agris
788 1940 956 1974 Venerem
983 1940 1128 1984 versari',
1161 1943 1205 1977 cf.
1231 1943 1374 1977 Honfr.
1398 1944 1425 1985 Ι,
1452 1945 1486 1986 4,
1511 1947 1544 1978 5.
1579 1949 1615 1977 et

266 2017 354 2049 qnae
388 2007 433 2039 ibi
458 2006 806 2040 Mrmscnssnmcmns
832 2007 960 2041 laudat.
1009 2008 1081 2042 lam
1114 2008 1194 2051 quid
1230 2010 1365 2043 suavius
1396 2008 1460 2042 hoc
1490 2019 1613 2044 sensu:

266 2073 353 2108 Quis
385 2074 418 2106 in
452 2073 536 2106 urbe
570 2077 703 2106 maneat
730 2075 846 2117 procul
874 2074 916 2107 ab
944 2078 1075 2116 amata,
1114 2086 1191 2109 cum
1217 2076 1289 2119 ipsa
1314 2077 1431 2110 Venus
1455 2076 1521 2110 iam
1547 2070 1621 2111 exr-v

265 2139 407 2171 cesserit
444 2138 477 2170 in
512 2148 614 2180 agros
631 2142 686 2179 ‚et
721 2140 825 2172 Amor
850 2140 939 2173 inter
965 2141 1108 2173 rusticos
1134 2141 1318 2175 versetur?
1368 2141 1454 2175 Nam
1481 2143 1612 2177 Amor

264 2206 438 2239 rustica
459 2205 659 2237 aratoris
682 2206 816 2239 verba
834 2206 1015 2240 discens
1036 2208 1165 2250 estqui
1187 2208 1282 2250 degit
1304 2209 1391 2240 inter
1410 2209 1554 2242 rusticos
1576 2213 1611 2243 et

264 2270 325 2305 hos
343 2272 444 2304 etiam
465 2272 555 2313 loqui
573 2282 745 2305 sermones
764 2277 798 2306 et
816 2284 972 2307 susurros
991 2275 1174 2307 amatorios
1195 2274 1296 2308 docet
1316 2275 1465 2318 ipsorum
1484 2275 1610 2316 lingua,

264 2348 363 2380 quam
389 2337 497 2370 discit.
548 2338 632 2372 Quis
666 2338 771 2379 igitur
804 2339 846 2371 ab
881 2340 974 2381 agris
1007 2340 1127 2372 abesse
1162 2340 1285 2383 possit,
1322 2340 1378 2372 ubi
1405 2340 1516 2373 omnia
1541 2340 1607 2373 iam

263 2412 412 2435 amorem
439 2402 596 2445 spirant?
643 2403 762 2435 latos
789 2403 877 2446 quod
906 2404 992 2436 dixit
1015 2414 1172 2446 agros,
1199 2405 1348 2438 Vossius
1374 2405 1421 2436 ita
1447 2405 1610 2448 explicat,

263 2479 306 2502 ex
340 2469 504 2510 angustiis
538 2468 631 2500 urbis
665 2469 696 2500 in
730 2469 861 2512 amplos
890 2469 1058 2503 Venerem
1083 2469 1279 2503 discessisse
1307 2479 1428 2511 agros,
1464 2479 1527 2502 nec
1551 2480 1607 2503 re-

262 2544 378 2578 pugno
412 2538 446 2567 et
481 2533 618 2566 mutabo
653 2534 853 2575 lectionem,
893 2545 1095 2577 quamquam
1133 2534 1258 2567 eximie
1290 2534 1403 2577 placet
1437 2533 1550 2567 laetos
1585 2545 1606 2568 a

262 2601 422 2634 Mean-¹10
450 2600 653 2647 repositum.
694 2599 722 2634 11.
757 2611 784 2635 e.
825 2611 889 2634 non
925 2607 959 2634 ut
993 2602 1048 2635 ille
1087 2601 1191 2634 voluit
1227 2601 1361 2645 inepte,
1401 2600 1606 2637 exhilaratos
