1721 2953
305 140 384 176 328
618 132 988 176 COMMEN'I'AR.
1017 136 1074 176 IN
1106 136 1334 176 TIBULLI

307 246 461 279 incincta
494 244 673 292 quadrato
702 245 829 289 pallio.
861 268 907 272 —
953 249 994 283 V.
1025 251 1066 281 19
1092 260 1144 292 sq.
1193 249 1295 283 Nunc
1330 249 1373 283 de
1407 251 1646 294 conspersione

308 312 432 345 ossium
459 314 493 344 et
520 311 642 344 cineris
669 311 771 353 dicit,
798 323 885 355 quae
911 314 987 346 rino
1014 318 1047 347 et
1074 315 1162 348 lacte
1189 315 1305 349 fiebat.
1354 316 1499 349 Constat
1523 316 1565 350 de
1590 316 1647 350 ba-

308 389 379 412 rum
408 387 518 410 rerum
543 388 607 410 usn
633 378 665 411 in
690 379 831 413 inferiis.
881 380 1010 414 Tamen
1039 383 1140 424 vulgo
1168 386 1292 425 poetae
1318 382 1374 415 ubi
1407 381 1450 415 de
1477 383 1648 426 sepulcra—

308 444 394 475 libus
420 442 602 476 honoribus
626 445 820 487 loquuntur,
846 448 937 490 quod
965 449 1162 490 Lygdamus
1189 449 1296 482 tribus
1322 448 1372 481 liis
1400 449 1553 482 versibus
1579 460 1649 482 me-

307 514 435 550 morat,
471 515 702 554 praetereunt.
729 531 776 536 —
815 514 946 547 niveo
982 514 1135 547 additum
1162 519 1240 557 post
1267 515 1332 547 vini
1359 516 1562 547 mentionem
1588 525 1649 557 op-

308 576 486 619 positionis
511 587 624 610 causa.
675 579 786 611 Porro
821 578 1012 612 fundere
1049 581 1172 614 lacte
1205 582 1331 614 dictum
1359 593 1408 625 pr.
1437 582 1649 625 perfundere,

308 646 346 674 ut
374 640 534 686 fundere
568 654 659 675 mero
691 643 718 684 Ι,
753 648 787 685 7,
813 647 869 676 50.
895 663 941 669 —-
989 645 1029 677 V.
1056 647 1098 677 21
1129 657 1179 688 sq.
1220 646 1456 679 carbaseis
1493 648 1650 680 ventis.

308 708 460 741 Vossws
486 708 568 741 linis
594 709 761 750 emendat,
787 714 822 742 ut
847 710 1035 743 Pnovizn'r.
1062 710 1122 751 IV,
1148 713 1180 752 3,
1209 713 1264 743 64.
1291 715 1370 743 sunt
1396 710 1544 743 carbasa
1565 711 1653 747 lina,

308 778 367 807 aut
405 776 518 817 potius
552 775 666 812 fillis,
714 780 754 809 ut
792 777 961 810 carbaseis
1001 778 1088 809 villis
1128 778 1172 809 sit
1212 787 1274 820 pro
1313 777 1462 809 carbasis
1506 778 1654 817 villosis3

309 830 413 873 fuisse
448 842 537 874 enim
573 842 674 874 lintea
708 846 862 875 veterum
898 843 1015 874 villosa
1052 841 1252 875 ostenderat
1278 841 1320 874 ad
1347 842 1495 874 vinem.
1521 842 1652 883 Georg.

308 905 369 946 lv,
394 908 475 939 377.
533 906 634 942 Quod
670 907 752 940 licet
786 918 904 940 verum
939 909 1001 949 sit,
1042 912 1156 940 tamen
1193 908 1235 940 ab
1266 907 1431 940 hocloco
1460 908 1568 940 aliena
1602 911 1654 939 est

310 971 435 1003 mentio
459 971 520 1012 rei,
546 982 608 1004 nec
634 973 735 1005 ullam
762 973 825 1005 vim
854 974 886 1006 in
912 973 1080 1005 sententia
1106 973 1224 1005 utilem
1251 972 1363 1008 habet.
1414 974 1529 1008 Quare
1554 983 1655 1016 prae-

309 1038 458 1071 feramus
482 1038 588 1074 velis,
626 1040 718 1082 quod
743 1040 866 1073 ITALrs
898 1041 1027 1083 placuit
1060 1043 1094 1072 et
1128 1041 1378 1073 recentioribus
1404 1040 1537 1081 multis,
1573 1040 1656 1072 Μυ-

311 1115 428 1147 ηΕΤο,
459 1106 685 1148 ΡυιΜΑΝΝο,
719 1107 966 1147 ΡΛεεΕηΑΤιο,
994 1106 1278 1149 Bnoucxnusm,
1312 1107 1462 1140 Hmmo
1490 1112 1523 1140 et
1549 1117 1657 1150 nuper

311 1170 525 1214 Hnsenmo,
557 1183 657 1215 quem
684 1173 839 1216 sequitur
865 1174 1103 1209 Gonnnnxtffl.
1161 1175 1274 1216 Atque
1304 1174 1514 1208 Huscnmus
1540 1178 1659 1208 contra

312 1239 473 1272 Vossmm
499 1240 585 1273 bene
610 1244 724 1273 monet
751 1241 903 1274 velorum
929 1241 1020 1274 varia
1046 1251 1174 1283 genera
1202 1252 1289 1283 esse,
1314 1252 1427 1274 crassa
1451 1244 1487 1273 ut
1513 1240 1659 1283 narium,

312 1305 447 1347 tenuia,
483 1307 585 1340 immo
623 1308 821 1341 tenuissima
856 1313 894 1341 ut
931 1307 1105 1342 hominum
1139 1308 1373 1351 voluptatibus
1408 1308 1659 1351 pertinentium,

313 1383 399 1415 quos
423 1377 461 1406 ut
486 1373 624 1407 ClcERo
649 1375 768 1408 scribit
795 1375 896 1408 Catil.
917 1375 961 1416 II,
987 1378 1050 1408 10:
1073 1387 1165 1418 pexo
1192 1374 1321 1418 capillo
1347 1374 1478 1406 nitidos
1503 1380 1567 1404 aut
1593 1373 1660 1404 im-

314 1435 431 1470 berbes
456 1444 523 1469 aut
540 1450 653 1482 paene
679 1437 846 1471 barbatos
872 1439 1012 1480 ridelis,
1037 1438 1226 1470 manicatis
1250 1444 1285 1469 et
1314 1437 1491 1471 talaribus
1517 1439 1661 1476 tunic-is,

313 1502 401 1535 velis
431 1502 598 1539 amictos,
636 1515 703 1535 non
741 1502 845 1548 togis.
914 1503 992 1536 Non
1028 1504 1134 1545 igitur
1169 1513 1187 1536 e
1227 1504 1393 1536 latinitate
1429 1504 1661 1536 ecclesiastica

315 1568 401 1603 lianc
424 1570 575 1602 velorum
601 1570 884 1611 significationem
909 1570 1069 1610 fluxisse,
1093 1573 1131 1601 ut
1156 1570 1308 1603 Vossms
1335 1574 1494 1611 censeat,
1529 1570 1588 1603 sed
1617 1581 1660 1602 cx

314 1646 417 1668 aurea
445 1636 617 1668 latinitatis
642 1638 764 1668 aetate.
815 1634 919 1667 Addit
946 1634 1158 1666 Huscnxms
1184 1633 1313 1666 Lucan.
1342 1634 1434 1674 vlu,
1460 1637 1548 1667 367:
1582 1635 1663 1666 Illic

313 1708 350 1734 et
384 1701 490 1735 laxas
522 1707 637 1735 vestes
672 1707 706 1732 et
729 1700 839 1745 fluxa
874 1698 1028 1732 virorum
1066 1698 1272 1732 Velamenta
1300 1697 1411 1734 vides,
1451 1703 1486 1732 et
1510 1699 1555 1740 X,
1586 1703 1664 1732 141.

315 1768 359 1802 de
384 1768 585 1813 Cleopatra:
626 1765 785 1798 Candida
811 1764 954 1797 Sidonio
974 1763 1159 1808 perlucent
1181 1769 1327 1807 pectora
1346 1763 1433 1807 filo,
1469 1764 1572 1809 Quod
1596 1763 1665 1796 M-

315 1832 400 1866 lolis
432 1845 519 1867 acus
555 1844 786 1877 compressum
816 1830 955 1876 pectine
980 1832 1104 1863 Serum
1130 1830 1243 1864 Solvit
1277 1836 1311 1862 et
1345 1836 1488 1862 extenso
1523 1830 1665 1862 laxavit

316 1898 472 1933 stamina
498 1899 583 1933 velo.
633 1900 731 1935 Quae
763 1909 841 1932 cum
872 1898 918 1930 ita
944 1898 1029 1940 sint,
1063 1898 1192 1942 optime
1218 1907 1286 1930 vox
1312 1897 1472 1930 convenit
1494 1897 1663 1930 adiectivo

318 1965 514 2002 carbaseis,
550 1976 618 2008 quo
649 1966 784 1999 nomine
821 1965 1005 1998 tenuissimi
1041 1965 1099 1998 lini
1133 1975 1241 2007 genus
1275 1965 1482 1997 nominatum
1521 1969 1666 2005 constat,

318 2033 408 2077 quod
434 2033 578 2078 primum
610 2034 642 2066 in
669 2032 833 2076 Hispania
858 2032 1105 2065 Tarraconensi
1134 2036 1306 2076 repertum
1333 2036 1386 2065 est
1417 2036 1505 2065 teste
1530 2033 1664 2065 Pmmo

318 2099 416 2139 XIX,
442 2101 473 2131 1.
523 2098 587 2131 His
619 2098 723 2140 igitur
755 2098 913 2130 tenuibus
948 2099 1031 2131 velis
1066 2099 1187 2132 siccari
1221 2099 1294 2131 vult
1325 2109 1401 2131 ossa
1437 2109 1512 2131 cum
1540 2099 1666 2140 cinere,

320 2170 390 2198 tum
417 2164 551 2198 condita
577 2165 609 2197 iu
637 2174 720 2196 urna
745 2164 870 2207 deponi
897 2165 930 2196 in
955 2165 1114 2207 sepulcro
1142 2174 1342 2197 marmoreo.
1400 2163 1552 2196 domos
1577 2165 1666 2197 enim

319 2231 477 2274 sepulcra
518 2231 682 2263 nominari
727 2235 803 2274 post
840 2231 1011 2263 STA'NUM
1055 2231 1248 2264 observavit
1283 2231 1393 2264 Imus
1428 2230 1666 2264 Ru'rcnnsms

321 2298 448 2332 Venus.
474 2297 587 2330 Lectt.
613 2308 642 2331 c.
670 2300 701 2330 2.
738 2301 772 2330 et
807 2298 1087 2331 Bnoucmwsms
1123 2298 1165 2331 ad
1201 2297 1232 2330 h.
1269 2298 1289 2330 1.
1323 2308 1364 2330 ac
1398 2297 1581 2336 VULPIUS,
1622 2305 1665 2327 ex

321 2365 429 2407 iisque
455 2351 637 2397 Hamms.
696 2365 809 2408 Saepe
841 2366 872 2397 in
902 2365 1183 2409 inscriptionibus
1208 2365 1334 2407 legitur
1360 2369 1504 2395 aelerna
1533 2361 1665 2394 (lomus.

321 2429 386 2462 Est
410 2429 668 2472 eupliemisnius.
690 2448 735 2453 —
759 2431 800 2464 V.
827 2433 872 2463 23
898 2442 971 2473 sqq.
1022 2431 1128 2464 Illic
1154 2441 1264 2473 quas
1288 2430 1431 2463 mittit
1458 2433 1521 2461 etc.
1573 2428 1666 2460 Cave

322 2507 399 2530 cum
426 2497 550 2528 Vossro
579 2501 773 2530 construas:
801 2497 881 2529 Illic
895 2497 1109 2542 fundantur
1136 2496 1249 2529 eodem
1277 2500 1363 2535 etc.;
1389 2505 1463 2527 nam
1491 2493 1589 2525 sar-ile
1615 2494 1668 2525 in-

322 2562 506 2604 telligitur,
551 2561 699 2594 eodem
743 2566 884 2606 propter
928 2562 1143 2595 lacrimas
1190 2561 1340 2594 additum
1378 2569 1451 2591 esse
1488 2559 1519 2590 in
1559 2559 1667 2590 altero

324 2627 495 2668 membro,
528 2637 590 2659 uec
616 2637 716 2669 posse
741 2626 814 2659 illic
839 2627 954 2660 eodem
978 2638 1045 2660 uno
1072 2632 1237 2661 commate
1264 2626 1368 2668 iungi.
1421 2625 1554 2658 Bonum
1586 2634 1666 2658 vero
