1721 2953
451 118 597 159 LIBR.
628 118 679 158 11.
737 116 899 158 ELEG,
929 119 1001 160 lll.
1322 126 1402 161 255

61 242 96 270 et
121 237 335 270 Huscmuus
361 234 404 267 ad
430 234 462 267 ln.
488 234 508 266 l.
530 251 576 257 —
606 231 677 265 lam
703 230 919 263 tristibus
945 232 1038 266 vides
1063 243 1127 266 non
1154 243 1228 267 esse
1252 232 1406 278 ingratis

60 302 221 344 amatori,
258 306 296 335 ut
331 311 407 334 cum
440 300 581 333 Vunmo
616 298 790 331 Hermus
827 303 962 341 censet,
997 299 1058 333 sed
1092 300 1135 334 ad
1161 301 1402 334 obscuritatem

61 369 206 402 rusticae
232 368 320 400 vitae
346 365 527 409 pertinere.
555 380 598 388 —
638 373 723 395 non
760 364 875 395 tanti
911 368 1013 397 sunt
1037 368 1112 398 tua
1136 370 1299 407 musta,
1331 367 1403 400 scil.

61 439 99 466 ut
123 436 279 466 venustas
305 434 340 463 et
366 430 474 472 gloria
511 429 699 472 puellarum
726 432 866 472 propter
900 439 940 461 ea
965 430 1142 464 delitescat
1166 435 1200 464 et
1227 435 1345 475 pereat
1371 432 1402 464 in

60 501 161 543 agris.
188 518 231 523 —
273 502 424 543 pater,
460 497 638 530 notissimo
673 506 756 537 usu,
796 493 850 528 hic·
884 506 964 529 vero
1001 498 1152 531 additum
1188 502 1228 531 ut
1261 499 1405 532 leniatur

62 567 246 610 paullulum
272 566 393 598 duritia
419 564 600 597 verborum
625 562 909 597 antecedentium.
930 583 974 588 —
1001 566 1042 599 V.
1069 569 1112 599 67
1139 577 1211 609 sqq.
1237 577 1288 600 ne
1313 567 1406 600 sint

59 632 203 673 modo,
241 630 272 663 h.
306 631 328 663 l.
363 630 450 662 malo
487 629 599 662 valere
636 628 774 670 fruges,
818 639 917 670 quam
958 640 1034 663 esse
1071 642 1149 665 rure
1183 633 1324 676 puellas.
1360 650 1404 657 ——

58 698 210 741 prisco
236 706 374 736 more,
407 704 509 728 sensu
535 692 620 727 haec
645 693 747 726 verba
772 693 874 726 etiam
899 693 941 726 ad
968 696 1060 737 prius
1085 697 1272 730 membrum
1298 697 1404 741 perti-

57 767 149 804 nent,
176 762 288 806 posuit
313 766 424 794 tamen
454 760 488 792 in
511 758 662 792 secundo
688 769 728 791 ea
753 757 901 800 demum,
928 760 1034 793 veluti
1061 761 1106 803 Π,
1131 765 1165 803 5,
1192 765 1250 796 54.
1275 763 1402 797 factum

58 832 93 861 et
127 828 210 861 alias
243 826 461 870 saepissime,
499 825 541 858 de
579 836 647 868 quo
681 825 807 868 ubique
846 836 980 859 moneo.
1011 845 1050 851 —-
1100 830 1286 872 passim,
1320 839 1405 874 pro-

56 894 195 927 miscue.
244 893 397 925 Pmmns
432 890 591 923 laudante
627 890 888 924 Bnoncxnnsm
914 891 957 934 V,
981 894 1024 926 S:
1062 894 1295 926 Garamantes
1328 905 1405 926 ma-

55 958 298 992 trimoniorum
320 963 477 990 exsortes
495 955 632 1000 passim
656 967 733 987 cum
752 955 901 1001 seminis
921 956 1066 1002 degunt.
1116 959 1219 992 Addit
1242 960 1403 994 VULPIUS

57 1025 158 1059 Ovid.
185 1026 257 1058 Art.
285 1026 359 1057 Am.
384 1024 412 1065 I,
437 1025 502 1056 44:
539 1023 635 1055 Dum
670 1020 750 1053 licet
776 1027 812 1052 et
845 1020 929 1054 loris
952 1022 1087 1066 passim
1106 1030 1208 1068 potes
1232 1024 1283 1056 ire
1307 1025 1404 1058 sola—

56 1094 124 1131 tis,
149 1091 252 1136 Elige
278 1090 335 1122 cui
361 1089 478 1125 dicas,
504 1094 545 1120 ta
571 1087 658 1120 milzi
683 1087 760 1120 sola
781 1087 914 1132 places.
932 1108 979 1113 --
1003 1090 1046 1124 V.
1072 1094 1115 1124 71
1144 1101 1217 1133 sqq.
1257 1091 1406 1135 adspi-

59 1157 210 1198 rabat,
248 1156 417 1200 propitius
451 1159 544 1195 erat,
580 1153 624 1187 cf.
649 1153 694 1187 ad
719 1154 762 1196 Π,
789 1156 822 1195 1,
847 1157 904 1187 80.
928 1173 975 1178 -
1013 1161 1190 1199 aperte,
1226 1156 1289 1190 sub
1315 1157 1406 1199 divo,

57 1235 134 1257 cum
166 1234 232 1256 non
266 1222 373 1265 turpis
407 1225 499 1254 esset
533 1230 588 1253 res
622 1221 656 1252 in
688 1221 754 1253 ista
785 1219 1001 1262 simplicitate
1035 1223 1208 1264 temporis
1269 1221 1406 1255 Adiecit

56 1294 168 1322 tamen
196 1288 370 1320 Tibullus:
410 1287 449 1318 in
481 1287 692 1319 umbrosa
727 1287 867 1327 valle,
894 1287 984 1329 quod
1011 1288 1079 1319 noli
1107 1288 1302 1330 negligere,
1328 1299 1403 1322 mo—

55 1359 157 1389 nente
182 1355 284 1388 etiam
309 1353 513 1385 HuscHKlo.
538 1369 584 1375 —
622 1352 658 1384 M
674 1352 774 1393 itis,
809 1362 876 1384 non
901 1363 1022 1395 aspera
1046 1356 1084 1385 ut
1108 1364 1196 1386 nunc
1219 1364 1334 1398 saepe.
1357 1373 1404 1378 -

55 1424 91 1456 si
116 1422 182 1455 fas
209 1425 296 1462 est,
323 1420 410 1452 bene
436 1423 471 1452 et
493 1419 667 1462 sapienter
691 1419 841 1452 additum
863 1419 896 1451 in
922 1419 981 1451 tali
1004 1424 1096 1452 voto.
1114 1439 1157 1444 —
1186 1422 1269 1454 Mox
1297 1422 1405 1456 Hor-

54 1487 152 1521 rida
177 1495 369 1529 corpora
393 1488 471 1518 sunt
496 1484 639 1523 inculta,
665 1483 773 1525 hirta,
799 1487 836 1516 ut
862 1484 971 1517 Ovm.
991 1485 1077 1518 Met.
1102 1486 1129 1528 I,
1155 1489 1237 1520 514.
1262 1499 1403 1532 compa-

53 1557 150 1587 rante
170 1554 330 1587 VULPIO:
358 1562 428 1582 non
452 1548 509 1581 hic
535 1555 696 1581 armenta
718 1559 884 1594 gregesve
905 1548 1070 1582 horridas
1091 1549 1242 1587 observo,
1269 1550 1406 1597 αὐχμη-

56 1617 125 1665 ρός.
173 1620 262 1652 Tum
300 1618 468 1651 villosa
504 1619 630 1648 veste
664 1614 695 1648 h.
722 1626 751 1648 e.
789 1617 956 1659 pellibus,
994 1622 1033 1649 ut
1058 1629 1132 1650 mos
1156 1621 1342 1661 agrestium
1369 1626 1404 1655 et

53 1685 279 1719 silvicolarum
313 1682 482 1715 hominum
518 1685 581 1712 est.
632 1680 737 1713 Vides
770 1682 964 1722 squalorem
997 1685 1141 1724 agrestis
1178 1685 1265 1718 vitae
1300 1697 1402 1729 prae-

53 1752 134 1785 ferri
157 1762 177 1783 a
203 1754 324 1794 poeta,
350 1749 406 1781 ubi
431 1758 546 1780 amore
572 1747 722 1788 fruatur,
752 1748 884 1780 ornatui
910 1747 1074 1782 hodierno
1100 1751 1243 1785 vestium
1271 1752 1401 1786 delica-

53 1824 176 1859 tarum,
198 1816 226 1849 si
245 1816 358 1849 clausa
379 1815 491 1858 puella
516 1816 570 1856 sit,
594 1818 632 1847 ut
652 1824 739 1847 nunc
764 1814 842 1847 villa
867 1815 964 1847 istius
991 1817 1164 1850 amatoris.
1181 1836 1228 1842 —-
1254 1819 1402 1855 laxam

0 1869 1 1872 Ἴ
53 1889 224 1927 togam,
249 1883 357 1925 qualis
382 1882 626 1924 delicatorum,
649 1882 793 1915 vidimus
818 1881 844 1922 Ι,
872 1884 904 1923 6,
923 1885 985 1915 40.
1012 1901 1057 1905 —

148 1950 191 1984 V.
224 1952 282 1982 79.
316 1951 373 1981 80.
428 1947 600 1981 Exitus.
660 1947 782 1980 Valeat
817 1947 923 1989 igitur
960 1948 1151 1990 elegantior
1187 1949 1276 1992 vita3
1322 1950 1400 1984 fiam

0 2026 1 2029 ’
53 2026 170 2049 servus
198 2019 233 2048 et
266 2016 299 2047 in
333 2014 489 2048 dominae
516 2015 608 2057 agris
633 2013 676 2046 ad
708 2014 886 2057 imperium
922 2013 994 2047 eius
1030 2026 1115 2058 opus
1149 2016 1314 2050 rusticum
1347 2017 1402 2050 sa-

54 2083 152 2124 ciam,
178 2087 215 2115 ut
238 2082 288 2115 sic
311 2081 480 2114 interdum
504 2082 623 2113 saltem
650 2079 713 2113 frui
742 2069 908 2124 adspectu
934 2080 1007 2113 eius
1032 2082 1147 2114 liceat.
1194 2081 1290 2124 Ergo
1316 2083 1402 2116 Du-

54 2151 144 2182 cite
179 2154 248 2182 est:
284 2148 442 2181 abducite
478 2148 510 2180 in
536 2148 729 2189 servitium,
766 2158 866 2190 quem
892 2158 989 2180 usum
1013 2148 1108 2181 verbi
1135 2149 1296 2182 VULPms
1320 2149 1401 2181 illu-

55 2220 151 2249 strat.
207 2214 301 2248 Non
339 2224 403 2247 me
440 2223 553 2255 nego
586 2217 649 2246 etc.
687 2217 756 2246 est:
800 2223 867 2246 non
907 2223 1041 2246 recuso.
1100 2214 1226 2247 Rarior
1260 2215 1400 2248 locutio.

53 2282 203 2315 vincla
233 2291 314 2313 vero
348 2279 530 2323 compedes
562 2283 659 2321 sunt,
692 2284 852 2312 monente
885 2281 1106 2313 ScAmGEno.
1156 2282 1277 2314 Faciet
1312 2291 1400 2325 opus

56 2349 156 2381 etiam
183 2348 215 2380 in
242 2346 310 2388 his,
349 2347 482 2388 quoties
515 2346 593 2378 talis
628 2347 658 2379 ei
695 2357 806 2390 poena
840 2346 1052 2380 decernetur.
1101 2348 1281 2381 Postremo
1306 2348 1400 2381 vides

55 2414 166 2446 redire
188 2417 325 2456 poetam
347 2411 389 2444 ad
424 2411 601 2444 exordium
627 2415 661 2444 et
687 2415 844 2455 repetere
869 2412 960 2455 quod
985 2413 1030 2445 ibi
1056 2412 1204 2448 dictum:
1246 2418 1400 2458 paratum

57 2488 94 2511 se
117 2488 192 2511 esse
217 2477 344 2511 servite
369 2476 458 2521 apud
484 2476 672 2519 dominam,
696 2480 799 2519 atque
824 2477 926 2511 etiam
953 2478 1036 2512 dura
1061 2480 1143 2523 pati.

501 2601 948 2622 ffi-—w
