1721 2953
498 164 640 204 LIBR.
670 163 701 203 Ι.
759 162 915 203 ELEG.
947 164 1017 204 11Ι.
1382 170 1433 207 79

95 280 220 323 gaudia
244 291 305 315 sua
330 281 442 315 futura
467 281 501 315 in
527 281 649 324 Elysio
674 281 848 326 depinxit,
879 281 928 314 sic
953 291 1040 315 nunc
1065 280 1244 322 rivalibus,
1278 281 1337 323 qui
1363 289 1435 314 ma-

95 348 187 390 ligna
210 349 428 383 fascinatione
453 353 660 390 nocuerunt,
680 353 823 393 'poenas
848 348 985 382 Tartari
1009 349 1235 392 imprecatur,
1261 348 1436 392 ipsamque

94 414 226 448 Deliam
250 414 408 448 admonet
433 414 555 447 leniter
579 424 622 448 ne
651 413 753 446 fidem
787 413 911 446 laedat.
961 413 1062 449 Quod
1095 414 1190 447 vides
1224 423 1324 457 quam
1355 417 1436 457 apte

94 480 238 520 positum
263 480 317 513 sit.
365 479 514 513 Facilius
541 480 631 513 enim
657 478 745 512 feret
768 484 913 511 mortem
940 483 975 512 et
999 480 1231 522 tranquilliore
1255 479 1366 513 animo
1390 478 1435 513 ad

93 545 228 579 umbras
263 545 465 588 descendet,
500 547 529 579 si
563 546 667 579 etiam
701 546 824 579 rivales
864 546 948 579 istos
984 547 1150 589 pessimos
1184 546 1324 581 credere
1356 546 1437 580 licet

92 612 246 655 punitum
280 613 340 654 iri3
381 614 434 646 sin
468 612 593 646 redibit
625 613 761 646 domum
794 613 994 654 incolumis,
1033 624 1133 656 quam
1164 625 1236 648 rem
1259 615 1293 647 in
1318 614 1437 647 ultima

92 685 190 724 parte
213 681 369 714 carminis
394 684 539 722 tractat,
565 681 645 724 qnid
670 681 780 724 magis
804 681 838 714 in
863 682 952 714 votis
977 680 1102 715 habere
1127 681 1249 724 debet,
1274 693 1373 725 quam
1397 687 1437 716 ut

92 747 193 781 fidam
217 752 253 781 et
276 752 403 782 castam
428 748 575 792 reperiat
599 748 760 782 Deliam?
823 748 978 782 Diximus
1005 748 1047 782 de
1072 760 1162 782 nexu
1187 750 1254 782 loci
1278 761 1355 784 cum
1379 761 1438 784 re-

92 814 185 856 liquo
203 815 371 856 carmine3
397 815 635 848 tractationem
661 815 845 859 explicatio
869 825 1015 858 sequens
1040 816 1232 850 illustrabit.
1248 836 1293 843 --
1320 818 1362 851 V.
1376 820 1436 852 67.

91 879 320 913 scelerata
343 879 497 922 sedes,
521 884 561 913 ut
585 881 695 914 Ovm.
714 880 801 915 Met.
824 881 884 922 lv,
909 883 988 915 455.
1039 881 1135 915 Adde
1161 894 1238 917 cum
1262 883 1436 917 Lrvmssro

91 950 126 978 et
151 945 280 979 Vossro
313 945 521 978 sceleratum
555 946 659 979 limen
691 947 787 990 Virg.
815 949 900 981 Aen.
925 947 984 989 VI,
1016 951 1101 981 563.
1126 967 1171 972 —
1207 950 1331 983 iacet
1363 951 1437 984 ab-

91 1011 187 1045 dita
219 1023 273 1057 pr.
300 1016 353 1046 est
378 1013 514 1055 abdita,
547 1014 611 1046 nisi
637 1014 727 1057 quod
762 1013 854 1046 iacet
879 1014 1119 1058 profunditatis
1152 1015 1436 1057 significationem

90 1079 237 1114 adiuvat.
263 1081 368 1114 Ovm.
395 1081 480 1115 Met.
505 1081 550 1123 ΙΙ,
577 1084 654 1115 179.
685 1099 727 1107 -
753 1082 794 1115 in
821 1085 957 1115 nocte
981 1082 1222 1126 profunda,
1248 1094 1325 1117 cum
1350 1083 1438 1127 Ely-

90 1145 176 1178 sium
206 1149 324 1179 contra
353 1146 460 1179 solem
493 1145 635 1186 habeat,
672 1157 739 1189 quo
774 1147 1003 1180 collustretur.
1030 1164 1073 1173 —
1110 1159 1235 1191 quam
1269 1150 1437 1183 circum

90 1212 276 1246 flumina
301 1213 430 1256 nigra
454 1217 626 1247 sonant.
679 1214 777 1258 Apud
795 1215 999 1248 menmm
1019 1215 1233 1259 Phlegethon
1253 1217 1437 1251 Tartarum

90 1279 213 1320 ambit,
249 1279 332 1312 Aen.
362 1279 421 1320 VJ,
446 1282 528 1313 550.
577 1279 693 1313 Habet
726 1281 815 1313 enim
850 1280 1014 1313 Tartarus
1046 1282 1184 1325 propria
1215 1284 1434 1325 munimenta,

91 1348 125 1377 et
149 1344 302 1378 diversae
327 1348 405 1378 sunt
428 1344 561 1386 undae,
597 1355 684 1387 quae
711 1348 819 1377 totum
846 1346 975 1378 Orcum
1000 1345 1176 1380 includunt
1199 1352 1234 1381 et
1259 1348 1301 1381 ab
1326 1349 1438 1381 omni-

90 1409 152 1442 bus
189 1410 318 1443 umbris
355 1411 578 1445 traiiciuntur.
619 1429 664 1437 —-
712 1412 755 1446 V.
793 1414 850 1445 69.
901 1411 1244 1456 Tisiphoneque
1280 1415 1438 1450 saevit.

87 1476 195 1518 Intus,
220 1477 278 1518 ait,
296 1476 494 1520 Tisiphone,
520 1477 686 1510 carnificis
707 1487 828 1510 munus
848 1476 987 1519 habens,
1013 1478 1151 1520 flagello
1178 1479 1330 1522 exagitat
1354 1490 1437 1512 son-

88 1545 159 1583 tes,
186 1541 229 1577 cf.
255 1543 364 1576 Vme.
396 1544 479 1576 Aen.
506 1543 566 1585 VI,
592 1546 697 1585 570„
723 1548 757 1577 et
782 1544 892 1577 taedis
917 1544 1135 1587 ardentibus,
1160 1549 1199 1578 ut
1224 1545 1374 1578 additum
1402 1546 1435 1579 in

89 1608 195 1642 Culic.
220 1611 301 1642 217.
327 1609 489 1652 aliasque,
515 1610 558 1643 cf.
587 1610 822 1645 BRothxfflis.
848 1630 894 1635 —-
919 1611 1098 1655 impexa
1125 1622 1201 1654 pro
1228 1611 1435 1645 crinibus

88 1685 275 1718 angues,
311 1674 437 1708 habens
471 1678 504 1708 in
538 1679 650 1719 capite
683 1687 746 1720 pro
780 1677 927 1710 crinibus
961 1688 1091 1720 angues
1116 1677 1270 1712 horridos
1304 1683 1339 1712 et
1371 1680 1437 1712 im-

89 1751 208 1784 pexos.
257 1740 442 1774 Colubrino
467 1741 630 1784 capillitio
652 1742 822 1775 terribiles
848 1742 951 1775 furias
977 1742 1131 1776 fecerunt
1156 1754 1274 1777 omnes
1299 1748 1435 1788 poetae.

88 1808 248 1841 Ceterum
275 1808 483 1841 constructio
506 1812 558 1841 est
580 1811 619 1841 ut
642 1807 797 1841 incomta
823 1808 969 1853 capillos
988 1810 1050 1852 III,
1071 1813 1105 1852 2,
1126 1812 1180 1844 11.
1206 1815 1240 1844 et
1263 1809 1436 1855 implexae

87 1884 223 1918 angues
247 1873 457 1906 Eumenides
485 1874 595 1908 Viae.
621 1873 753 1916 Georg.
780 1873 840 1916 IV,
863 1875 958 1917 482„
983 1875 1178 1909 similia.-
1202 1879 1246 1909 et
1270 1874 1353 1909 huc
1382 1877 1433 1909 il-

88 1941 159 1973 luc
192 1940 324 1973 turba
357 1939 490 1982 fugit.
540 1939 617 1973 Non
644 1940 749 1974 dixit:
785 1945 820 1974 et
845 1941 911 1975 huc
936 1942 1018 1974 illuc
1043 1941 1177 1975 turbam
1201 1941 1320 1984 sugat,
1355 1943 1435 1984 qnia

88 2016 153 2038 non
179 2006 307 2049 pellere
333 2006 404 2039 vult
429 2005 616 2050 Tisiphone
641 2011 776 2048 sontes,
801 2006 861 2040 sed
887 2006 951 2051 ipsi
979 2007 1124 2050 fugiunt.
1144 2026 1190 2032 —-
1224 2008 1267 2042 V.
1293 2010 1349 2041 71.
1375 2011 1434 2043 72.

88 2071 158 2106 Qui
184 2071 295 2104 obiter
325 2072 406 2104 talia
431 2072 631 2115 inspiciunt,
670 2076 856 2115 querantur
881 2072 1004 2106 iterum
1030 2074 1275 2116 negligentiam
1309 2078 1435 2118 poetae

88 2141 122 2169 et
155 2147 351 2180 perversum
385 2147 498 2170 rerum
533 2137 706 2179 ordinem3
741 2138 791 2170 sic
824 2138 912 2171 enim
946 2137 1126 2172 dicendum
1162 2138 1266 2172 fuisse
1292 2142 1330 2171 ut
1356 2144 1434 2183 post

87 2203 222 2235 flumina
249 2202 435 2235 Cerberum
461 2206 539 2236 ante
565 2203 656 2236 fores
681 2209 907 2244 memoraret,
936 2203 1120 2248 {postremo
1145 2203 1353 2249 Tisiphonen
1382 2206 1436 2239 in-

87 2272 152 2301 tus.
205 2269 253 2301 Ac
286 2268 429 2301 dixisset
461 2272 553 2301 certe
579 2269 626 2302 ita
651 2268 870 2313 geographus
904 2269 1023 2303 bonus.
1073 2271 1184 2304 Aliter
1215 2281 1297 2303 vero
1332 2276 1434 2315 poeta

88 2346 175 2368 nunc
201 2335 370 2376 iudicavit,
394 2335 451 2377 qui
475 2335 543 2367 situ
568 2336 633 2368 loci
658 2340 693 2369 et
716 2336 826 2368 fluviis
852 2336 1080 2370 ambientibus
1104 2338 1297 2371 memoratis
1319 2339 1434 2372 statim

89 2402 122 2435 in
150 2402 313 2435 interiora
347 2413 410 2435 nos
439 2402 551 2444 ducit,
587 2407 624 2435 ut
648 2403 856 2447 Tisiphonen
883 2405 1057 2439 videamus
1081 2407 1289 2440 saevientem
1316 2411 1351 2440 et
1379 2407 1435 2440 su-

87 2466 237 2508 gientem
264 2466 328 2500 huc
356 2468 437 2500 illuc
471 2467 625 2509 turbam,
658 2472 728 2501 tum
763 2468 897 2502 demum
931 2471 963 2503 in
991 2475 1091 2514 porta
1115 2472 1217 2505 etiam
1244 2472 1432 2506 Cerberum

87 2535 262 2564 monstrat.
313 2533 390 2568 Qua
414 2532 457 2566 de
483 2532 612 2566 causa?
648 2532 815 2567 Naurum
838 2535 887 2568 sic
909 2535 1064 2578 gradatio
1084 2537 1208 2571 eximia
1229 2537 1435 2581 descriptio-

88 2598 140 2630 nis
165 2599 316 2640 exsistit,
355 2599 568 2641 efficiturque
594 2603 631 2633 ut
657 2604 734 2644 post
762 2602 932 2644 cognitam
959 2603 1066 2636 suriae
1094 2603 1329 2647 persequentis
1356 2614 1433 2636 sae-

89 2663 201 2696 vitiam
241 2673 346 2697 novus
383 2669 491 2697 terror
530 2665 591 2698 tibi
625 2667 753 2701 oriatur
787 2678 847 2709 eo,
887 2668 977 2712 quod
1012 2669 1164 2713 effugere
1200 2679 1264 2703 non
1292 2674 1433 2712 possunt
