1721 2953
249 128 325 165 126
558 117 927 162 COMMENTAR.
956 122 1017 163 IN
1047 122 1274 165 TIBULLI

246 244 316 272 tur
342 248 420 272 nec
446 235 684 279 aperiatur
708 237 859 279 ianua,
882 237 1072 271 rivalem
1098 238 1288 274 divitem
1313 245 1462 276 monet
1487 244 1587 278 irri-

245 305 371 345 dens,
398 312 448 335 ne
474 301 656 335 nimium
681 301 891 335 confidat
915 313 1050 337 aurae
1075 306 1321 350 secundae;
1346 318 1447 342 esse
1473 311 1587 344 enim

246 371 327 403 iam
353 368 509 409 alium,
535 368 606 410 qui
633 368 829 412 puellam
855 372 1170 414 concupiscat.

338 434 381 467 V.
406 436 452 467 67
476 444 526 476 sq.
576 432 674 466 Heu
700 435 902 467 canimus
927 435 1116 470 frustra.
1165 437 1224 471 Sic
1250 437 1333 472 dicit
1357 439 1437 474 Lrv.
1463 443 1520 483 40,
1544 444 1586 475 8:

243 498 361 532 surdis
379 498 528 531 auribus
552 510 684 535 canere,
713 504 748 533 et
772 500 918 534 conferri
945 506 1058 546 potest
1083 499 1193 541 ι’έλλως
1219 500 1322 547 ᾄδεις,
1353 517 1440 549 quae
1465 521 1587 553 παροι-

241 568 304 603 μία
338 568 389 598 est
424 565 477 596 ἐπὶ
509 564 576 596 τῶν
610 560 723 608 μάτην
750 562 960 606 πονούντων,
995 566 1062 600 vid·
1086 567 1222 602 IACOBS.
1248 570 1291 603 ad
1317 571 1498 615 Antholog.
1525 576 1586 608 Gr.

242 631 318 664 Vol.
343 631 371 672 I,
404 642 436 674 p.
466 632 542 664 108.
593 630 692 666 Quae
726 630 827 664 etiam
862 632 895 664 in
923 642 1024 675 prosa
1049 634 1204 667 oratione
1230 635 1409 678 dicuntur3
1447 638 1500 671 hic
1525 650 1587 672 au-

241 701 308 731 tem
340 707 475 730 carmen
501 695 661 730 habemus
686 699 1038 744 παρακλαυσίθυρον,
1077 704 1189 734 stante
1214 706 1336 745 poeta,
1372 708 1410 737 ut
1434 706 1585 749 fingitur,

240 767 274 795 ct
309 766 475 804 querente
510 766 588 796 ante
626 763 760 797 ianuam
800 765 961 799 clausam.
995 784 1041 790 -
1087 767 1228 809 victa,
1266 768 1310 802 cf.
1343 769 1370 810 Ι,
1404 772 1437 812 2,
1471 773 1506 805 9.
1541 790 1585 797 -

239 831 370 874 plena
403 839 548 871 mauu,
583 828 615 863 h.
641 839 671 864 e.
698 830 798 873 plena
823 830 917 873 auri,
951 834 988 863 ut
1015 831 1248 874 CYLLEMUS,
1274 833 1454 877 Vmaems,
1480 836 1586 870 Hur-

238 908 343 938 NIUS,
379 897 716 936 VVUNDERLICHIUS,
751 896 808 928 alii
832 895 1001 929 viderunt.
1049 897 1109 931 Sic
1133 909 1260 930 manus
1281 900 1426 944 gravis,
1459 913 1585 941 vacua,

235 966 309 1008 χεὶρ
336 960 478 1007 πλήρης,
502 969 612 1007 χξῑρες
637 965 738 1001 κεναί,
763 962 806 996 de
831 973 899 1005 quo
931 973 993 997 usu
1018 964 1119 998 docte
1146 966 1218 1008 egit
1242 966 1585 1003 Mrzrscrmnmcmus

249 1041 270 1063 n
296 1029 451 1062 Teutam.
479 1028 552 1061 crit.
579 1039 612 1071 p.
637 1030 669 1060 6.
695 1031 729 1061 7.
774 1028 862 1061 Vide
888 1039 920 1063 v.
946 1039 974 1062 c.
1003 1028 1100 1063 Hom.
1128 1030 1252 1073 Odyss.
1273 1032 1317 1074 X,
1340 1036 1396 1066 42.
1421 1034 1482 1076 Χῖ,
1504 1037 1584 1069 358.

237 1096 518 1129 Buoncmmsms
543 1099 578 1128 et
603 1096 877 1128 Foncmmmns
911 1106 1091 1140 perperam
1123 1097 1165 1130 de
1199 1100 1505 1142 oppugnationibus
1532 1102 1585 1136 fo-

237 1164 323 1196 rium
361 1162 535 1196 nocturnis
572 1162 747 1205 cogitant,
791 1173 879 1205 quae
914 1163 1032 1196 validis
1066 1163 1190 1197 ictibus
1225 1165 1467 1208 percutiendae
1505 1167 1583 1200 sint.

236 1230 356 1263 Aliena
380 1229 434 1262 hic
459 1239 525 1263 res.
552 1247 596 1253 —-
632 1229 673 1262 V.
701 1231 745 1262 69
772 1239 824 1270 sq.
873 1229 925 1261 At
958 1233 1022 1270 tu,
1060 1228 1102 1262 cf.
1129 1229 1156 1271 I,
1182 1232 1216 1272 2,
1240 1232 1297 1263 89.
1322 1247 1370 1254 -
1408 1232 1582 1275 potior,

236 1295 380 1328 Horum.
405 1294 468 1336 Ill,
493 1297 526 1336 9,
550 1297 585 1328 2.
611 1294 669 1326 ubi
700 1294 777 1327 vide
805 1293 1182 1338 Mmscussnmcmmu,
1215 1300 1254 1329 ut
1279 1295 1332 1330 hic
1359 1297 1581 1332 Bnoucmm-

235 1371 330 1394 snm.
356 1378 403 1387 —
438 1371 529 1393 mea
557 1360 649 1393 fata
685 1361 857 1395 timeto.
908 1362 1075 1395 Similiter
1103 1363 1292 1396 Houxrws
1319 1363 1461 1398 feliciori
1486 1367 1581 1399 rivali

236 1428 317 1460 talia
342 1430 529 1470 auguratur
553 1426 666 1470 Epod.
694 1425 772 1467 XV,
800 1429 854 1460 17.
881 1432 1039 1461 monente
1060 1428 1368 1462 Wmvnssmacmo.
1394 1449 1438 1454 —
1476 1432 1584 1465 Ver-

236 1496 361 1526 satur
400 1492 509 1524 Fors
544 1495 608 1524 etc.
646 1478 677 1524 li.
712 1500 742 1524 e.
784 1492 885 1524 vertit
917 1502 955 1525 se
990 1492 1098 1526 facile.
1148 1494 1291 1527 Constat
1325 1499 1476 1538 veteres,
1515 1508 1582 1531 non

235 1560 398 1593 classicae
422 1558 559 1602 quidem
585 1558 662 1591 dico
687 1559 809 1591 aetatis
835 1560 989 1592 Graecos
1020 1561 1203 1603 scriptores
1228 1563 1401 1605 prosaicos
1430 1568 1464 1596 et
1498 1575 1581 1608 poe-

235 1630 286 1657 tas
321 1625 453 1668 epicos,
491 1624 634 1665 lyricos,
670 1623 840 1664 tragicos,
880 1634 964 1665 quos
999 1625 1175 1666 novimus,
1211 1630 1246 1658 at
1279 1632 1461 1669 sequentes
1492 1630 1581 1664 circa

235 1691 463 1725 Alexandrina
489 1693 662 1733 tempora,
694 1692 765 1721 tum
794 1689 985 1730 Romanos,
1023 1686 1156 1735 Τύχην,
1191 1693 1357 1732 Νέμεσιν,
1392 1693 1579 1728 Fortunam

233 1759 338 1801 globo
363 1762 421 1791 aut
447 1761 544 1791 rotae
570 1755 764 1790 exhibuisse
799 1756 1031 1797 insistentem,
1070 1756 1113 1790 cf.
1147 1757 1285 1791 IAcoBs.
1314 1758 1513 1793 Animadvv.
1545 1760 1579 1793 in

234 1825 417 1858 Callistrat.
443 1835 476 1867 p.
503 1825 584 1857 701.
609 1824 677 1865 fin„
703 1826 737 1856 et
761 1823 816 1855 adi
840 1834 869 1856 v.
896 1834 924 1856 c.
951 1823 1078 1856 emim.
1106 1824 1139 1857 in
1164 1824 1283 1858 Pison.
1310 1827 1364 1858 10.
1414 1827 1576 1860 AnmmN.

234 1891 469 1924 ancunnm.
504 1892 570 1931 26,
608 1891 664 1931 8.,
704 1890 769 1922 alia
807 1890 903 1931 plura
943 1890 1033 1934 apud
1071 1891 1372 1926 Bnoucifflusmn.
1435 1893 1581 1927 Videtur

233 1957 368 2000 Καῑρος
391 1953 534 1998 Lysippi
556 1957 647 1987 stans
665 1954 699 1987 in
724 1957 850 1999 σφαίρᾳ
878 1955 1022 1998 primum
1048 1960 1179 1990 certum
1205 1958 1399 2001 exemplum
1421 1958 1470 1991 rei
1492 1968 1578 1997 esse,

234 2022 277 2054 de
303 2030 370 2063 quo
395 2023 537 2053 constat.
562 2038 608 2044 --
634 2020 676 2054 V.
702 2023 758 2055 72.
784 2031 830 2054 ac
857 2022 1016 2056 crebro
1042 2024 1297 2067 prospicit,
1323 2028 1580 2068 praetereuntes

235 2093 338 2122 noctu
370 2092 473 2132 puta,
511 2088 569 2130 qui
602 2098 678 2122 cum
711 2090 1005 2133 appropinquant,
1040 2090 1169 2133 refugit
1204 2102 1247 2125 ne
1281 2096 1497 2134 agnoscatur.
1534 2111 1580 2117 —

234 2156 275 2188 V.
293 2156 337 2188 73
351 2164 400 2196 sq.
426 2163 523 2187 mox
551 2152 733 2196 deinde,
759 2158 797 2187 ut
818 2157 955 2188 notante
973 2154 1270 2189 Wmvnnnmcnro
1291 2159 1344 2189 est
1356 2162 1441 2200 post
1460 2155 1580 2189 deinde

236 2220 405 2253 Tannwr.
431 2218 534 2252 Andr.
560 2218 621 2260 111,
646 2221 680 2260 2,
706 2221 760 2262 5.,
799 2220 857 2253 ubi
895 2221 972 2254 vide
1004 2221 1219 2265 interpretes.
1269 2222 1367 2256 Adde
1395 2222 1578 2267 ‘praeterea

241 2286 445 2329 interpretes
470 2284 512 2318 ad
539 2284 704 2318 Commu.
731 2285 822 2320 Ner.
848 2286 916 2320 Vit.
943 2286 1088 2322 Eumen.
1124 2299 1153 2321 c.
1178 2290 1211 2320 5.
1251 2288 1396 2321 maxime
1430 2289 1577 2328 Boswm,

237 2352 294 2393 qni
320 2353 424 2384 multa
453 2351 574 2384 similia
606 2351 746 2384 notavit.
773 2367 818 2375 —
855 2355 1065 2393 excreat,
1104 2357 1141 2386 ut
1175 2353 1344 2395 significet
1375 2353 1507 2396 puellae
1541 2363 1578 2386 se

236 2417 365 2450 adesse.
414 2416 515 2450 Aliud
540 2416 735 2459 exemplum
760 2416 846 2459 signi
865 2416 912 2449 ita
934 2416 1002 2450 dati
1021 2417 1087 2450 vid.
1115 2417 1222 2450 Ovu).
1247 2416 1387 2449 Heroid.
1409 2416 1504 2458 XXI,
1519 2419 1576 2450 24.

238 2483 398 2516 Ceterum
435 2482 526 2523 quod
559 2483 714 2515 Ovinius
748 2483 852 2517 Trist.
876 2483 921 2525 ΙΙ,
946 2486 1026 2517 460.
1060 2483 1147 2517 hunc
1182 2493 1314 2515 versum
1342 2483 1474 2517 imitans
1501 2494 1576 2518 cum

239 2548 312 2580 aliis
345 2548 389 2580 ibi
410 2534 592 2590 'coniungit
618 2559 636 2581 e
662 2553 759 2583 sexta
785 2551 895 2594 elegia
920 2551 1055 2594 petitis,
1088 2550 1150 2582 nisi
1177 2549 1338 2583 memoria
1371 2551 1485 2593 lapsus
1515 2556 1576 2592 est,

240 2614 396 2647 libertate
422 2614 554 2658 poetica
583 2615 697 2646 uritur.
749 2615 836 2647 Nam
863 2613 925 2648 hoc
953 2616 1026 2648 loco
1053 2614 1209 2646 Tibullus
1236 2615 1277 2648 de
1304 2615 1403 2647 tertio
1431 2615 1575 2657 quodam
