1721 2953
262 119 330 142 'vlu

262 234 505 282 veniuntur,
549 245 670 286 quem
706 244 815 270 nunc
851 230 1001 270 Vestro
1041 237 1079 268 et
1119 229 1291 269 aliorum
1334 242 1465 282 aequo
1503 226 1609 267 iudi-

264 330 325 370 cio
356 326 611 369 commendo.
677 324 782 365 Sunt
813 326 886 379 qui
914 325 1095 377 vigorem
1126 336 1321 363 sensuum
1361 331 1400 361 et
1436 322 1610 374 phanta-

264 427 344 466 siae
386 424 587 478 poeticam
630 423 880 464 alacritatem
926 423 1060 474 frangi
1106 419 1274 462 credant
1310 419 1406 459 artis
1451 431 1529 456 usu
1573 425 1611 455 et

264 535 426 563 caccum
454 522 640 560 furorem
667 520 925 572 praeferant,
956 518 1029 572 qui
1057 518 1160 557 mihi
1182 529 1331 569 parum
1361 521 1546 575 securate
1573 520 1611 551 et

263 624 406 668 poetas
446 615 590 667 legisse
628 622 668 654 et
704 626 792 653 rem
824 612 956 665 ipsam
985 625 1061 664 per
1091 625 1133 651 se
1162 609 1440 651 considerasse
1469 605 1612 647 viden-

265 720 345 751 tur.
399 709 607 751 Nimirum
636 709 787 761 frangit
815 721 880 749 ars
908 707 1119 759 ingenium
1150 720 1256 759 quae
1286 703 1511 751 dissimilis,
1544 700 1613 741 ad-

265 811 380 849 iuvat
408 821 512 862 quae
542 806 786 854 conformis,
817 804 1007 846 classicus
1036 811 1172 842 autem
1201 802 1375 854 scriptor
1416 798 1548 838 omnis
1577 805 1615 837 et

267 911 353 942 arte
383 910 422 941 ct
447 901 610 954 ingenio
642 902 788 954 pollet,
824 900 1031 952 habetque
1069 899 1170 938 haec
1202 899 1258 937 ita
1289 897 1526 944 coniuncta,
1573 902 1617 933 ut

268 1011 351 1036 una
389 997 441 1035 sit
474 997 536 1036 vis
578 996 808 1048 utriusque.
875 991 999 1042 Quod
1041 993 1162 1031 etiam
1190 991 1381 1031 Tibullus
1428 990 1616 1041 exemplo

267 1103 344 1130 suo
373 1092 616 1142 comprobat
645 1092 816 1142 egregie.
884 1090 1044 1128 Verum
1076 1086 1176 1140 quid
1205 1086 1302 1126 talia
1330 1085 1484 1131 Vobis,
1528 1083 1619 1135 qui-

269 1187 347 1226 bus
385 1199 506 1225 nemo
551 1185 703 1225 rectius
742 1183 791 1224 de
823 1195 996 1235 poeseos
1026 1182 1198 1221 ratione·
1225 1176 1408 1220 iudicat?
1474 1179 1619 1218 valete

271 1282 414 1334 igitur,
455 1279 611 1333 Optimi
650 1279 765 1328 Viri,
810 1286 849 1318 et
885 1279 1040 1331 pergite
1080 1285 1125 1317 ut
1167 1277 1296 1316 facitis
1339 1275 1439 1315 mihi
1470 1274 1620 1321 favere.

273 1390 451 1431 quorum
480 1375 654 1415 amicitia
683 1375 832 1415 mirum
864 1380 1062 1426 quantum
1091 1373 1235 1410 laetor.
