1721 2953
290 160 341 195 68
605 150 975 193 (JOMMENTAR.
1004 152 1063 194 IN
1094 153 1321 195 TIBULLI

290 276 474 309 Praeterea
508 272 711 314 interpretes
744 267 786 303 ad
815 268 988 303 Tibullum
1015 269 1224 304 consulendi.
1251 287 1298 297 —
1332 270 1374 305 V.
1406 271 1464 305 24.
1502 280 1632 314 nera,

292 343 324 376 ln.
352 353 380 375 e.
416 341 527 373 sistra.
576 335 734 379 Egerunt
766 335 811 370 de
842 337 945 370 sistro
979 337 1168 371 BAccmssn
1195 341 1230 371 et
1257 337 1419 371 Tonmus
1444 338 1479 372 in
1504 339 1633 372 Graev-

290 408 456 442 Tbesaur.
480 403 662 446 Antiquitt.
687 402 789 436 Rom.
815 403 893 438 Vol.
918 403 996 438 VII.
1026 406 1061 437 et
1086 403 1236 437 Bossms
1271 403 1305 437 in
1334 403 1505 446 Sallengr.
1538 403 1634 437 The-

289 483 378 508 saur.
412 471 454 504 Τ.
480 469 525 503 ll.
553 485 595 494 -
634 468 841 513 repulsa,
878 466 911 505 h.
938 478 968 502 e.
1004 478 1193 510 concussa3
1232 469 1328 512 quati
1353 470 1441 503 enim
1466 469 1634 513 solebant,

287 548 354 572 non
379 535 522 581 percuti.
571 533 788 577 Praepositio
821 543 858 565 re
892 533 1031 566 iteratas
1067 537 1102 566 et
1137 533 1276 568 crebras
1309 535 1510 569 iactationes
1540 534 1632 569 sistri

284 604 424 639 iudicat.
471 601 637 635 Similiter
659 600 746 633 iufra
770 599 797 642 I,
822 602 858 642 8,
882 602 939 634 22.
961 618 1010 626 -
1046 601 1089 635 V.
1114 603 1171 634 25.
1198 603 1256 636 26.
1306 602 1462 637 Celebris
1487 603 1521 636 in
1545 603 1631 636 Isia-

285 671 334 704 cis
355 669 461 703 sacris
479 666 617 700 lavatio
636 670 671 700 et
695 663 876 699 secubitus
897 664 1097 701 feminarum
1125 669 1209 709 erat,
1234 677 1323 710 quae
1346 678 1431 712 pure
1456 669 1546 702 lotae
1570 678 1632 712 per

285 741 416 772 certum
441 740 575 779 tempus
596 734 669 768 sine
694 734 767 767 viro
793 732 942 766 dormire
967 731 1148 775 debebant,
1173 733 1276 776 idque
1300 734 1334 766 in
1357 738 1453 767 casto
1477 744 1552 767 esse
1577 733 1632 767 di-

287 805 445 839 cebatur.
493 802 603 836 Erant
623 804 737 833 autem
761 800 883 844 partim
907 801 992 834 certi
1017 801 1106 834 sacri
1131 804 1167 834 et
1190 801 1394 835 observandi
1417 801 1490 835 dies
1513 801 1572 834 ubi
1596 801 1631 835 id

289 872 415 913 fiebat,
440 869 485 905 cf.
512 870 639 903 lux-mv.
664 867 724 909 vl,
748 869 850 910 536„
875 868 997 912 partim
1019 868 1096 911 alii,
1129 868 1159 901 si
1182 872 1322 902 voverat
1350 868 1475 902 femina
1498 872 1630 902 castum

281 939 395 981 aliqua
430 937 562 981 privata
595 935 638 968 de
670 945 784 969 causa.
833 934 936 969 Prius
970 945 1078 978 genus
1114 934 1204 979 apud
1241 935 1489 970 Pnopssnwmm
1525 937 1628 970 etiam

282 1002 465 1046 significari
497 1001 631 1034 videtur
661 1000 706 1042 II,
730 1002 794 1032 33:
837 998 974 1032 Tristia
1008 998 1080 1031 iam
1117 999 1265 1033 redeunt
1297 1000 1425 1034 iterum
1459 1001 1628 1034 solemnia

281 1069 390 1107 nobis,
416 1068 572 1114 Cynthia
596 1067 668 1099 iam
691 1071 809 1099 noctes
830 1072 884 1099 est
909 1071 1057 1111 operata
1082 1066 1206 1104 decem,
1231 1067 1289 1101 ubi
1315 1067 1409 1101 vides
1437 1068 1628 1101 secubitum

280 1149 357 1172 cum
383 1136 550 1170 lavatione
577 1133 804 1178 praecessisse
829 1133 904 1178 ipsa
928 1133 1055 1167 maiora
1080 1134 1243 1167 solemnia
1266 1133 1362 1167 deae.
1411 1133 1628 1167 Secubabaut

281 1210 397 1239 autem
423 1203 534 1244 domi,
573 1201 616 1235 cf.
641 1201 768 1234 ΙυνΕΝ.
793 1201 815 1234 l.
842 1200 919 1243 cit.,
955 1204 1014 1234 aut
1040 1200 1072 1233 in
1098 1201 1227 1245 templo
1251 1200 1415 1234 excubias
1441 1200 1627 1234 reddebant

279 1271 384 1311 deae,
420 1269 470 1302 uti
496 1266 641 1310 Cynthia
666 1267 785 1301 morbo
814 1267 956 1302 liberata
982 1268 1170 1303 PROPERT.
1194 1267 1240 1310 ΙΙ,
1260 1270 1319 1310 28,
1341 1270 1397 1302 15.
1448 1269 1546 1304 Quae
1571 1271 1626 1301 ta-

277 1348 355 1371 men
381 1335 547 1369 excubiae
571 1334 747 1367 libidinum
774 1335 887 1378 potius
912 1339 1068 1379 tempora
1094 1338 1211 1377 erant,
1245 1335 1483 1368 adiuvantibus
1508 1344 1625 1368 sacer-

277 1401 414 1435 dotibus
439 1400 535 1441 lenis,
561 1398 604 1433 cf.
627 1399 733 1432 Ovm.
754 1399 828 1432 Art.
849 1400 923 1432 Am.
944 1399 972 1441 1,
994 1403 1051 1433 77.
1079 1400 1282 1443 omninoque
1303 1400 1485 1435 BoETTrG.
1507 1400 1624 1435 Sabin.

276 1467 378 1501 Tom.
398 1466 425 1499 I.
452 1478 485 1509 p.
510 1468 591 1498 233.
640 1464 693 1498 Ab
718 1464 782 1498 hoc
806 1466 881 1499 loco
908 1467 1021 1510 turpia
1046 1466 1110 1499 ista
1137 1467 1341 1510 templorum
1366 1468 1497 1509 aliena3
1521 1471 1624 1512 poeta

275 1534 319 1568 de
352 1533 540 1567 domestico
575 1535 673 1565 castu
706 1532 825 1566 Deliae
860 1533 1029 1576 loquitur,
1069 1544 1170 1576 quem
1207 1534 1313 1567 sacris
1349 1533 1465 1568 Isiacis
1503 1533 1623 1567 diebus

274 1599 363 1644 apud
389 1609 426 1632 se
451 1597 653 1632 observabat
679 1597 733 1641 pie
760 1596 844 1631 llaec
868 1609 964 1631 sacra
997 1599 1114 1631 colens
1146 1600 1381 1642 superstitiosa
1416 1600 1548 1643 puella,
1582 1610 1623 1633 ac

273 1675 477 1708 quamquam
509 1664 613 1705 vulgo
647 1663 807 1695 mulieres
842 1663 942 1696 etiam
976 1661 1035 1695 has
1061 1663 1265 1697 domesticas
1290 1668 1408 1698 noctes
1431 1675 1535 1709 saepe
1560 1675 1624 1698 vo-

272 1732 461 1776 luptatibus
486 1730 631 1764 veneris
657 1729 792 1763 dedisse
819 1733 964 1771 constat,
990 1728 1044 1763 hie
1068 1731 1160 1763 nulla
1185 1729 1282 1763 huius
1303 1731 1351 1764 rei
1371 1731 1520 1775 suspicio
1541 1741 1623 1775 pro-

271 1798 380 1838 ditur,
416 1807 480 1830 nec
505 1795 661 1828 convenit
687 1793 875 1828 huiusmodi
901 1794 981 1837 quid
1016 1793 1094 1828 huic
1129 1796 1217 1829 loco.
1242 1813 1286 1820 —-
1323 1805 1435 1839 pure
1466 1795 1620 1828 lavari.

272 1864 351 1897 le.
376 1863 419 1903 V,
445 1864 513 1895 22:
556 1872 647 1905 pure
680 1859 794 1893 lautis
829 1858 1042 1903 corporibus.
1091 1860 1187 1894 Idem
1220 1860 1386 1902 XXXIX,
1424 1863 1487 1894 11:
1531 1871 1622 1904 pure

271 1927 423 1960 lautum.
449 1926 590 1959 Fns'rtss
618 1925 692 1958 libr.
717 1925 811 1958 XIV.
838 1936 866 1957 s.
892 1936 922 1958 v.
950 1925 1098 1969 explicat
1120 1937 1217 1970 pura
1241 1925 1354 1959 lotum
1379 1937 1489 1972 aqua.
1530 1925 1621 1960 vide

270 1993 439 2026 Bmsson.
465 1991 509 2024 de
532 1991 645 2024 Form.
670 1990 698 2031 1,
723 2001 755 2033 p.
785 1992 818 2022 5.
845 2009 890 2013 --
929 2000 1040 2033 puro
1066 1994 1192 2033 toro,
1230 1989 1264 2024 h.
1292 2002 1324 2025 e.
1349 2002 1477 2033 vacuo,
1511 1995 1548 2023 ut
1573 1991 1620 2024 ait

272 2060 380 2093 Ovm.
408 2060 541 2092 Amorr.
566 2057 628 2098 ΙΙΙ,
654 2059 687 2098 9,
712 2059 769 2090 34.
796 2059 852 2098 10,
875 2059 910 2090 2.
937 2073 980 2082 -—
1023 2057 1223 2100 memini,
1258 2058 1366 2102 probe
1391 2057 1478 2091 enim
1503 2067 1620 2090 recor-

268 2124 331 2158 dor
354 2125 500 2157 tristium
524 2123 745 2163 solemnium,
782 2132 858 2155 cum
885 2122 1044 2165 amplexu
1069 2126 1128 2156 tuo
1153 2123 1325 2157 abstinere
1349 2132 1508 2165 cogerer.
1557 2122 1616 2155 Si-

269 2190 394 2224 militer
428 2188 566 2221 memini
600 2173 748 2232 positum
784 2188 891 2221 Ovm.
918 2187 1023 2222 Trist.
1050 2188 1076 2229 I,
1103 2191 1136 2230 5,
1163 2191 1196 2223 3.
1245 2189 1401 2224 Pertinet
1434 2198 1516 2222 vero
1549 2197 1616 2222 vox

269 2269 356 2291 nunc
381 2258 423 2290 ad
451 2261 631 2299 utrumque
655 2256 855 2297 membrum,
880 2259 918 2288 nt
943 2255 1030 2288 bene
1050 2256 1369 2289 thnssnmcflms
1394 2259 1519 2297 monet,
1538 2265 1615 2288 cum

267 2327 381 2356 castus
407 2322 459 2356 hic
485 2322 616 2355 duabus
641 2322 743 2355 rebus
769 2321 956 2354 coniunctis
978 2322 1204 2363 contineatur,
1231 2323 1280 2355 uti
1307 2323 1407 2356 etiam
1429 2321 1613 2366 particulae

266 2400 352 2434 que
377 2408 422 2414 —-
448 2393 494 2422 et
519 2389 679 2422 indicant.
729 2388 831 2421 Dicas
864 2387 1079 2421 nihilominus
1105 2389 1218 2432 aptius
1244 2389 1394 2422 futurum
1419 2387 1547 2429 fuisse,
1585 2388 1613 2421 si

266 2456 416 2491 secundo
446 2456 597 2490 membro
624 2456 737 2499 potius
764 2455 974 2500 parenthesis
1005 2456 1206 2499 interposita
1231 2458 1333 2487 esset.
1383 2452 1454 2487 Sed
1480 2463 1522 2486 ne
1548 2451 1613 2486 ltoc

264 2522 400 2565 quidem
424 2522 588 2556 concedo.
637 2523 802 2564 Levatio,
841 2523 870 2556 si
896 2534 967 2557 rem
996 2523 1103 2567 ipsam
1128 2525 1281 2565 spectas,
1309 2520 1503 2564 principalis
1528 2520 1612 2553 ritus

264 2592 359 2630 erat,
397 2588 571 2622 secubitus
597 2593 709 2620 autem
736 2587 869 2621 nonnisi
895 2589 1109 2622 conservatio
1136 2586 1328 2620 diuturnior
1352 2589 1492 2629 paratae
1517 2585 1610 2618 lava-

262 2654 353 2688 tione
380 2653 555 2698 puritati53
581 2656 845 2687 consentaneum
871 2653 976 2695 iggitur
1001 2653 1114 2686 statim
1141 2652 1317 2686 lavationis
1344 2653 1467 2686 nomini
1491 2651 1609 2686 subiici
