1721 2953
262 161 377 187 Lxxx
807 143 883 184 DE
912 141 1069 186 POESI

265 262 427 316 dapem.
483 261 569 301 Iam
603 256 888 312 complectitur
923 259 1025 299 haec
1062 259 1244 311 generali
1279 257 1504 299 sententia:
1545 257 1613 297 illa

263 347 377 392 regat
406 346 595 385 cunctos,
634 335 693 375 illi
730 334 811 375 sint
849 335 987 376 omnia
1016 348 1161 386 curae,
1201 343 1242 375 et
1278 334 1489 386 subiungit
1518 341 1615 373 tunc

263 417 451 456 ultimam
489 420 650 466 partem
694 424 858 452 rerum:
908 409 1029 450 etiam
1066 410 1236 463 hospitii
1273 410 1408 451 officia
1440 409 1615 462 pulchra

263 499 430 544 peraget
452 489 585 538 Delia,
616 487 650 528 si
677 487 856 528 Messala
883 486 1056 535 venerit,
1086 494 1126 526 et
1147 486 1308 526 curabit
1334 487 1445 526 hunc
1472 485 1615 526 sedulo

265 575 304 606 et
336 566 477 619 epulas
517 570 698 616 apponet
728 570 767 602 et
795 576 920 615 poma
950 561 1000 601 de
1032 561 1252 602 arboribus
1280 559 1483 601 detrahet.
1539 562 1615 601 Vi-

266 642 337 683 des
368 642 519 682 iterum
548 639 627 680 tria
655 647 863 679 momenta
890 653 967 691 per
995 637 1277 690 gradationem
1307 638 1461 691 posita,
1491 651 1616 689 nego-

262 719 319 759 tia
354 716 528 767 rustica,
571 729 704 764 saera,
747 723 786 754 et
825 713 1026 754 amicitiae
1066 714 1209 754 suavia
1245 727 1431 754 munera.
1493 712 1615 754 Addo

262 792 431 832 tertium
456 790 713 842 magnificum
739 790 876 828 locum
898 789 950 839 II,
976 791 1012 836 1,
1040 793 1190 829 37-78.
1221 787 1272 829 de
1296 789 1488 829 laudibus
1518 788 1616 828 deo-

266 884 359 910 rum
390 868 630 920 agrestium,
674 866 746 919 qui
785 862 999 905 cultiorem
1027 865 1153 907 vitam
1182 865 1400 906 hominum
1430 864 1617 903 institue-

264 954 375 996 runt,
407 944 482 984 ubi
509 951 592 983 tres
620 942 774 994 amplas
797 939 1092 994 descript10nes
1117 955 1140 980 a
1165 949 1289 993 poeta
1316 939 1476 981 videbis
1507 953 1617 980 com-

265 1022 435 1075 positas.
492 1020 606 1059 Rure
637 1017 769 1059 vietus
799 1005 946 1056 melior
977 1016 1193 1067 inventus,
1222 1029 1321 1056 rure
1352 1024 1460 1056 artes
1490 1023 1618 1066 ortae,

264 1112 363 1137 rure
398 1096 519 1136 etiam
553 1095 751 1135 Amorem
781 1102 925 1133 natum
957 1093 1129 1143 scimus,
1164 1093 1241 1142 ait,
1275 1093 1331 1131 sic
1359 1092 1511 1131 iterum
1538 1092 1619 1131 tria

265 1180 474 1214 momenta
510 1169 561 1211 ad
601 1184 728 1209 unam
770 1171 1003 1210 absolutam
1039 1168 1174 1208 ideam
1207 1169 1315 1209 vitae
1355 1180 1618 1220 componens.

263 1248 372 1289 Sunt
402 1260 509 1293 ,vero
552 1245 648 1286 satis
691 1246 850 1297 amplae
880 1252 1019 1297 partes
1047 1244 1150 1293 loci,
1189 1250 1230 1283 et
1265 1242 1618 1284 considerabimus

267 1323 390 1364 etiam
420 1323 674 1374 singularum
708 1322 1060 1374 compositionem.
1115 1320 1255 1360 Prima
1283 1335 1324 1361 v.
1346 1323 1498 1359 37-50.
1525 1327 1619 1371 post

264 1399 403 1439 thema
433 1396 658 1437 indicatum
693 1396 854 1436 orditur
891 1410 914 1435 a
953 1395 1096 1448 primis
1129 1395 1257 1435 initiis
1285 1394 1468 1435 cultioris
1498 1394 1618 1444 vitae,

267 1471 530 1514 emendatum
566 1473 720 1513 victum
757 1472 1025 1524 praegressis,
1069 1470 1395 1512 aedificationem
1433 1483 1620 1510 casarum

271 1551 363 1592 dico
398 1544 437 1591 et
479 1549 758 1590 domationem
798 1549 1059 1599 animalium,
1104 1557 1193 1589 tum
1234 1548 1285 1588 ad
1323 1548 1456 1600 ipsam
1493 1547 1622 1588 victus

271 1627 454 1668 melioris
493 1625 774 1666 invenfionem
805 1625 958 1677 pergit,
998 1638 1122 1677 quam
1162 1638 1238 1677 per
1274 1623 1422 1676 gradus
1457 1624 1622 1663 exhibet

270 1705 433 1742 factam.
489 1701 673 1741 Primum
715 1701 824 1739 enim
862 1713 941 1752 pro
977 1699 1123 1752 glande
1163 1714 1291 1754 verna
1332 1707 1472 1739 narrat
1500 1713 1622 1752 poma

268 1777 489 1817 substituta
527 1785 566 1815 et
605 1777 720 1814 olera
759 1776 892 1824 horti,
939 1774 1136 1828 additque
1178 1775 1278 1814 cibis
1317 1775 1437 1814 etiam
1476 1783 1620 1827 potum

267 1853 482 1892 meliorem
526 1851 756 1891 inventum.
828 1850 939 1889 Tum
982 1849 1253 1903 exquisitiora
1295 1864 1446 1902 genera
1490 1851 1620 1890 victus

268 1926 502 1978 subiungit,
543 1938 694 1965 messes
729 1938 925 1965 arvorum
963 1934 1002 1964 et
1036 1925 1154 1964 dulce
1193 1927 1274 1966 mel
1304 1940 1441 1978 apum.
1509 1927 1619 1965 Haec

270 2004 405 2056 prima
442 2015 538 2054 pars
579 2009 652 2040 est.
723 2000 914 2042 Secunda
950 2016 990 2042 v.
1020 2006 1171 2042 51-66.
1212 2003 1407 2055 bipartita
1438 2001 1521 2041 duo
1553 2016 1619 2053 ge-

271 2092 372 2118 nera
401 2077 550 2116 artium
581 2076 812 2128 componit,
843 2078 1018 2116 musicas
1044 2086 1084 2116 et
1116 2092 1279 2127 earum,
1310 2092 1417 2131 quae
1448 2076 1496 2116 ad
1533 2078 1615 2116 cul-

270 2162 359 2193 tum
389 2161 428 2192 et
465 2161 657 2193 ornatum
687 2154 871 2206 corporis
900 2154 1130 2206 pertinent,
1169 2154 1452 2206 simpliciores.
1519 2154 1620 2192 Ter-

273 2229 330 2268 tia
363 2229 525 2268 Amoris
560 2229 641 2268 vini
685 2243 777 2268 cum
811 2228 1049 2280 gradatione
1083 2228 1300 2278 describit,
1341 2236 1463 2281 atque
1503 2227 1621 2267 initio

274 2307 384 2346 sacto
410 2320 431 2344 a
451 2306 641 2357 gregibus
671 2306 870 2346 transitur
899 2306 950 2346 ad
972 2308 1184 2348 homines:
1213 2305 1399 2347 videmus
1428 2313 1474 2344 ut
1495 2305 1623 2343 Amor

276 2384 466 2424 iuvenem
498 2382 549 2421 ad
586 2397 684 2435 opes
722 2382 947 2435 erogandas
977 2384 1180 2436 impellat,
1217 2396 1356 2422 senem
1388 2382 1513 2422 verba
1546 2395 1623 2432 pu-

277 2457 412 2498 denda
443 2457 575 2497 dicere
615 2459 753 2497 iubeat
789 2458 839 2498 ad
876 2459 1002 2498 limen
1040 2459 1190 2507 iratae,
1234 2458 1414 2510 puellam
1445 2455 1624 2509 denique

276 2534 459 2575 timidam
499 2541 624 2573 noctu
663 2535 923 2589 tenebrisque
964 2534 1083 2574 ducat
1124 2534 1175 2574 ad
1204 2535 1419 2574 iuvenem:
1464 2534 1508 2571 in
1539 2545 1622 2585 quo

276 2613 494 2668 perspicua
525 2609 719 2668 gradatio.
789 2615 925 2665 Atque
960 2613 1059 2651 haec
1097 2619 1156 2651 est
1197 2619 1278 2650 tota
1310 2610 1378 2649 illa
1414 2608 1621 2660 magnifica
