1721 2953
302 187 363 214 cvi
845 170 919 209 DE
950 168 1106 211 POESI

299 301 395 342 pars
424 286 595 338 elegiae,
626 284 698 324 ubi
724 296 865 335 preces
892 283 997 323 fiunt
1027 283 1078 322 ad
1106 282 1234 322 Lares
1264 296 1341 335 pro
1371 282 1507 324 reditu
1536 284 1650 323 inco-

299 365 400 406 lumi
441 363 493 403 ad
533 361 684 416 patrias
724 359 861 411 sedes,
904 361 1079 400 conflata
1118 373 1172 399 ex
1209 359 1352 399 eadem
1390 359 1650 412 oppositione

299 458 461 493 rerum,
505 440 652 481 ordine
686 452 786 479 vero
820 439 1000 480 inverso.
1068 436 1176 477 Nam
1212 438 1391 490 primum
1431 436 1502 475 ubi
1534 437 1652 476 invo-

300 528 446 560 cantur
472 518 620 567 Lares,
661 514 853 556 laudatur
890 529 1000 555 novo
1031 511 1156 553 modo
1192 513 1459 564 simplicitatis
1493 513 1650 564 priscae

299 595 494 642 felicitas,
549 591 722 644 repetita
765 598 902 630 autem
949 588 1158 630 invocatio
1204 588 1438 639 oppositam
1483 587 1651 626 militiae

301 670 612 710 detestationem
646 667 870 707 subiectam
907 666 1056 716 habet,
1098 679 1143 704 ac
1172 662 1265 704 vide
1296 671 1451 717 quanta
1488 676 1580 703 cum
1609 663 1653 703 vi

299 748 481 798 insurgat
506 745 693 796 affectus,
723 743 943 784 damnatur
970 743 1149 795 graviter
1173 742 1293 781 furor
1319 740 1418 779 belli
1445 746 1486 779 et
1507 737 1654 792 depin-

298 823 408 874 gitur
444 821 590 861 infelix
628 820 793 860 tristitia
827 818 972 858 mortis
1003 815 1197 870 Orcique.
1257 816 1366 855 Tum
1398 828 1499 855 vero
1531 814 1653 853 etiam

301 896 352 938 ad
396 898 646 938 contrariam
688 910 776 936 rem
825 909 990 935 carmen
1037 892 1143 933 redit
1192 901 1230 932 et
1279 890 1472 931 laudatur
1513 889 1652 930 denuo

299 973 470 1013 felicitas
498 973 674 1012 rusticae
703 970 810 1012 vitae
837 971 879 1009 in
910 968 1165 1021 simplicitate
1196 968 1364 1019 optima.
1420 965 1549 1007 Vides
1578 967 1654 1005 ite-

300 1064 394 1089 rum
431 1049 787 1101 interpositionem
825 1054 1087 1098 usurpatam,
1130 1043 1202 1083 sed
1235 1057 1346 1082 nunc
1380 1057 1428 1082 ea
1458 1043 1566 1094 lege,
1608 1050 1653 1080 ut

301 1128 399 1167 belli
437 1124 649 1165 detestatio
686 1124 728 1163 in
769 1123 906 1162 medio
945 1123 1017 1171 sit,
1057 1122 1101 1160 in
1132 1119 1334 1172 principio
1369 1127 1505 1158 autem
1538 1126 1577 1156 et
1598 1118 1651 1156 ‘in

298 1204 379 1242 fine
407 1204 497 1241 laus
528 1200 795 1252 simplicitatis
823 1198 1013 1238 rusticae.
1068 1198 1129 1236 Ita
1158 1198 1267 1237 enim
1294 1208 1437 1234 cursus
1464 1194 1653 1234 carminis

298 1278 470 1316 ferebat.
527 1277 696 1328 Iamque
728 1275 924 1313 continuo
955 1273 1091 1312 exitus
1120 1271 1247 1310 intrat
1274 1269 1369 1309 inde
1397 1271 1448 1310 ab
1475 1283 1523 1310 eo
1550 1269 1654 1319 loco,

298 1353 371 1393 ubi
408 1352 458 1392 ad
495 1352 605 1405 pacis
646 1350 963 1402 descriptionem
1002 1347 1213 1388 transitur.
1270 1346 1379 1385 Nam
1413 1354 1459 1386 ut
1494 1360 1517 1385 a
1555 1345 1654 1385 belli

299 1429 568 1469 detestatione
611 1426 772 1467 orditur
813 1440 998 1475 carmen,
1045 1425 1102 1464 sic
1146 1423 1189 1462 in
1228 1422 1339 1475 pacis
1377 1421 1500 1461 laude
1544 1421 1653 1462 finiri

300 1505 436 1545 debet.
514 1504 587 1543 Est
626 1515 726 1543 vero
771 1502 893 1541 etiam
934 1500 976 1538 in
1025 1499 1101 1538 hac
1144 1498 1288 1536 ultima
1334 1504 1449 1548 parte
1491 1503 1654 1536 servata

301 1579 507 1633 oppositio
548 1578 799 1631 principalis.
868 1577 978 1616 Nam
1015 1576 1196 1628 primum
1236 1572 1377 1626 prodit
1412 1574 1502 1612 laus
1537 1573 1653 1612 Pacis

299 1658 400 1709 ipsa,
429 1656 494 1695 cui
515 1652 783 1706 descriptioni
805 1651 903 1692 dum
928 1651 1040 1689 rixas
1067 1649 1218 1688 amoriS
1244 1648 1424 1687 suaviter
1444 1647 1656 1697 immiscet,

300 1733 405 1773 redit
444 1732 539 1771 inde
573 1730 713 1782 paucis
750 1729 900 1768 iterum
931 1726 981 1766 ad
1016 1726 1186 1766 bellicae
1225 1722 1448 1763 ferocitatis
1479 1722 1655 1763 detesta-

300 1811 478 1857 tionem,
532 1805 765 1859 clauditque
804 1812 1015 1858 postremo
1056 1810 1188 1841 totum
1225 1800 1400 1853 repetita
1439 1803 1655 1841 vocatione

301 1885 430 1925 Pacis.
487 1885 536 1923 In
564 1897 648 1936 quo
678 1881 791 1923 vides
819 1882 984 1920 tertium
1013 1886 1255 1930 usurpatam
1288 1877 1657 1930 interpositionem.

302 1960 426 2000 Plura
457 1957 506 1997 de
538 1957 758 1999 virtutibus
790 1957 913 1995 huius
947 1954 1137 1995 carminis
1170 1953 1213 1992 in
1246 1952 1554 1993 Commentario
1586 1968 1657 1993 ex-

304 2036 436 2088 posita
465 2034 667 2086 reperies,
708 2045 817 2071 nunc
847 2043 1046 2070 summam
1077 2029 1208 2079 legem
1243 2028 1551 2080 compositionis
1585 2042 1656 2066 ex-

302 2113 453 2165 plicare
481 2108 624 2156 debui,
654 2105 761 2162 'quae
785 2116 842 2147 est
867 2108 909 2146 in
933 2106 1178 2158 repetitione
1203 2105 1446 2145 formarum.
1502 2104 1659 2144 Venia-

306 2201 395 2227 mus
428 2185 479 2225 ad
509 2186 602 2225 alia.
659 2183 850 2224 Vidimus
882 2184 925 2222 in
959 2181 1292 2223 antecedentibus
1321 2180 1500 2234 primum
1530 2195 1659 2232 genus

304 2263 583 2316 repetitionis,
614 2261 687 2301 ubi
715 2262 759 2301 in
790 2260 982 2310 exordio,
1013 2258 1148 2299 medio
1180 2257 1378 2307 carmine,
1411 2256 1524 2295 exitu
1555 2255 1661 2295 redit

308 2354 400 2381 cum
429 2339 470 2379 vi
502 2353 583 2378 una
612 2335 814 2391 quaedam
846 2344 955 2377 certa
983 2335 1087 2375 ratio
1118 2331 1383 2374 tractationis.
1441 2329 1521 2370 Sed
1552 2338 1659 2379 sunt,

310 2424 353 2454 ut
385 2416 426 2455 fit
456 2414 498 2453 in
529 2415 604 2453 hac
635 2413 865 2454 diversitate
901 2419 1258 2464 argumentorum,
1298 2408 1418 2448 etiam
1449 2408 1516 2446 alii
1547 2405 1658 2445 modi

308 2490 574 2543 repetitionis.
641 2489 751 2530 Fieri
792 2498 941 2541 potest,
989 2489 1052 2528 aio
1083 2488 1242 2527 secundo
1271 2488 1367 2532 loco,
1410 2492 1450 2522 ut
1482 2482 1658 2535 positum

309 2568 351 2605 iu
390 2564 563 2605 exordio
602 2566 735 2604 thema
768 2565 958 2604 carminis
996 2562 1136 2602 redeat
1173 2561 1261 2602 aliis
1294 2560 1426 2599 verbis
1458 2558 1499 2596 in
1535 2558 1660 2604 exitu,

310 2642 403 2680 dum
444 2641 731 2691 interpositum
771 2638 950 2678 medium
992 2650 1152 2676 carmen
1193 2649 1308 2675 suam
1338 2634 1414 2673 sibi
1450 2633 1659 2685 propriam
