1721 2953
268 161 414 186 cxm‘ui
796 147 872 185 DE
908 143 1065 186 POESI

265 271 412 302 natura
446 261 607 311 docuit,
650 257 851 314 quaedam
883 273 948 298 ars
981 260 1151 300 invenit.
1221 260 1418 311 Colligam
1451 273 1496 299 ea
1531 260 1612 300 alio

262 339 372 387 loco,
407 352 516 377 nunc
546 337 671 387 seligo
703 349 809 388 quae
839 334 962 373 liuius
993 342 1088 373 suut
1116 335 1210 374 loci.
1276 337 1333 374 Ac.
1365 350 1416 374 ne
1448 335 1498 375 de
1529 336 1610 374 Ex-

262 413 501 452 clamatione
536 410 688 459 dicam,
723 410 842 449 etiam
869 411 1160 458 Inter-rogatione
1191 411 1349 450 modice
1380 411 1511 450 utitur
1540 411 1612 450 Ti-

262 490 398 528 bullus
425 496 463 526 et
492 488 534 525 in
563 485 705 525 eodem
730 483 898 538 quidem
922 487 1014 524 loco
1043 484 1094 523 acl
1120 499 1323 524 summum
1350 494 1426 525 ter.
1488 484 1610 534 Quod

260 565 384 614 igitur
417 577 455 603 v.
479 577 513 601 c.
541 561 652 614 apud
681 561 943 614 Propertium
979 569 1060 611 est,
1101 561 1161 611 II,
1191 565 1269 611 20,
1304 564 1323 599 1
1348 575 1459 614 sqq.:

373 668 483 719 Quid
516 669 588 708 fles
620 669 796 709 abducta
827 670 990 720 gravius
1021 666 1237 709 Briseide?
1277 667 1376 722 quid
1408 667 1480 708 sses

429 747 567 785 Anxia
598 746 756 798 captIva
785 745 940 784 tristius
971 741 1295 784 Andromacha?

375 819 537 870 Quidve
571 835 660 860 mea
697 820 746 859 de
779 819 925 859 fraude
959 818 1079 868 deos,
1121 819 1287 868 insana,
1333 813 1511 868 fatigas?

431 895 542 946 Quid
574 897 759 951 quereris
792 905 975 936 nostram
1005 896 1060 934 sic
1091 893 1281 934 cecidisse
1311 890 1462 932 fidem?

261 1016 331 1048 aut
361 1021 453 1046 cum
485 1006 592 1059 apud
622 1005 799 1046 eundem
828 1008 859 1058 I,
885 1011 925 1046 8.
953 1020 1029 1059 per
1058 1013 1150 1045 octo
1177 1018 1320 1045 versus
1347 1005 1457 1052 haec⁸
1476 1003 1611 1042 forma

258 1091 423 1133 regnat,
455 1096 540 1120 non
571 1083 757 1122 invenias
787 1081 899 1134 apud
919 1082 1146 1120 Tibullum.
1204 1080 1282 1118 Hic
1306 1079 1431 1118 semel
1457 1077 1610 1117 diutius

259 1171 350 1197 eam
384 1157 640 1196 continuavit
668 1159 706 1206 I,
735 1163 773 1208 7,
799 1160 849 1196 13
877 1170 967 1209 sqq.
1001 1156 1044 1195 in
1079 1155 1389 1194 enumeratione
1421 1155 1610 1193 locorum

258 1245 363 1284 quae
394 1232 571 1270 Messala
606 1232 834 1283 pacaverit,
877 1230 991 1284 quod
1026 1231 1084 1270 ibi
1121 1230 1331 1281 magnifice
1371 1230 1523 1268 sactum
1559 1226 1611 1266 ad

256 1306 541 1345 illustrandam
577 1305 852 1344 multitudinis
893 1306 1092 1358 speciem3
1136 1306 1234 1344 alias
1265 1306 1420 1359 ubique
1456 1305 1612 1356 simpli-

258 1381 345 1419 cior
385 1389 444 1418 est
483 1388 520 1418 et
559 1393 659 1418 mox
699 1379 750 1418 ad
789 1381 887 1418 alias
926 1380 1080 1418 formas
1117 1381 1285 1427 transit,
1335 1378 1456 1418 credo
1498 1378 1609 1431 quod

257 1456 514 1495 artificiosius
555 1462 718 1494 auctum
758 1448 913 1501 πάθος
943 1468 1030 1492 non
1069 1455 1320 1492 amabat.-—
1365 1452 1527 1492 Accedo
1560 1452 1608 1491 acl

257 1532 523 1585 apostrophen,
566 1544 647 1583 qua
683 1543 880 1582 persaepe
918 1530 1070 1577 utitur,
1112 1541 1205 1566 cum
1238 1529 1423 1566 alacritas
1455 1528 1611 1578 ingenii

256 1606 396 1646 vivida
426 1606 666 1657 phantasiae
697 1612 842 1656 poetae
880 1617 991 1641 nunc
1024 1604 1090 1642 hic
1125 1616 1237 1642 nunc
1267 1603 1350 1641 illic
1383 1616 1460 1654 pro
1489 1604 1611 1641 tertia

257 1696 436 1734 persona
475 1679 695 1720 secundam
735 1686 940 1718 crescente
980 1677 1129 1717 ardore
1167 1678 1364 1726 inferret,
1406 1691 1511 1730 quae
1544 1691 1610 1716 res

259 1759 380 1796 etiam
413 1755 632 1796 variandae
663 1755 842 1794 orationi
870 1754 1043 1805 pulchre
1071 1753 1254 1792 inservit.
1313 1753 1380 1792 Sic
1408 1754 1450 1791 in
1478 1755 1611 1805 prima

258 1833 387 1883 elegia
428 1832 524 1870 libri
566 1831 692 1882 primi
738 1830 965 1882 alloquitur
1011 1827 1203 1867 Cererem
1249 1837 1287 1867 et
1329 1843 1429 1868 mox
1470 1828 1610 1878 Lares,

257 1905 405 1945 deinde
443 1906 556 1944 fures
591 1906 820 1956 luposque,
860 1912 949 1941 tum
980 1901 1118 1952 divos,
1161 1916 1289 1954 porro
1318 1902 1539 1942 Messalam
1572 1910 1611 1941 et

255 1981 440 2028 Deliam,
472 1987 679 2030 postremo
710 1977 823 2028 signa
852 1978 1073 2029 tubasque,
1107 1985 1145 2015 et
1171 1977 1358 2015 similiter
1382 1978 1425 2016 in
1455 1979 1612 2017 ceteris.

255 2056 315 2095 Ac
346 2055 489 2095 doceat
515 2054 749 2104 exemplum
777 2053 945 2090 allatum
971 2052 1093 2091 simul
1117 2065 1200 2105 quo
1226 2054 1268 2091 in
1295 2066 1443 2103 genere
1469 2066 1609 2092 rerum

257 2145 300 2172 se
343 2130 549 2171 contineat
589 2129 746 2166 Tibulli
785 2128 942 2180 poesis,
989 2128 1061 2179 qui
1099 2141 1173 2166 nec
1196 2126 1349 2173 ,sidera
1386 2129 1612 2181 alloquitur

258 2220 333 2245 nec
374 2210 510 2244 ae'rcm
551 2212 590 2243 et
625 2211 793 2252 ventos,
841 2211 909 2241 aut
948 2201 1142 2251 flumina,
1187 2211 1369 2253 monte5‚
1410 2203 1538 2243 valles
1573 2211 1612 2242 et

257 2281 426 2330 similia,
461 2292 566 2332 quae
598 2286 637 2317 et
669 2291 720 2316 ex
751 2278 840 2317 aliis
871 2277 1090 2329 generibus
1119 2290 1294 2329 poeseos
1327 2285 1425 2316 nota
1456 2291 1530 2317 nec
1559 2279 1610 2316 ab

258 2356 385 2407 elegia
419 2357 551 2394 aliena
584 2362 691 2393 sunt.
759 2352 840 2392 Sed
880 2354 920 2391 in
960 2354 1023 2392 his
1056 2353 1306 2392 carminibus
1341 2354 1477 2392 nullae
1516 2361 1611 2392 sunt

259 2430 310 2470 ad
347 2444 488 2469 rerum
528 2438 716 2468 naturam
755 2427 931 2467 directae
970 2429 1175 2481 querelae.
1248 2428 1406 2466 Verum
1447 2425 1496 2465 de
1532 2440 1608 2465 usu

259 2506 528 2559 apostrophos
569 2504 689 2542 etiam
733 2504 811 2542 alia
852 2503 1031 2543 notanda
1069 2502 1205 2543 video.
1275 2502 1460 2541 Primum
1501 2504 1609 2541 enim

258 2581 474 2633 aliquoties
520 2579 693 2626 sactum,
747 2586 793 2617 ut
846 2576 1029 2617 eiusdem
1081 2578 1257 2617 subiecti
1305 2584 1399 2628 post
1446 2578 1608 2616 tertiam

1712 2170 1721 2238 ἑ
