1721 2953
1493 105 1549 128 NH

194 221 397 267 laborem,
443 227 530 256 non
568 219 742 268 possunt
781 218 865 251 toto
908 207 1041 250 officio
1082 207 1316 260 interpretis
1356 206 1435 248 dici
1477 204 1545 246 de-

194 314 336 355 iuncti.
403 308 541 361 Quare
581 307 808 363 optandum
850 314 911 347 est
948 314 994 346 ut
1021 305 1280 360 frequentius
1306 304 1548 346 huiusmodi

194 407 500 462 disquisitiones
537 405 790 455 scribantur,
837 411 876 443 et
915 403 1150 456 perficiatur
1188 401 1395 443 communi
1435 401 1547 442 viro-

194 518 288 544 rum
325 501 542 543 doctorum
587 499 725 541 studio
766 500 866 540 haec
896 512 1066 553 quoque
1094 512 1190 552 pars
1219 499 1549 541 hermeneuticae

196 601 316 643 nimis
346 599 417 640 diu
445 600 641 652 neglecta.
712 598 874 639 Verum
904 597 948 637 in
977 597 1087 638 viam
1115 596 1254 638 redeo.
1322 597 1550 652 Composni

197 696 305 737 enim
333 702 546 748 praeterea
575 693 698 733 etiam
729 693 869 733 Vitam
894 692 1071 743 Tibulli,
1107 706 1197 732 cum
1228 706 1315 733 non
1344 694 1551 735 satisface-

195 800 258 832 ret
290 805 395 845 quae
430 788 538 844 apud
568 788 781 843 Heynium
809 788 959 841 legitur
989 787 1211 843 Synopsis3
1253 787 1425 829 traditae
1456 790 1553 843 qni-

197 884 290 926 dem
327 885 496 926 notitiae
532 899 688 939 paucae
715 894 831 936 sunt,
871 894 917 925 ut
946 891 1125 936 constat,
1165 883 1412 925 videbantur
1452 898 1553 925 vero

198 982 277 1023 alia
304 981 544 1024 verisimilia
581 980 677 1021 addi
711 995 854 1035 posse,
899 981 1119 1021 constituto
1158 979 1368 1034 probabili
1407 977 1553 1019 ordine

198 1077 440 1119 carminum.
497 1077 585 1118 Nec
616 1076 813 1118 declinari
843 1077 908 1118 hie
928 1077 1048 1117 labor
1065 1082 1249 1129 poterat,
1282 1073 1352 1116 sed
1375 1081 1462 1114 erat
1482 1088 1554 1114 ne-

200 1172 372 1212 cessaria
400 1184 496 1224 pars
526 1170 764 1224 provinciae
796 1179 1028 1224 susceptae3
1060 1184 1157 1209 nam
1186 1178 1233 1210 ut
1259 1171 1442 1222 singulae
1473 1172 1556 1210 ele-

197 1266 286 1318 giae
323 1274 363 1305 et
401 1265 531 1306 causis
571 1264 750 1303 externis
791 1272 830 1304 et
860 1264 1030 1304 consilio
1059 1263 1223 1317 poetico
1253 1263 1463 1316 scriptoris
1492 1264 1555 1304 ni-

198 1367 365 1411 tuntur,
394 1358 450 1399 sic
479 1357 603 1398 totius
627 1357 762 1411 operis
795 1357 1013 1411 explicatio
1044 1364 1209 1411 praeter
1235 1355 1556 1411 disputationem

199 1454 249 1495 de
290 1455 450 1495 rationo
495 1461 675 1508 poeseos⁴
716 1452 922 1494 desiderat
965 1453 1086 1493 etiam
1121 1453 1242 1494 Vitae
1292 1461 1556 1507 conspectum

199 1557 401 1606 quantum
435 1550 525 1591 fieri
562 1557 698 1603 potest
738 1549 999 1604 probabilem
1031 1557 1070 1590 et
1100 1550 1270 1590 clarum.
1328 1549 1465 1604 Atque
1492 1550 1557 1590 his

198 1645 568 1686 Dissertationibus
600 1642 759 1684 duabus
801 1642 980 1699 denique
1021 1643 1143 1683 etiam
1185 1657 1253 1684 eas
1293 1643 1557 1698 quaestiones

199 1741 405 1793 persecuti
449 1755 613 1792 sumus,
660 1755 765 1794 quae
803 1741 911 1781 tertii
959 1748 997 1780 et
1039 1740 1177 1794 quarti
1217 1739 1315 1780 libri
1357 1739 1558 1792 OrIginenl

201 1845 406 1891 spectant3
435 1837 617 1889 postulat
646 1836 754 1875 enim
776 1834 1013 1874 huiusmodi
1034 1848 1100 1875 res
1119 1836 1270 1889 partim
1302 1836 1559 1887 singulorum

200 1932 388 1973 locorum
431 1929 825 1981 considerationem,
868 1929 911 1970 id
951 1929 1065 1985 quod
1102 1931 1147 1970 in
1178 1932 1480 1972 commentariis
1508 1932 1560 1973 ad

200 2028 290 2081 ipsa
319 2027 390 2068 illa
421 2028 602 2068 carmina
632 2029 806 2079 sactum,
846 2029 997 2082 partlm
1038 2028 1217 2069 maiores
1257 2036 1296 2070 et
1331 2028 1560 2081 generalio-

201 2137 266 2164 res
296 2122 615 2178 disputationes,
661 2137 763 2177 quas
802 2122 844 2162 in
874 2123 972 2163 Vita
999 2123 1158 2164 Tibulli
1198 2131 1238 2164 et
1276 2122 1321 2163 in
1350 2123 1558 2163 Disserta-

201 2220 313 2259 tIOne
344 2217 393 2258 de
422 2219 540 2272 poesi
570 2219 656 2259 eius
682 2218 837 2271 legetis.
895 2217 1017 2259 Albio
1053 2218 1193 2259 tribuo
1225 2233 1318 2259 cum
1347 2219 1436 2258 aliis
1479 2219 1560 2258 cle-

203 2312 312 2365 gidia
347 2313 484 2367 quarti
516 2312 636 2362 libri,
680 2312 845 2353 tertium
871 2326 971 2353 vero
1000 2312 1155 2354 librum
1198 2321 1237 2353 et
1266 2313 1560 2367 panegyricum

204 2411 246 2451 in
277 2408 497 2449 Messalam
538 2407 627 2448 dico
667 2416 778 2448 ortos
811 2407 977 2462 quidem
1015 2415 1053 2448 et
1094 2406 1222 2449 editos
1255 2409 1334 2449 isto
1365 2416 1561 2461 tempore,

208 2501 275 2542 sed
308 2515 393 2542 non
423 2517 446 2541 a
477 2503 644 2543 Tibullo
678 2503 863 2556 scriptos,

322 2598 455 2650 Atque
481 2598 580 2637 hacc
608 2596 772 2652 quidem
807 2605 920 2646 sunt,
953 2612 1056 2651 quae
1077 2597 1120 2638 in
1151 2599 1228 2639 hoc
1251 2599 1359 2640 libro
1386 2612 1477 2639 meo
1501 2599 1563 2639 in-
