1721 2953
286 119 359 154 150
595 110 963 154 COMMENTAR.
994 111 1052 153 IN
1084 113 1118 152 T
1121 112 1307 154 IBULLI

276 228 403 260 Tibulli
439 224 560 259 verbis.
610 225 740 259 Domos
765 225 950 268 Tyriorum
985 227 1199 270 praecelsas,
1236 226 1279 260 de
1317 226 1439 270 quibus
1477 227 1623 260 Sammo

277 299 392 329 narrat
415 292 509 327 XVI.
537 304 570 337 p.
596 295 700 334 757„
736 297 854 325 turres
881 293 1032 337 appellat
1047 281 1304 339 ἱ(νιέῑῖεῐὅοῌςε
1329 293 1625 326 Handelslza‘user

278 361 339 394 mit
376 359 489 392 holzen
521 358 775 404 Aufsc‘ltzen),
813 359 1099 402 quemadmodum
1135 361 1237 394 etiam
1275 361 1358 393 alias
1383 360 1623 393 maritimarum

276 428 409 461 urbium
435 426 556 460 domus
582 427 807 459 nominantur.
856 428 988 460 Ava.
1013 427 1183 470 Descript.
1212 427 1255 463 Ο.
1289 427 1331 461 Τ.
1363 429 1474 460 1076:
1514 435 1621 470 caput

275 492 362 524 altis
387 490 549 525 turribus
582 490 690 535 effert
713 489 889 528 Laodice,
929 495 964 525 et
997 494 1108 525 1086:
1147 492 1294 525 Emesus
1319 510 1366 517 —-
1390 491 1484 524 subit
1512 503 1621 524 auras·

274 556 435 590 turribus
466 557 504 590 in
539 557 671 590 coelum
705 557 911 592 nitentibus.
962 558 1158 593 Secundum
1183 560 1291 592 Pam.
1319 560 1360 600 V,
1388 562 1442 592 13.
1493 559 1620 592 Caesa-

273 636 330 659 rea
361 625 395 658 in
426 625 622 659 Palaestina
656 625 736 659 olim
766 626 890 658 Turris
915 625 1096 659 Stratonis
1130 626 1232 660 dicta.
1282 626 1387 659 Tales
1413 626 1515 660 etiam
1541 630 1621 659 sunt

271 690 435 735 speculae
459 691 571 734 Abydi
597 692 705 727 Ovm.
733 692 876 726 Heroid.
900 692 1029 734 XVIII,
1058 696 1111 726 12.
1160 693 1250 728 Vide
1283 691 1366 726 baec
1392 697 1427 726 et
1457 694 1524 726 alia
1558 704 1615 727 uo—

272 761 400 791 tantem
432 758 630 791 Onmmmu
655 758 689 791 in
719 758 882 792 Seebodii
919 758 1056 792 Horreo
1092 757 1210 803 philol.
1246 763 1281 792 et
1317 758 1510 802 paedagog.
1544 769 1617 792 ann.

271 824 377 856 1825.
415 834 448 866 p.
474 825 556 857 460.
582 840 629 849 —
673 823 824 857 Prima
863 828 1007 857 ratem
1046 824 1197 857 ventis
1233 824 1424 857 credere
1463 824 1617 865 docta,

269 888 440 921 tribuente
467 892 569 932 poeta
594 889 729 931 Tyriis,
763 889 853 932 quod
881 889 953 923 fere
978 889 1021 922 de
1046 889 1278 923 Phoenicibus
1303 892 1491 933 generatim
1517 901 1616 934 prae-

269 953 376 987 dicari
400 955 500 996 solet,
524 954 775 997 navigationem
797 954 840 987 ab
862 955 903 987 iis
922 955 1105 989 inventam.
1148 955 1236 989 Vide
1258 957 1352 989 locos
1371 966 1427 998 ap.
1446 956 1616 988 Bnoucx—

268 1031 407 1054 nusum
432 1031 509 1054 cum
533 1021 689 1055 DIONYS.
714 1021 873 1055 Pmune.
898 1025 967 1055 907
992 1032 1066 1065 sqq.
1101 1026 1136 1055 et
1170 1032 1255 1064 quos
1290 1021 1463 1054 Hans-ms
1501 1021 1617 1054 laudat

268 1089 359 1122 viros
383 1088 515 1130 doctos,
540 1088 696 1122 MrGNo'r
722 1089 755 1121 in
777 1089 884 1123 Mem.
906 1089 950 1121 de
968 1088 1098 1122 l’Acad.
1120 1089 1179 1122 des
1200 1090 1305 1122 Inscr.
1330 1088 1430 1122 Toni.
1453 1087 1615 1123 XXXIV.

266 1158 301 1187 et
327 1154 485 1187 nuum
511 1153 668 1196 Analysis
694 1153 734 1186 of
753 1154 890 1187 ancient
914 1152 1059 1196 Mytbol.
1086 1166 1118 1198 p.
1137 1156 1207 1186 225
1233 1165 1308 1197 sqq.
1334 1171 1382 1180 —
1411 1154 1452 1188 V.
1472 1156 1516 1187 21
1538 1164 1614 1197 sqq.

264 1222 334 1255 iam
362 1232 381 1255 e
403 1222 504 1264 Syria
529 1222 562 1253 in
587 1221 783 1265 Aegyptum
809 1231 871 1254 nos
896 1221 990 1254 ducit
1015 1222 1132 1255 itidem
1157 1223 1382 1266 compositam
1407 1233 1428 1255 a
1455 1222 1615 1265 Messala,

266 1291 301 1320 et
325 1298 414 1320 nunc
437 1286 575 1330 quidem
602 1287 685 1319 mari
717 1287 834 1328 Tyriis
868 1286 995 1321 dilecto
1029 1291 1249 1331 opponuntur
1273 1288 1348 1331 agri
1381 1291 1517 1321 arentes
1543 1288 1611 1322 Ae-

265 1353 384 1394 gypti,
419 1362 506 1394 quos
532 1351 631 1384 Nilus
660 1351 840 1393 fecundat,
878 1356 980 1395 poeta
1006 1363 1068 1395 per
1093 1357 1200 1386 totam
1227 1353 1311 1387 banc
1337 1354 1611 1397 descriptionem,

264 1422 302 1450 ut
323 1417 435 1458 vides,
463 1427 537 1449 eam
562 1418 674 1459 legem
703 1417 926 1458 observante,
953 1417 995 1450 de
1020 1428 1085 1460 qua
1111 1428 1214 1462 supra
1242 1419 1323 1452 dixi.
1373 1418 1612 1453 Nominaveris

263 1488 419 1518 catenam
457 1483 723 1527 oppositionum.
756 1502 802 1507 -—
842 1484 1006 1517 Sirius.
1068 1484 1203 1518 Crescit
1240 1484 1339 1518 Nilus
1378 1485 1411 1518 in
1452 1485 1610 1520 inferiore

263 1553 423 1594 Aegypto
447 1551 539 1584 circa
564 1554 676 1583 ortum
702 1550 805 1592 Sirii,
831 1551 872 1584 cf.
897 1551 1004 1585 PLm.
1031 1552 1072 1593 V,
1099 1556 1132 1594 9,
1160 1556 1215 1586 10.
1239 1571 1283 1577 --
1318 1553 1482 1596 findit,
1508 1555 1611 1588 veluti

263 1616 372 1648 Viae.
395 1616 526 1658 Georg.
551 1615 596 1656 ΙΙ,
621 1618 701 1648 353.
726 1634 772 1640 -
803 1616 1004 1657 aestiva,
1032 1617 1141 1658 qualis
1168 1623 1300 1651 aestate
1325 1628 1402 1651 esse
1427 1619 1537 1661 solet,
1559 1619 1612 1654 fe-

261 1680 439 1713 cundante.
463 1698 510 1704 —
552 1679 777 1721 abundet,
816 1680 1032 1713 coniunctim
1066 1681 1189 1724 modo,
1225 1683 1283 1725 qui
1317 1682 1371 1717 hic
1396 1684 1531 1726 quidem
1560 1695 1612 1718 ze-

260 1746 390 1780 neudus
415 1746 549 1780 videtur
572 1757 648 1779 cum
674 1746 932 1789 LAchANNog
967 1747 1157 1782 videbimus
1182 1753 1295 1782 tamen
1322 1750 1428 1783 semel
1452 1749 1609 1784 indicati-

260 1823 338 1845 vum
371 1813 405 1845 in
444 1811 506 1845 bac
539 1813 795 1846 constructione
829 1813 914 1846 infra
945 1813 989 1855 II,
1015 1815 1048 1856 4,
1076 1816 1132 1848 18.
1157 1833 1203 1839 —
1239 1816 1281 1850 V.
1308 1818 1354 1848 23
1383 1826 1456 1859 sqq.
1507 1816 1609 1851 Nile

262 1884 411 1924 pater,
438 1879 609 1912 communi
630 1879 809 1913 fluviorum
831 1879 996 1923 epitheto.
1012 1899 1058 1906 —
1085 1882 1354 1916 occuluisse
1377 1887 1536 1926 caput,
1560 1885 1609 1918 si-

258 1947 384 1981 militer
409 1946 495 1979 dixit
520 1946 629 1979 Ovm.
652 1945 739 1979 Met.
764 1947 808 1988 II,
830 1949 912 1981 255.
962 1948 1050 1981 Vide
1075 1948 1118 1981 de
1142 1948 1262 1990 ignoto
1287 1948 1357 1982 Nili
1383 1949 1495 1993 capite
1521 1959 1606 1992 quos

258 2013 604 2047 Mmscnnnmcmm
633 2011 748 2045 laudat
773 2012 815 2045 ad
843 2013 963 2047 Horat.
990 2014 1051 2056 IV,
1079 2017 1133 2057 14,
1159 2018 1219 2050 45.
1237 2035 1282 2041 —
1306 2017 1472 2050 Pluvio
1497 2017 1606 2059 lovi,

257 2080 315 2121 qui
339 2075 462 2114 Ἱέιιος
487 2078 644 2111 Graecis.
671 2096 718 2102 -—
741 2080 980 2122 supplicat
1011 2078 1153 2129 herba
1178 2081 1288 2116 Iovi.
1339 2082 1482 2116 Confert
1506 2083 1605 2117 Vm,-

258 2156 337 2179 rms
362 2146 510 2179 Pausau.
536 2145 564 2185 l,
587 2147 644 2178 24»
677 2146 735 2188 qui
761 2150 928 2179 memorat
954 2145 1097 2180 Athenis
1131 2148 1204 2191 Γῆς
1229 2145 1367 2190 ἄγαλμα
1392 2146 1604 2192 ἱκετευούσης

258 2200 336 2244 ἶσαι
366 2210 397 2242 οἱ
430 2206 489 2242 ”cdv
521 2209 610 2250 Δία,
646 2216 681 2244 et
707 2212 754 2245 Μ.
780 2213 938 2247 Antonin.
965 2213 1038 2248 libr.
1067 2214 1108 2247 V.
1147 2215 1215 2246 τῶν
1246 2216 1292 2252 εἰς
1324 2211 1447 2247 ἑαυτόν
1481 2225 1530 2249 nr.
1557 2220 1602 2249 7:

256 2275 351 2322 Ειῗχὴ
384 2275 596 2322 Ἀθηναίων,
634 2268 735 2317 τῖσον,
773 2268 853 2312 {Toou
887 2270 912 2312 ὦ
947 2279 1021 2318 φίλε
1055 2281 1121 2312 Ζεῦ
1153 2277 1242 2312 mm}
1274 2281 1336 2325 τῆς
1362 2278 1512 2326 &perigene
1539 2281 1601 2325 τῆς

256 2341 454 2388 Ἀθηναίων
479 2345 536 2375 καὶ
559 2347 628 2376 τῶν
654 2345 788 2378 πεδίων.
839 2344 938 2389 Apud
964 2345 1138 2378 Tibullum
1166 2356 1230 2379 non
1261 2350 1314 2379 est
1340 2345 1602 2389 ριόεοροροθίδ.

255 2409 316 2443 sed
349 2407 581 2452 metaphorica
614 2409 732 2444 dictio.
782 2412 895 2452 Atque
921 2408 1004 2443 baec
1031 2410 1074 2443 de
1102 2411 1191 2444 Nilo.
1243 2411 1313 2444 lam
1350 2414 1531 2452 antequam
1558 2411 1600 2444 ad

256 2475 433 2517 sequentia
470 2479 700 2518 transeamus,
747 2478 938 2511 recorderis
977 2477 1076 2510 velini
1116 2488 1254 2518 eorum,
1293 2486 1379 2517 quae
1421 2477 1451 2508 in
1488 2477 1599 2510 lutro-

257 2541 414 2574 ductione
446 2541 488 2573 de
524 2552 624 2574 causa
661 2540 778 2575 barum
814 2542 881 2575 Mn
917 2541 1053 2574 laudum
1089 2543 1241 2584 exposui.
1294 2540 1371 2573 ix'oli
1399 2542 1486 2574 enim
1514 2542 1600 2575 forte

258 2616 381 2649 negare
409 2607 602 2650 propiorem
630 2618 785 2642 causam.
823 2615 857 2642 ut
883 2609 974 2642 dicas
1001 2619 1076 2642 esse
1104 2618 1172 2641 rem
1201 2607 1335 2641 omniuo
1363 2609 1438 2642 idco
1465 2608 1597 2642 saetam.
