1721 2953
487 190 628 230 LIBR.
660 190 691 228 l.
751 189 908 228 ELEG.
941 191 989 229 ll.
1352 192 1399 226 31

66 306 163 339 hodie
189 307 332 351 primum
358 314 433 338 cum
465 304 553 336 laeta
580 313 640 346 spe
665 312 752 335 nova
785 302 896 335 limina
929 304 1077 341 adierat,
1115 302 1174 336 sed
1201 312 1282 335 ecce
1308 304 1404 335 ianua

66 375 200 406 clausa!
252 374 329 408 Quo
354 381 435 404 casu
462 369 636 412 inopinato
661 367 831 410 quomodo
857 372 1060 402 commotum
1087 379 1205 402 censes
1229 378 1326 406 eum,
1350 369 1406 410 qui

65 439 211 471 maximo
244 440 343 470 aestu
377 437 502 470 amoris
534 435 725 478 flagraret?
775 435 936 467 Ostendit
961 436 1135 478 praeclare
1169 435 1407 468 exordium

66 506 202 548 plenum
226 504 394 537 variorum
421 504 624 536 affectuum:
653 503 726 535 vult
749 506 851 545 poeta
877 503 954 534 vino
980 504 1158 547 consopire
1178 502 1330 536 dolorem
1356 502 1406 534 in-

65 575 214 614 gentem,
234 572 294 605 sed
312 574 454 604 conatur
472 570 618 612 frustra3
643 574 841 603 exsecratur
861 569 1005 610 ianuam,
1029 580 1148 613 preces
1166 568 1246 602 facit
1266 568 1308 601 ad
1327 578 1407 601 ean—

64 638 161 679 dem,
196 636 260 670 huc
286 637 367 670 illuc
393 637 518 670 iactato
550 636 736 678 irrequieto
762 635 900 676 animo,
934 635 1013 668 dnm
1039 640 1140 679 urget
1166 635 1334 678 cupiditas
1358 634 1409 668 in-

65 702 222 736 troeundi
242 702 400 736 maxima.
448 702 670 744 Sequitur
689 699 878 733 medium
899 710 1086 733 carmen.
1136 700 1255 734 Rediit
1273 700 1407 742 quidem

64 774 166 813 poeta
190 769 233 802 ad
254 779 291 802 se
311 773 346 802 et
368 769 513 801 cessavit
532 768 597 801 ista
617 766 912 801 vehementissima
930 767 1106 799 fluctuatio
1126 766 1237 808 animi,
1262 777 1324 801 nec
1342 766 1407 800 iam

65 836 178 880 pergit
200 837 333 869 ianuam
358 836 505 878 alloqui,
540 835 601 868 sed
626 835 668 868 ad
694 834 827 868 Deliam
850 834 958 878 ipsam
981 834 1207 875 convertitur,
1239 831 1324 866 hanc
1348 842 1408 866 au-

65 907 133 935 tem
164 912 253 935 nunc
283 901 437 935 omnibus
462 900 584 943 quibus
609 903 724 944 potest
747 897 969 932 hortamentis
994 898 1213 941 aggreditur,
1247 901 1409 940 totusque

66 968 99 999 in
122 977 164 999 eo
189 970 259 1007 est,
290 971 329 999 ut
359 966 477 1008 quovis
501 965 603 999 modo
628 965 775 998 animum
800 968 835 998 et
861 963 1033 997 audaciam
1060 965 1090 997 ei
1115 965 1254 1008 inspiret
1278 964 1321 997 ad
1346 964 1410 997 fal-

66 1033 201 1067 lendum
236 1034 343 1066 virum
376 1038 411 1066 et
443 1033 644 1067 custodiam.
700 1033 739 1065 In
765 1042 832 1075 quo
864 1041 952 1063 nunc
987 1032 1129 1064 observa
1154 1041 1285 1064 mecum
1310 1040 1411 1074 prae-

65 1100 188 1133 claram
214 1100 413 1134 varietatem
441 1104 475 1133 et
499 1100 736 1143 gradationem
761 1110 884 1133 rerum.
934 1101 1027 1131 Sunt
1053 1103 1125 1131 tres
1144 1103 1280 1142 partes.
1327 1099 1411 1131 Pri-

66 1177 159 1197 mum
185 1165 333 1198 ostendit
357 1168 509 1198 amantes
537 1166 571 1198 in
603 1165 712 1197 tutela
737 1165 886 1198 Veneris
911 1174 986 1197 esse
1009 1168 1044 1197 et
1069 1164 1111 1197 ab
1136 1173 1177 1196 ea
1201 1163 1352 1197 adiuvari
1377 1168 1413 1197 et

66 1232 201 1275 protegi
227 1232 317 1264 omni
342 1232 461 1273 modo,
496 1231 597 1275 idque
622 1231 769 1265 ostendit
795 1230 977 1264 trifariam:
1011 1230 1112 1264 docet
1137 1230 1199 1263 dea
1224 1234 1314 1263 artes
1339 1230 1414 1263 fur-

66 1297 152 1331 tiras
177 1298 298 1340 quibus
323 1297 441 1330 fallere
468 1297 618 1341 possint,
643 1300 758 1330 tuetur
783 1300 918 1329 euntem
944 1300 1048 1329 noctu
1074 1306 1136 1339 per
1158 1296 1230 1328 vias
1256 1299 1290 1329 et
1317 1296 1413 1339 punit

66 1363 168 1397 etiam
193 1363 385 1407 proditores
410 1365 570 1406 loquaces
597 1364 781 1397 furtorum:
817 1373 904 1405 quae
939 1373 1040 1404 quam
1074 1360 1235 1405 graphice
1261 1361 1413 1406 depingit

66 1428 194 1461 omnia!
244 1428 315 1462 Sed
341 1439 408 1461 non
433 1428 484 1461 his
518 1429 598 1461 solis
630 1428 851 1461 hortamentis
887 1427 1045 1460 confidit:
1082 1427 1237 1462 succedit
1261 1429 1412 1462 secundo

65 1493 140 1526 loco
163 1495 373 1537 magicarum
401 1504 511 1527 rerum
538 1493 722 1537 descriptio
748 1493 947 1535 magnifica,
987 1496 1022 1526 et
1047 1492 1205 1526 laudatur
1227 1503 1282 1526 ars
1308 1505 1412 1537 sagae

65 1560 231 1604 stupenda
264 1571 326 1604 per
351 1562 504 1601 coelum,
543 1565 688 1602 terram,
728 1561 855 1593 Orcum
890 1560 1082 1603 pertinens,
1114 1569 1214 1602 quam
1239 1563 1353 1593 narrat
1376 1571 1413 1593 se

65 1626 187 1659 adiisse
213 1629 248 1659 et
274 1637 407 1660 carmen
433 1627 628 1669 accepisse,
659 1625 749 1668 quod
774 1626 803 1659 si
828 1629 881 1658 ter
906 1623 1174 1668 pronuntiaverit
1198 1624 1318 1666 Delia,
1349 1625 1413 1658 ob-

66 1694 242 1724 coenatum
267 1691 307 1724 iri
330 1695 476 1724 mentem
503 1691 634 1731 mariti,
662 1695 699 1724 ut
727 1701 790 1723 nec
813 1690 927 1723 videat
951 1689 1135 1732 quidquam
1159 1699 1223 1723 nec
1247 1690 1413 1733 proditori

66 1755 193 1788 credat.
256 1755 340 1788 Erat
378 1757 465 1788 enim
501 1754 598 1788 huius
633 1754 884 1798 superstitionis
917 1754 1006 1798 apud
1043 1755 1168 1788 multos
1193 1759 1264 1788 tum
1291 1766 1413 1797 magna

67 1819 126 1861 vis,
153 1820 384 1863 imprimisque
409 1819 496 1863 apud
523 1820 665 1863 puellas,
692 1828 833 1862 quarum
860 1819 990 1852 animus
1016 1823 1136 1853 natura
1160 1820 1203 1853 ad
1228 1821 1309 1853 talia
1332 1831 1412 1864 pro-

66 1884 214 1926 pensior.
265 1882 449 1915 Considera
472 1881 618 1924 denique
637 1880 781 1913 tertiam
796 1886 937 1924 partem
955 1892 1080 1914 reram.
1130 1881 1289 1915 Ostendit
1313 1886 1413 1925 poeta

67 1958 167 1992 opem
193 1949 336 1982 Veneris
369 1953 404 1982 et
438 1947 560 1981 obtulit
585 1947 687 1979 etiam
713 1945 881 1988 magicum
915 1956 1072 1988 carmen,
1108 1945 1168 1979 sed
1194 1946 1270 1988 quis
1294 1947 1411 1979 credat

69 2026 144 2048 eum
170 2016 281 2049 omnia
305 2015 516 2048 hortamenta
541 2012 756 2054 exhausisse,
782 2013 810 2045 si
833 2012 1004 2045 omisisset
1029 2022 1096 2054 quo
1123 2010 1202 2044 nihil
1228 2011 1260 2044 in
1288 2010 1348 2044 hac
1375 2021 1411 2043 re

68 2082 259 2124 potentius,
293 2080 373 2114 nihil
408 2081 516 2122 magis
548 2080 774 2113 necessarium
811 2080 843 2112 in
877 2079 935 2112 tali
969 2078 1146 2112 carmine?
1196 2077 1284 2111 Vide
1308 2078 1412 2120 igitur

67 2158 169 2190 quam
201 2148 285 2181 scite
319 2157 407 2180 nunc
442 2147 542 2179 etiam
575 2148 698 2180 amoris
732 2147 783 2179 sui
818 2144 1085 2188 magnitudinem
1120 2147 1155 2176 et
1190 2143 1412 2176 constantiam

67 2212 296 2253 demonstret,
335 2216 373 2245 ut
397 2212 510 2244 rivalis
536 2222 643 2255 nuper
673 2213 706 2244 in
741 2211 867 2244 bellum
900 2209 1045 2253 profecti
1072 2208 1218 2249 levitati,
1253 2208 1413 2251 praedam

69 2281 103 2309 et
135 2277 278 2309 vestium
313 2280 466 2309 ornatum
500 2280 534 2308 et
567 2276 710 2318 gloriam
744 2275 989 2319 praeferentis,
1026 2284 1103 2307 cum
1129 2274 1259 2306 Deliam
1285 2272 1410 2306 habere

68 2347 196 2386 posset,
221 2346 370 2385 opponat
395 2352 474 2374 suos
500 2352 629 2382 sensus,
655 2352 749 2374 suam
774 2341 875 2374 fidem
901 2344 936 2373 et
961 2340 1196 2381 constantiam,
1226 2340 1282 2382 qui
1311 2350 1414 2381 sagae

68 2407 198 2440 artibus
231 2408 358 2440 restitit
391 2407 523 2440 solvere
556 2417 707 2440 amorem
742 2407 896 2449 paranti,
934 2407 992 2449 qui
1016 2406 1059 2439 ad
1091 2410 1241 2440 aratrum
1267 2411 1300 2439 et
1326 2408 1414 2439 inter

69 2481 194 2514 greges
219 2473 301 2505 solis
324 2472 358 2505 in
384 2471 554 2505 montibus
581 2472 669 2504 laete
700 2470 804 2513 deget
824 2481 903 2514 cum
935 2471 1033 2504 Delia
1058 2475 1092 2504 et
1117 2471 1149 2503 in
1181 2471 1253 2505 eius
1280 2472 1413 2504 lacertis

70 2538 204 2571 mollem
230 2549 382 2572 somnum
409 2538 547 2572 habebit
573 2539 604 2572 in
631 2538 715 2571 dura
740 2537 862 2579 humo,
894 2538 951 2580 qni
978 2538 1124 2580 denique
1150 2538 1252 2570 etiam
1278 2537 1412 2580 templis

71 2602 215 2644 supplex
246 2603 470 2645 procumbere
500 2608 533 2636 et
564 2603 708 2645 genibus
739 2607 863 2636 terram
894 2612 1076 2646 perrepere
1105 2608 1243 2646 paratus
1275 2606 1348 2643 est,
1386 2603 1412 2634 si

71 2668 292 2702 adversentur
320 2669 364 2702 dii
392 2674 426 2702 et
449 2670 610 2703 meruerit
635 2669 780 2712 aliquid,
812 2669 939 2702 nullum
965 2669 1168 2712 supplicium
1196 2672 1411 2702 recusaturus
