<?xml version="1.0" encoding="UTF-8"?>
<!DOCTYPE html PUBLIC "-//W3C//DTD XHTML 1.0 Transitional//EN"
    "http://www.w3.org/TR/xhtml1/DTD/xhtml1-transitional.dtd">
<html xmlns="http://www.w3.org/1999/xhtml" xml:lang="en" lang="en">
 <head>
  <title>
</title>
<meta http-equiv="Content-Type" content="text/html;charset=utf-8" />
  <meta name='ocr-system' content='tesseract 3.04.00' />
  <meta name='ocr-capabilities' content='ocr_page ocr_carea ocr_par ocr_line ocrx_word'/>
</head>
<body>
  <div class='ocr_page' id='page_1' title='image "./carminaexrecensi00tibuuoft_0749.png"; bbox 0 0 1721 2953; ppageno 0'>
   <div class='ocr_carea' id='block_1_1' title="bbox 528 157 1460 201">
    <p class='ocr_par' dir='ltr' id='par_1_1' title="bbox 528 157 1460 201">
     <span class='ocr_line' id='line_1_1' title="bbox 528 157 1460 201; baseline 0.002 -3"><span class='ocrx_word' id='word_1_1' title='bbox 528 159 671 198; x_wconf 88' lang='lat' dir='ltr'>LIBR.</span> <span class='ocrx_word' id='word_1_2' title='bbox 702 158 774 196; x_wconf 92' lang='lat' dir='ltr'>IV.</span> <span class='ocrx_word' id='word_1_3' title='bbox 835 157 1002 198; x_wconf 76' lang='lat' dir='ltr'>CAnM.</span> <span class='ocrx_word' id='word_1_4' title='bbox 1033 161 1065 199; x_wconf 93' lang='lat' dir='ltr'>I.</span> <span class='ocrx_word' id='word_1_5' title='bbox 1380 164 1460 201; x_wconf 75' lang='lat'>423</span> 
     </span>
    </p>
   </div>
   <div class='ocr_carea' id='block_1_2' title="bbox 77 273 1458 2686">
    <p class='ocr_par' dir='ltr' id='par_1_2' title="bbox 77 273 1458 2686">
     <span class='ocr_line' id='line_1_2' title="bbox 110 273 1458 318; baseline 0.001 -11"><span class='ocrx_word' id='word_1_6' title='bbox 110 274 262 307; x_wconf 75' lang='lat' dir='ltr'>amicum</span> <span class='ocrx_word' id='word_1_7' title='bbox 290 273 342 306; x_wconf 77' lang='lat' dir='ltr'>vel</span> <span class='ocrx_word' id='word_1_8' title='bbox 378 273 419 305; x_wconf 90' lang='lat' dir='ltr'>ad</span> <span class='ocrx_word' id='word_1_9' title='bbox 457 273 664 317; x_wconf 86' lang='lat' dir='ltr'>periculosas</span> <span class='ocrx_word' id='word_1_10' title='bbox 697 275 862 306; x_wconf 89' lang='lat' dir='ltr'>terrarum</span> <span class='ocrx_word' id='word_1_11' title='bbox 891 274 1009 317; x_wconf 82' lang='lat' dir='ltr'>plagas</span> <span class='ocrx_word' id='word_1_12' title='bbox 1035 284 1100 308; x_wconf 90' lang='lat' dir='ltr'>non</span> <span class='ocrx_word' id='word_1_13' title='bbox 1129 278 1180 308; x_wconf 90' lang='lat' dir='ltr'>est</span> <span class='ocrx_word' id='word_1_14' title='bbox 1206 275 1378 318; x_wconf 86' lang='lat' dir='ltr'>indignum</span> <span class='ocrx_word' id='word_1_15' title='bbox 1407 278 1458 310; x_wconf 86' lang='lat' dir='ltr'>in-</span> 
     </span>
     <span class='ocr_line' id='line_1_3' title="bbox 108 337 1457 383; baseline 0.001 -11"><span class='ocrx_word' id='word_1_16' title='bbox 108 350 221 382; x_wconf 81' lang='lat' dir='ltr'>genuo</span> <span class='ocrx_word' id='word_1_17' title='bbox 248 338 402 380; x_wconf 85' lang='lat' dir='ltr'>homine,</span> <span class='ocrx_word' id='word_1_18' title='bbox 429 342 462 371; x_wconf 89' lang='lat' dir='ltr'>et</span> <span class='ocrx_word' id='word_1_19' title='bbox 491 339 601 371; x_wconf 81' lang='lat' dir='ltr'>solent</span> <span class='ocrx_word' id='word_1_20' title='bbox 626 337 697 371; x_wconf 87' lang='lat' dir='ltr'>fere</span> <span class='ocrx_word' id='word_1_21' title='bbox 721 337 916 371; x_wconf 85' lang='lat' dir='ltr'>solemniter</span> <span class='ocrx_word' id='word_1_22' title='bbox 941 344 1063 383; x_wconf 87' lang='lat' dir='ltr'>poetae</span> <span class='ocrx_word' id='word_1_23' title='bbox 1089 340 1137 373; x_wconf 85' lang='lat' dir='ltr'>sie</span> <span class='ocrx_word' id='word_1_24' title='bbox 1163 339 1338 373; x_wconf 85' lang='lat' dir='ltr'>declarare</span> <span class='ocrx_word' id='word_1_25' title='bbox 1362 351 1457 374; x_wconf 81' lang='lat' dir='ltr'>amo-</span> 
     </span>
     <span class='ocr_line' id='line_1_4' title="bbox 109 402 1457 446; baseline 0.001 -9"><span class='ocrx_word' id='word_1_26' title='bbox 109 406 154 437; x_wconf 89' lang='lat' dir='ltr'>ris</span> <span class='ocrx_word' id='word_1_27' title='bbox 187 405 426 446; x_wconf 76' lang='lat' dir='ltr'>amicitiaeque</span> <span class='ocrx_word' id='word_1_28' title='bbox 463 404 599 436; x_wconf 88' lang='lat' dir='ltr'>intimae</span> <span class='ocrx_word' id='word_1_29' title='bbox 633 402 920 445; x_wconf 80' lang='lat' dir='ltr'>magnitudinem,</span> <span class='ocrx_word' id='word_1_30' title='bbox 959 404 1002 437; x_wconf 84' lang='lat' dir='ltr'>cf.</span> <span class='ocrx_word' id='word_1_31' title='bbox 1030 405 1382 438; x_wconf 69' lang='lat' dir='ltr'>Mrrscnnnmcnnm</span> <span class='ocrx_word' id='word_1_32' title='bbox 1414 406 1457 438; x_wconf 81' lang='lat' dir='ltr'>ad</span> 
     </span>
     <span class='ocr_line' id='line_1_5' title="bbox 106 467 1454 514; baseline -0.001 -10"><span class='ocrx_word' id='word_1_33' title='bbox 106 471 228 504; x_wconf 84' lang='lat' dir='ltr'>Horat.</span> <span class='ocrx_word' id='word_1_34' title='bbox 256 470 299 510; x_wconf 88' lang='grc' dir='ltr'>ΙΙ,</span> <span class='ocrx_word' id='word_1_35' title='bbox 326 473 359 511; x_wconf 84' lang='grc'>6,</span> <span class='ocrx_word' id='word_1_36' title='bbox 382 470 456 504; x_wconf 88' lang='lat' dir='ltr'>init.</span> <span class='ocrx_word' id='word_1_37' title='bbox 515 469 615 503; x_wconf 79' lang='lat' dir='ltr'>Nunc</span> <span class='ocrx_word' id='word_1_38' title='bbox 640 472 753 501; x_wconf 88' lang='lat' dir='ltr'>autem</span> <span class='ocrx_word' id='word_1_39' title='bbox 779 467 833 502; x_wconf 92' lang='lat' dir='ltr'>hic</span> <span class='ocrx_word' id='word_1_40' title='bbox 858 474 960 512; x_wconf 90' lang='lat' dir='ltr'>poeta</span> <span class='ocrx_word' id='word_1_41' title='bbox 989 481 1050 514; x_wconf 90' lang='lat' dir='ltr'>pro</span> <span class='ocrx_word' id='word_1_42' title='bbox 1077 471 1225 503; x_wconf 81' lang='lat' dir='ltr'>Messala</span> <span class='ocrx_word' id='word_1_43' title='bbox 1252 470 1364 503; x_wconf 83' lang='lat' dir='ltr'>densis</span> <span class='ocrx_word' id='word_1_44' title='bbox 1391 470 1454 503; x_wconf 88' lang='lat' dir='ltr'>ho-</span> 
     </span>
     <span class='ocr_line' id='line_1_6' title="bbox 103 535 1453 571; baseline -0.001 0"><span class='ocrx_word' id='word_1_45' title='bbox 103 539 204 571; x_wconf 86' lang='lat' dir='ltr'>stium</span> <span class='ocrx_word' id='word_1_46' title='bbox 240 538 360 571; x_wconf 88' lang='lat' dir='ltr'>turmis</span> <span class='ocrx_word' id='word_1_47' title='bbox 392 539 485 571; x_wconf 88' lang='lat' dir='ltr'>solus</span> <span class='ocrx_word' id='word_1_48' title='bbox 519 537 686 570; x_wconf 85' lang='lat' dir='ltr'>obsistere</span> <span class='ocrx_word' id='word_1_49' title='bbox 715 540 773 569; x_wconf 84' lang='lat' dir='ltr'>aut</span> <span class='ocrx_word' id='word_1_50' title='bbox 809 535 842 568; x_wconf 83' lang='lat' dir='ltr'>in</span> <span class='ocrx_word' id='word_1_51' title='bbox 870 537 999 570; x_wconf 81' lang='lat' dir='ltr'>Aetnae</span> <span class='ocrx_word' id='word_1_52' title='bbox 1027 538 1177 571; x_wconf 83' lang='lat' dir='ltr'>flammas</span> <span class='ocrx_word' id='word_1_53' title='bbox 1212 548 1250 570; x_wconf 88' lang='lat' dir='ltr'>se</span> <span class='ocrx_word' id='word_1_54' title='bbox 1283 538 1453 570; x_wconf 88' lang='lat' dir='ltr'>coniicere</span> 
     </span>
     <span class='ocr_line' id='line_1_7' title="bbox 103 603 1451 647; baseline 0.001 -12"><span class='ocrx_word' id='word_1_55' title='bbox 103 613 245 636; x_wconf 87' lang='lat' dir='ltr'>ausurus</span> <span class='ocrx_word' id='word_1_56' title='bbox 270 604 425 646; x_wconf 88' lang='lat' dir='ltr'>profecto</span> <span class='ocrx_word' id='word_1_57' title='bbox 453 603 590 637; x_wconf 90' lang='lat' dir='ltr'>modum</span> <span class='ocrx_word' id='word_1_58' title='bbox 618 603 754 637; x_wconf 85' lang='lat' dir='ltr'>excedit</span> <span class='ocrx_word' id='word_1_59' title='bbox 779 604 812 636; x_wconf 88' lang='lat' dir='ltr'>in</span> <span class='ocrx_word' id='word_1_60' title='bbox 837 604 960 636; x_wconf 78' lang='lat' dir='ltr'>talibus</span> <span class='ocrx_word' id='word_1_61' title='bbox 996 604 1196 646; x_wconf 81' lang='lat' dir='ltr'>tenendum,</span> <span class='ocrx_word' id='word_1_62' title='bbox 1233 608 1268 637; x_wconf 89' lang='lat' dir='ltr'>et</span> <span class='ocrx_word' id='word_1_63' title='bbox 1301 604 1451 647; x_wconf 82' lang='lat' dir='ltr'>speciem</span> 
     </span>
     <span class='ocr_line' id='line_1_8' title="bbox 104 667 1451 714; baseline 0.003 -14"><span class='ocrx_word' id='word_1_64' title='bbox 104 667 226 701; x_wconf 89' lang='lat' dir='ltr'>habent</span> <span class='ocrx_word' id='word_1_65' title='bbox 265 668 348 702; x_wconf 86' lang='lat' dir='ltr'>haec</span> <span class='ocrx_word' id='word_1_66' title='bbox 391 670 462 702; x_wconf 74' lang='lat' dir='ltr'>sive</span> <span class='ocrx_word' id='word_1_67' title='bbox 499 670 680 703; x_wconf 88' lang='lat' dir='ltr'>iactantiae</span> <span class='ocrx_word' id='word_1_68' title='bbox 717 669 789 702; x_wconf 82' lang='lat' dir='ltr'>sive</span> <span class='ocrx_word' id='word_1_69' title='bbox 832 669 1036 702; x_wconf 82' lang='lat' dir='ltr'>adulationis</span> <span class='ocrx_word' id='word_1_70' title='bbox 1081 671 1226 714; x_wconf 84' lang='lat' dir='ltr'>ineptae.</span> <span class='ocrx_word' id='word_1_71' title='bbox 1290 670 1451 704; x_wconf 85' lang='lat' dir='ltr'>Ceterum</span> 
     </span>
     <span class='ocr_line' id='line_1_9' title="bbox 101 734 1450 773; baseline 0.002 -7"><span class='ocrx_word' id='word_1_72' title='bbox 101 734 310 767; x_wconf 73' lang='lat' dir='ltr'>Huscuxlus</span> <span class='ocrx_word' id='word_1_73' title='bbox 347 734 499 768; x_wconf 85' lang='lat' dir='ltr'>defendit</span> <span class='ocrx_word' id='word_1_74' title='bbox 535 735 796 768; x_wconf 85' lang='lat' dir='ltr'>collocationem</span> <span class='ocrx_word' id='word_1_75' title='bbox 833 734 1013 768; x_wconf 79' lang='lat' dir='ltr'>verborum</span> <span class='ocrx_word' id='word_1_76' title='bbox 1053 734 1150 767; x_wconf 74' lang='lat' dir='ltr'>solus</span> <span class='ocrx_word' id='word_1_77' title='bbox 1189 735 1328 773; x_wconf 77' lang='lat' dir='ltr'>densis;</span> <span class='ocrx_word' id='word_1_78' title='bbox 1374 745 1450 769; x_wconf 86' lang='lat' dir='ltr'>nam</span> 
     </span>
     <span class='ocr_line' id='line_1_10' title="bbox 101 801 1450 846; baseline 0.003 -14"><span class='ocrx_word' id='word_1_79' title='bbox 101 804 228 834; x_wconf 88' lang='lat' dir='ltr'>turmas·</span> <span class='ocrx_word' id='word_1_80' title='bbox 262 801 386 835; x_wconf 88' lang='lat' dir='ltr'>densas</span> <span class='ocrx_word' id='word_1_81' title='bbox 419 813 512 844; x_wconf 85' lang='lat' dir='ltr'>esse,</span> <span class='ocrx_word' id='word_1_82' title='bbox 546 803 614 844; x_wconf 88' lang='lat' dir='ltr'>ait,</span> <span class='ocrx_word' id='word_1_83' title='bbox 645 812 711 835; x_wconf 89' lang='lat' dir='ltr'>non</span> <span class='ocrx_word' id='word_1_84' title='bbox 746 801 881 836; x_wconf 90' lang='lat' dir='ltr'>mirum.</span> <span class='ocrx_word' id='word_1_85' title='bbox 931 802 1001 835; x_wconf 86' lang='lat' dir='ltr'>Sed</span> <span class='ocrx_word' id='word_1_86' title='bbox 1037 806 1139 846; x_wconf 84' lang='lat' dir='ltr'>poeta</span> <span class='ocrx_word' id='word_1_87' title='bbox 1166 803 1315 846; x_wconf 75' lang='lat' dir='ltr'>‘opponit</span> <span class='ocrx_word' id='word_1_88' title='bbox 1346 803 1450 836; x_wconf 87' lang='lat' dir='ltr'>credo</span> 
     </span>
     <span class='ocr_line' id='line_1_11' title="bbox 100 866 1449 911; baseline 0.003 -14"><span class='ocrx_word' id='word_1_89' title='bbox 100 866 307 907; x_wconf 86' lang='lat' dir='ltr'>cogitatione</span> <span class='ocrx_word' id='word_1_90' title='bbox 341 867 455 900; x_wconf 82' lang='lat' dir='ltr'>densis</span> <span class='ocrx_word' id='word_1_91' title='bbox 489 867 607 900; x_wconf 91' lang='lat' dir='ltr'>turmis</span> <span class='ocrx_word' id='word_1_92' title='bbox 639 867 792 909; x_wconf 89' lang='lat' dir='ltr'>singulos</span> <span class='ocrx_word' id='word_1_93' title='bbox 827 867 959 909; x_wconf 86' lang='lat' dir='ltr'>equites</span> <span class='ocrx_word' id='word_1_94' title='bbox 985 867 1098 910; x_wconf 84' lang='lat' dir='ltr'>plures</span> <span class='ocrx_word' id='word_1_95' title='bbox 1123 878 1142 900; x_wconf 88' lang='lat' dir='ltr'>a</span> <span class='ocrx_word' id='word_1_96' title='bbox 1166 869 1266 901; x_wconf 75' lang='lat' dir='ltr'>variis</span> <span class='ocrx_word' id='word_1_97' title='bbox 1294 868 1449 911; x_wconf 81' lang='lat' dir='ltr'>partibus</span> 
     </span>
     <span class='ocr_line' id='line_1_12' title="bbox 99 932 1447 978; baseline 0.004 -15"><span class='ocrx_word' id='word_1_98' title='bbox 99 932 277 965; x_wconf 87' lang='lat' dir='ltr'>irruentes.</span> <span class='ocrx_word' id='word_1_99' title='bbox 327 932 402 966; x_wconf 90' lang='lat' dir='ltr'>Nec</span> <span class='ocrx_word' id='word_1_100' title='bbox 428 933 519 976; x_wconf 87' lang='lat' dir='ltr'>quod</span> <span class='ocrx_word' id='word_1_101' title='bbox 545 934 577 966; x_wconf 90' lang='lat' dir='ltr'>in</span> <span class='ocrx_word' id='word_1_102' title='bbox 611 935 765 977; x_wconf 87' lang='lat' dir='ltr'>sequenti</span> <span class='ocrx_word' id='word_1_103' title='bbox 792 944 892 966; x_wconf 80' lang='lat' dir='ltr'>versu</span> <span class='ocrx_word' id='word_1_104' title='bbox 914 945 1067 977; x_wconf 66' lang='lat' dir='ltr'>parvam</span> <span class='ocrx_word' id='word_1_105' title='bbox 1094 934 1331 978; x_wconf 84' lang='lat' dir='ltr'>praeponitur,</span> <span class='ocrx_word' id='word_1_106' title='bbox 1370 935 1447 968; x_wconf 91' lang='lat' dir='ltr'>inde</span> 
     </span>
     <span class='ocr_line' id='line_1_13' title="bbox 96 995 1447 1043; baseline 0.002 -14"><span class='ocrx_word' id='word_1_107' title='bbox 96 995 223 1030; x_wconf 86' lang='lat' dir='ltr'>efficias</span> <span class='ocrx_word' id='word_1_108' title='bbox 249 997 303 1031; x_wconf 89' lang='lat' dir='ltr'>hic</span> <span class='ocrx_word' id='word_1_109' title='bbox 327 998 423 1032; x_wconf 67' lang='lat' dir='ltr'>solas</span> <span class='ocrx_word' id='word_1_110' title='bbox 448 999 682 1043; x_wconf 88' lang='lat' dir='ltr'>praepositum</span> <span class='ocrx_word' id='word_1_111' title='bbox 707 999 811 1032; x_wconf 84' lang='lat' dir='ltr'>fuisse</span> <span class='ocrx_word' id='word_1_112' title='bbox 838 999 881 1032; x_wconf 89' lang='lat' dir='ltr'>ab</span> <span class='ocrx_word' id='word_1_113' title='bbox 907 1003 1067 1040; x_wconf 87' lang='lat' dir='ltr'>auctore,</span> <span class='ocrx_word' id='word_1_114' title='bbox 1096 1009 1173 1033; x_wconf 89' lang='lat' dir='ltr'>nam</span> <span class='ocrx_word' id='word_1_115' title='bbox 1197 1000 1309 1033; x_wconf 78' lang='lat' dir='ltr'>suavis</span> <span class='ocrx_word' id='word_1_116' title='bbox 1335 1000 1447 1033; x_wconf 47' lang='lat' dir='ltr'>varia*</span> 
     </span>
     <span class='ocr_line' id='line_1_14' title="bbox 95 1062 1446 1107; baseline 0.002 -12"><span class='ocrx_word' id='word_1_117' title='bbox 95 1062 144 1095; x_wconf 78' lang='lat' dir='ltr'>tio</span> <span class='ocrx_word' id='word_1_118' title='bbox 178 1063 210 1096; x_wconf 89' lang='lat' dir='ltr'>in</span> <span class='ocrx_word' id='word_1_119' title='bbox 242 1064 386 1107; x_wconf 79' lang='lat' dir='ltr'>talibus,</span> <span class='ocrx_word' id='word_1_120' title='bbox 419 1066 448 1099; x_wconf 87' lang='lat' dir='ltr'>si</span> <span class='ocrx_word' id='word_1_121' title='bbox 480 1066 562 1099; x_wconf 88' lang='lat' dir='ltr'>licet</span> <span class='ocrx_word' id='word_1_122' title='bbox 594 1067 735 1100; x_wconf 85' lang='lat' dir='ltr'>variare.</span> <span class='ocrx_word' id='word_1_123' title='bbox 762 1085 809 1091; x_wconf 94' lang='grc'>--</span> <span class='ocrx_word' id='word_1_124' title='bbox 845 1065 1109 1099; x_wconf 81' lang='lat' dir='ltr'>subsistere</span> <span class='ocrx_word' id='word_1_125' title='bbox 1144 1064 1174 1097; x_wconf 89' lang='lat' dir='ltr'>h.</span> <span class='ocrx_word' id='word_1_126' title='bbox 1201 1075 1231 1099; x_wconf 90' lang='lat' dir='ltr'>e.</span> <span class='ocrx_word' id='word_1_127' title='bbox 1266 1065 1446 1107; x_wconf 83' lang='lat' dir='ltr'>obsistere,</span> 
     </span>
     <span class='ocr_line' id='line_1_15' title="bbox 94 1129 1445 1176; baseline 0.001 -15"><span class='ocrx_word' id='word_1_128' title='bbox 94 1129 172 1162; x_wconf 75' lang='lat' dir='ltr'>Lrv.</span> <span class='ocrx_word' id='word_1_129' title='bbox 197 1130 343 1173; x_wconf 87' lang='lat' dir='ltr'>XXVII,</span> <span class='ocrx_word' id='word_1_130' title='bbox 367 1135 410 1165; x_wconf 79' lang='lat'>7:</span> <span class='ocrx_word' id='word_1_131' title='bbox 447 1132 604 1164; x_wconf 79' lang='lat' dir='ltr'>Maxime</span> <span class='ocrx_word' id='word_1_132' title='bbox 631 1132 739 1164; x_wconf 80' lang='lat' dir='ltr'>movit</span> <span class='ocrx_word' id='word_1_133' title='bbox 769 1138 894 1176; x_wconf 82' lang='lat' dir='ltr'>patres</span> <span class='ocrx_word' id='word_1_134' title='bbox 929 1130 1172 1165; x_wconf 76' lang='lat' dir='ltr'>Hasdrubalis</span> <span class='ocrx_word' id='word_1_135' title='bbox 1206 1130 1383 1163; x_wconf 76' lang='lat' dir='ltr'>transitus</span> <span class='ocrx_word' id='word_1_136' title='bbox 1407 1131 1445 1163; x_wconf 79' lang='lat' dir='ltr'>in</span> 
     </span>
     <span class='ocr_line' id='line_1_16' title="bbox 94 1194 1444 1242; baseline 0.002 -17"><span class='ocrx_word' id='word_1_137' title='bbox 94 1194 243 1226; x_wconf 73' lang='lat' dir='ltr'>Italiam</span> <span class='ocrx_word' id='word_1_138' title='bbox 275 1195 336 1228; x_wconf 80' lang='lat' dir='ltr'>vix</span> <span class='ocrx_word' id='word_1_139' title='bbox 372 1195 572 1228; x_wconf 79' lang='lat' dir='ltr'>Hannibali</span> <span class='ocrx_word' id='word_1_140' title='bbox 596 1204 705 1242; x_wconf 65' lang='lat' dir='ltr'>alque</span> <span class='ocrx_word' id='word_1_141' title='bbox 730 1196 805 1229; x_wconf 77' lang='lat' dir='ltr'>eius</span> <span class='ocrx_word' id='word_1_142' title='bbox 841 1195 949 1228; x_wconf 82' lang='lat' dir='ltr'>armis</span> <span class='ocrx_word' id='word_1_143' title='bbox 982 1196 1239 1228; x_wconf 71' lang='lat' dir='ltr'>subsistentem.</span> <span class='ocrx_word' id='word_1_144' title='bbox 1264 1215 1310 1220; x_wconf 91' lang='lat'>—</span> <span class='ocrx_word' id='word_1_145' title='bbox 1347 1206 1444 1239; x_wconf 82' lang='lat' dir='ltr'>par-</span> 
     </span>
     <span class='ocr_line' id='line_1_17' title="bbox 95 1260 1443 1305; baseline 0.001 -14"><span class='ocrx_word' id='word_1_146' title='bbox 95 1270 113 1291; x_wconf 71' lang='lat' dir='ltr'><strong>v</strong></span> <span class='ocrx_word' id='word_1_147' title='bbox 126 1270 146 1291; x_wconf 91' lang='lat' dir='ltr'>u</span> <span class='ocrx_word' id='word_1_148' title='bbox 158 1270 187 1292; x_wconf 88' lang='lat' dir='ltr'>m</span> <span class='ocrx_word' id='word_1_149' title='bbox 223 1272 409 1305; x_wconf 84' lang='lat' dir='ltr'>corpus,</span> <span class='ocrx_word' id='word_1_150' title='bbox 443 1261 548 1295; x_wconf 83' lang='lat' dir='ltr'>credo</span> <span class='ocrx_word' id='word_1_151' title='bbox 580 1266 617 1294; x_wconf 91' lang='lat' dir='ltr'>ut</span> <span class='ocrx_word' id='word_1_152' title='bbox 645 1272 744 1294; x_wconf 90' lang='lat' dir='ltr'>omne</span> <span class='ocrx_word' id='word_1_153' title='bbox 770 1271 894 1305; x_wconf 88' lang='lat' dir='ltr'>corpus</span> <span class='ocrx_word' id='word_1_154' title='bbox 919 1260 1098 1293; x_wconf 87' lang='lat' dir='ltr'>humanum</span> <span class='ocrx_word' id='word_1_155' title='bbox 1122 1271 1261 1304; x_wconf 76' lang='lat' dir='ltr'>parvum</span> <span class='ocrx_word' id='word_1_156' title='bbox 1285 1264 1337 1293; x_wconf 82' lang='lat' dir='ltr'>est</span> <span class='ocrx_word' id='word_1_157' title='bbox 1362 1270 1443 1303; x_wconf 82' lang='lat' dir='ltr'>prae</span> 
     </span>
     <span class='ocr_line' id='line_1_18' title="bbox 94 1327 1439 1369; baseline 0.001 -12"><span class='ocrx_word' id='word_1_158' title='bbox 94 1327 151 1358; x_wconf 85' lang='lat' dir='ltr'>tali</span> <span class='ocrx_word' id='word_1_159' title='bbox 177 1327 318 1360; x_wconf 84' lang='lat' dir='ltr'>flamma.</span> <span class='ocrx_word' id='word_1_160' title='bbox 370 1329 449 1363; x_wconf 82' lang='lat' dir='ltr'>Quo</span> <span class='ocrx_word' id='word_1_161' title='bbox 477 1329 584 1361; x_wconf 89' lang='lat' dir='ltr'>maior</span> <span class='ocrx_word' id='word_1_162' title='bbox 610 1328 781 1360; x_wconf 75' lang='lat' dir='ltr'>videbitur</span> <span class='ocrx_word' id='word_1_163' title='bbox 805 1327 956 1361; x_wconf 86' lang='lat' dir='ltr'>audacia.</span> <span class='ocrx_word' id='word_1_164' title='bbox 1006 1328 1118 1369; x_wconf 85' lang='lat' dir='ltr'>Atque</span> <span class='ocrx_word' id='word_1_165' title='bbox 1144 1328 1189 1360; x_wconf 87' lang='lat' dir='ltr'>ita</span> <span class='ocrx_word' id='word_1_166' title='bbox 1214 1328 1439 1359; x_wconf 69' lang='lat' dir='ltr'>Donvmnms</span> 
     </span>
     <span class='ocr_line' id='line_1_19' title="bbox 92 1390 1439 1435; baseline 0 -12"><span class='ocrx_word' id='word_1_167' title='bbox 92 1392 184 1434; x_wconf 87' lang='lat' dir='ltr'>cepit</span> <span class='ocrx_word' id='word_1_168' title='bbox 208 1391 252 1423; x_wconf 87' lang='lat' dir='ltr'>ad</span> <span class='ocrx_word' id='word_1_169' title='bbox 280 1390 406 1424; x_wconf 86' lang='lat' dir='ltr'>Charit.</span> <span class='ocrx_word' id='word_1_170' title='bbox 439 1403 471 1434; x_wconf 91' lang='lat' dir='ltr'>p.</span> <span class='ocrx_word' id='word_1_171' title='bbox 494 1394 574 1423; x_wconf 87' lang='lat'><strong>636.</strong></span> <span class='ocrx_word' id='word_1_172' title='bbox 611 1392 705 1434; x_wconf 76' lang='lat' dir='ltr'>Lips.</span> <span class='ocrx_word' id='word_1_173' title='bbox 741 1402 942 1435; x_wconf 82' lang='lat' dir='ltr'>comparans</span> <span class='ocrx_word' id='word_1_174' title='bbox 967 1392 1110 1425; x_wconf 18' lang='lat' dir='ltr'>Meum.</span> <span class='ocrx_word' id='word_1_175' title='bbox 1136 1392 1177 1432; x_wconf 89' lang='lat' dir='ltr'>V,</span> <span class='ocrx_word' id='word_1_176' title='bbox 1205 1394 1287 1424; x_wconf 84' lang='lat'>591.</span> <span class='ocrx_word' id='word_1_177' title='bbox 1339 1392 1439 1424; x_wconf 69' lang='lat' dir='ltr'>Bon-</span> 
     </span>
     <span class='ocr_line' id='line_1_20' title="bbox 88 1457 1439 1501; baseline 0.001 -12"><span class='ocrx_word' id='word_1_178' title='bbox 88 1467 236 1490; x_wconf 61' lang='lat' dir='ltr'>MANNus</span> <span class='ocrx_word' id='word_1_179' title='bbox 270 1467 350 1490; x_wconf 77' lang='lat' dir='ltr'>vero</span> <span class='ocrx_word' id='word_1_180' title='bbox 382 1457 424 1489; x_wconf 92' lang='lat' dir='ltr'>ad</span> <span class='ocrx_word' id='word_1_181' title='bbox 450 1458 609 1500; x_wconf 85' lang='lat' dir='ltr'>Propert.</span> <span class='ocrx_word' id='word_1_182' title='bbox 634 1458 661 1498; x_wconf 87' lang='grc' dir='ltr'>Ι,</span> <span class='ocrx_word' id='word_1_183' title='bbox 690 1461 723 1499; x_wconf 85' lang='grc'>6,</span> <span class='ocrx_word' id='word_1_184' title='bbox 748 1461 779 1490; x_wconf 84' lang='grc'>3.</span> <span class='ocrx_word' id='word_1_185' title='bbox 808 1470 841 1501; x_wconf 91' lang='lat' dir='ltr'>p.</span> <span class='ocrx_word' id='word_1_186' title='bbox 868 1461 926 1491; x_wconf 90' lang='lat'>60.</span> <span class='ocrx_word' id='word_1_187' title='bbox 960 1459 1097 1490; x_wconf 79' lang='lat' dir='ltr'>coniicit</span> <span class='ocrx_word' id='word_1_188' title='bbox 1126 1469 1288 1500; x_wconf 76' lang='lat' dir='ltr'>pronum.</span> <span class='ocrx_word' id='word_1_189' title='bbox 1338 1458 1439 1491; x_wconf 55' lang='lat' dir='ltr'>Van&lt;-</span> 
     </span>
     <span class='ocr_line' id='line_1_21' title="bbox 87 1522 1437 1565; baseline 0 -11"><span class='ocrx_word' id='word_1_190' title='bbox 87 1532 167 1554; x_wconf 76' lang='lat' dir='ltr'>mus</span> <span class='ocrx_word' id='word_1_191' title='bbox 191 1523 320 1564; x_wconf 87' lang='lat' dir='ltr'>gracile</span> <span class='ocrx_word' id='word_1_192' title='bbox 347 1533 387 1555; x_wconf 88' lang='lat' dir='ltr'>ac</span> <span class='ocrx_word' id='word_1_193' title='bbox 413 1525 515 1555; x_wconf 90' lang='lat' dir='ltr'>tenue</span> <span class='ocrx_word' id='word_1_194' title='bbox 549 1523 814 1565; x_wconf 88' lang='lat' dir='ltr'>interpretatur,</span> <span class='ocrx_word' id='word_1_195' title='bbox 851 1526 890 1555; x_wconf 90' lang='lat' dir='ltr'>ut</span> <span class='ocrx_word' id='word_1_196' title='bbox 923 1522 968 1555; x_wconf 90' lang='lat' dir='ltr'>sit</span> <span class='ocrx_word' id='word_1_197' title='bbox 1000 1522 1269 1555; x_wconf 88' lang='lat' dir='ltr'>adolescentium</span> <span class='ocrx_word' id='word_1_198' title='bbox 1296 1523 1437 1564; x_wconf 79' lang='lat' dir='ltr'>elegan-</span> 
     </span>
     <span class='ocr_line' id='line_1_22' title="bbox 87 1588 1436 1632; baseline -0.001 -11"><span class='ocrx_word' id='word_1_199' title='bbox 87 1589 170 1621; x_wconf 89' lang='lat' dir='ltr'>tium</span> <span class='ocrx_word' id='word_1_200' title='bbox 203 1594 238 1622; x_wconf 90' lang='lat' dir='ltr'>et</span> <span class='ocrx_word' id='word_1_201' title='bbox 262 1593 450 1622; x_wconf 89' lang='lat' dir='ltr'>amatorum</span> <span class='ocrx_word' id='word_1_202' title='bbox 477 1599 622 1632; x_wconf 79' lang='lat' dir='ltr'>corpus3</span> <span class='ocrx_word' id='word_1_203' title='bbox 646 1589 749 1630; x_wconf 83' lang='lat' dir='ltr'>&#39;quod</span> <span class='ocrx_word' id='word_1_204' title='bbox 776 1589 941 1631; x_wconf 81' lang='lat' dir='ltr'>ineptum.</span> <span class='ocrx_word' id='word_1_205' title='bbox 990 1589 1142 1623; x_wconf 75' lang='lat' dir='ltr'>Vossrus</span> <span class='ocrx_word' id='word_1_206' title='bbox 1170 1590 1243 1620; x_wconf 83' lang='lat' dir='ltr'>Nec</span> <span class='ocrx_word' id='word_1_207' title='bbox 1262 1588 1436 1631; x_wconf 60' lang='lat' dir='ltr'>pai-idum</span> 
     </span>
     <span class='ocr_line' id='line_1_23' title="bbox 86 1652 1434 1697; baseline -0.001 -11"><span class='ocrx_word' id='word_1_208' title='bbox 86 1654 241 1697; x_wconf 84' lang='lat' dir='ltr'>scripsit,</span> <span class='ocrx_word' id='word_1_209' title='bbox 266 1654 409 1686; x_wconf 85' lang='lat' dir='ltr'>similem</span> <span class='ocrx_word' id='word_1_210' title='bbox 434 1653 546 1685; x_wconf 90' lang='lat' dir='ltr'>locum</span> <span class='ocrx_word' id='word_1_211' title='bbox 573 1663 772 1695; x_wconf 87' lang='lat' dir='ltr'>comparans</span> <span class='ocrx_word' id='word_1_212' title='bbox 798 1653 1002 1685; x_wconf 62' lang='lat' dir='ltr'>Cmn‘nrffl.</span> <span class='ocrx_word' id='word_1_213' title='bbox 1029 1652 1141 1693; x_wconf 81' lang='lat' dir='ltr'>XVII,</span> <span class='ocrx_word' id='word_1_214' title='bbox 1170 1654 1269 1693; x_wconf 59' lang='lat'>194„</span> <span class='ocrx_word' id='word_1_215' title='bbox 1306 1653 1363 1685; x_wconf 91' lang='lat' dir='ltr'>ubi</span> <span class='ocrx_word' id='word_1_216' title='bbox 1390 1653 1434 1685; x_wconf 86' lang='lat' dir='ltr'>de</span> 
     </span>
     <span class='ocr_line' id='line_1_24' title="bbox 87 1716 1436 1764; baseline -0.003 -9"><span class='ocrx_word' id='word_1_217' title='bbox 87 1723 196 1755; x_wconf 81' lang='lat' dir='ltr'>iusto:</span> <span class='ocrx_word' id='word_1_218' title='bbox 222 1722 342 1753; x_wconf 80' lang='lat' dir='ltr'>Irruet</span> <span class='ocrx_word' id='word_1_219' title='bbox 361 1718 560 1763; x_wconf 77' lang='lat' dir='ltr'>intrepidus</span> <span class='ocrx_word' id='word_1_220' title='bbox 571 1717 742 1762; x_wconf 80' lang='lat' dir='ltr'>flammis,</span> <span class='ocrx_word' id='word_1_221' title='bbox 768 1717 914 1749; x_wconf 75' lang='lat' dir='ltr'>hiberna</span> <span class='ocrx_word' id='word_1_222' title='bbox 934 1716 1064 1750; x_wconf 77' lang='lat' dir='ltr'>secabit</span> <span class='ocrx_word' id='word_1_223' title='bbox 1087 1718 1266 1763; x_wconf 71' lang='lat' dir='ltr'>Aequora,</span> <span class='ocrx_word' id='word_1_224' title='bbox 1293 1719 1436 1764; x_wconf 80' lang='lat' dir='ltr'>confer-—</span> 
     </span>
     <span class='ocr_line' id='line_1_25' title="bbox 86 1784 1432 1830; baseline 0 -11"><span class='ocrx_word' id='word_1_225' title='bbox 86 1793 142 1819; x_wconf 78' lang='lat' dir='ltr'>tos</span> <span class='ocrx_word' id='word_1_226' title='bbox 179 1786 297 1819; x_wconf 72' lang='lat' dir='ltr'>hostes</span> <span class='ocrx_word' id='word_1_227' title='bbox 333 1784 515 1830; x_wconf 75' lang='lat' dir='ltr'>superabit</span> <span class='ocrx_word' id='word_1_228' title='bbox 552 1785 704 1818; x_wconf 78' lang='lat' dir='ltr'>inermis.</span> <span class='ocrx_word' id='word_1_229' title='bbox 771 1785 984 1818; x_wconf 70' lang='lat' dir='ltr'>Huscnmus</span> <span class='ocrx_word' id='word_1_230' title='bbox 1027 1790 1139 1819; x_wconf 86' lang='lat' dir='ltr'>autem</span> <span class='ocrx_word' id='word_1_231' title='bbox 1185 1797 1246 1817; x_wconf 82' lang='lat' dir='ltr'>nec</span> <span class='ocrx_word' id='word_1_232' title='bbox 1285 1797 1432 1828; x_wconf 79' lang='lat' dir='ltr'>parcam</span> 
     </span>
     <span class='ocr_line' id='line_1_26' title="bbox 86 1852 1430 1896; baseline -0.001 -9"><span class='ocrx_word' id='word_1_233' title='bbox 86 1855 260 1895; x_wconf 88' lang='lat' dir='ltr'>emendat,</span> <span class='ocrx_word' id='word_1_234' title='bbox 298 1855 474 1896; x_wconf 84' lang='lat' dir='ltr'>eleganter</span> <span class='ocrx_word' id='word_1_235' title='bbox 506 1864 607 1895; x_wconf 88' lang='lat' dir='ltr'>sane,</span> <span class='ocrx_word' id='word_1_236' title='bbox 642 1853 703 1886; x_wconf 90' lang='lat' dir='ltr'>sed</span> <span class='ocrx_word' id='word_1_237' title='bbox 739 1863 858 1886; x_wconf 83' lang='lat' dir='ltr'>vereor</span> <span class='ocrx_word' id='word_1_238' title='bbox 893 1863 934 1885; x_wconf 90' lang='lat' dir='ltr'>ne</span> <span class='ocrx_word' id='word_1_239' title='bbox 970 1852 1152 1885; x_wconf 84' lang='lat' dir='ltr'>inferamus</span> <span class='ocrx_word' id='word_1_240' title='bbox 1187 1852 1373 1894; x_wconf 81' lang='lat' dir='ltr'>elegantias</span> <span class='ocrx_word' id='word_1_241' title='bbox 1398 1854 1430 1885; x_wconf 87' lang='lat' dir='ltr'>in</span> 
     </span>
     <span class='ocr_line' id='line_1_27' title="bbox 84 1917 1430 1961; baseline 0 -10"><span class='ocrx_word' id='word_1_242' title='bbox 84 1919 148 1953; x_wconf 90' lang='lat' dir='ltr'>hoc</span> <span class='ocrx_word' id='word_1_243' title='bbox 183 1929 339 1961; x_wconf 85' lang='lat' dir='ltr'>carmen,</span> <span class='ocrx_word' id='word_1_244' title='bbox 372 1919 416 1952; x_wconf 92' lang='lat' dir='ltr'>de</span> <span class='ocrx_word' id='word_1_245' title='bbox 449 1919 570 1961; x_wconf 91' lang='lat' dir='ltr'>quibus</span> <span class='ocrx_word' id='word_1_246' title='bbox 605 1922 726 1951; x_wconf 86' lang='lat' dir='ltr'>auctor</span> <span class='ocrx_word' id='word_1_247' title='bbox 760 1928 824 1950; x_wconf 91' lang='lat' dir='ltr'>non</span> <span class='ocrx_word' id='word_1_248' title='bbox 859 1919 1071 1959; x_wconf 67' lang='lat' dir='ltr'>cogitaverit.</span> <span class='ocrx_word' id='word_1_249' title='bbox 1131 1917 1301 1960; x_wconf 81' lang='lat' dir='ltr'>Equidem</span> <span class='ocrx_word' id='word_1_250' title='bbox 1335 1922 1430 1951; x_wconf 89' lang='lat' dir='ltr'>certe</span> 
     </span>
     <span class='ocr_line' id='line_1_28' title="bbox 83 1983 1432 2028; baseline -0.004 -9"><span class='ocrx_word' id='word_1_251' title='bbox 83 1986 162 2020; x_wconf 91' lang='lat' dir='ltr'>nihil</span> <span class='ocrx_word' id='word_1_252' title='bbox 189 1985 242 2019; x_wconf 89' lang='lat' dir='ltr'>hic</span> <span class='ocrx_word' id='word_1_253' title='bbox 267 1990 372 2020; x_wconf 91' lang='lat' dir='ltr'>muto.</span> <span class='ocrx_word' id='word_1_254' title='bbox 431 1985 616 2018; x_wconf 80' lang='lat' dir='ltr'>Manifesto</span> <span class='ocrx_word' id='word_1_255' title='bbox 641 1987 730 2018; x_wconf 82' lang='lat' dir='ltr'>enim</span> <span class='ocrx_word' id='word_1_256' title='bbox 757 1995 787 2019; x_wconf 82' lang='lat' dir='ltr'>v.</span> <span class='ocrx_word' id='word_1_257' title='bbox 809 1996 962 2028; x_wconf 67' lang='lat' dir='ltr'>parvum</span> <span class='ocrx_word' id='word_1_258' title='bbox 989 1985 1149 2027; x_wconf 86' lang='lat' dir='ltr'>opposuit</span> <span class='ocrx_word' id='word_1_259' title='bbox 1175 1994 1204 2016; x_wconf 85' lang='lat' dir='ltr'>v.</span> <span class='ocrx_word' id='word_1_260' title='bbox 1235 1983 1432 2019; x_wconf 75' lang='lat' dir='ltr'>Aetnaeae,</span> 
     </span>
     <span class='ocr_line' id='line_1_29' title="bbox 83 2050 1427 2095; baseline -0.002 -11"><span class='ocrx_word' id='word_1_261' title='bbox 83 2051 114 2085; x_wconf 90' lang='lat' dir='ltr'>h.</span> <span class='ocrx_word' id='word_1_262' title='bbox 142 2063 170 2085; x_wconf 91' lang='lat' dir='ltr'>e.</span> <span class='ocrx_word' id='word_1_263' title='bbox 196 2053 324 2095; x_wconf 83' lang='lat' dir='ltr'>ingenti</span> <span class='ocrx_word' id='word_1_264' title='bbox 351 2053 505 2085; x_wconf 86' lang='lat' dir='ltr'>flammae</span> <span class='ocrx_word' id='word_1_265' title='bbox 531 2053 672 2086; x_wconf 79' lang='lat' dir='ltr'>Aetnae.</span> <span class='ocrx_word' id='word_1_266' title='bbox 698 2070 743 2076; x_wconf 93' lang='lat'><strong>—</strong></span> <span class='ocrx_word' id='word_1_267' title='bbox 779 2052 1007 2084; x_wconf 85' lang='lat' dir='ltr'>Aetnaeae</span> <span class='ocrx_word' id='word_1_268' title='bbox 1040 2051 1260 2090; x_wconf 84' lang='lat' dir='ltr'>flammae,</span> <span class='ocrx_word' id='word_1_269' title='bbox 1294 2050 1427 2091; x_wconf 83' lang='lat' dir='ltr'>ignibus</span> 
     </span>
     <span class='ocr_line' id='line_1_30' title="bbox 82 2114 1427 2160; baseline -0.002 -9"><span class='ocrx_word' id='word_1_270' title='bbox 82 2118 199 2160; x_wconf 85' lang='lat' dir='ltr'>quales</span> <span class='ocrx_word' id='word_1_271' title='bbox 225 2119 387 2159; x_wconf 85' lang='lat' dir='ltr'>Aetnaei,</span> <span class='ocrx_word' id='word_1_272' title='bbox 424 2119 471 2150; x_wconf 90' lang='lat' dir='ltr'>ait</span> <span class='ocrx_word' id='word_1_273' title='bbox 496 2118 657 2151; x_wconf 79' lang='lat' dir='ltr'>Vossws.</span> <span class='ocrx_word' id='word_1_274' title='bbox 706 2116 776 2150; x_wconf 88' lang='lat' dir='ltr'>Sed</span> <span class='ocrx_word' id='word_1_275' title='bbox 810 2115 926 2158; x_wconf 91' lang='lat' dir='ltr'>quidni</span> <span class='ocrx_word' id='word_1_276' title='bbox 956 2116 1062 2159; x_wconf 82' lang='lat' dir='ltr'>ipsius</span> <span class='ocrx_word' id='word_1_277' title='bbox 1090 2114 1248 2148; x_wconf 67' lang='lat' dir='ltr'>Aetnae?</span> <span class='ocrx_word' id='word_1_278' title='bbox 1299 2115 1427 2148; x_wconf 74' lang='lat' dir='ltr'>ClCssR.</span> 
     </span>
     <span class='ocr_line' id='line_1_31' title="bbox 80 2180 1425 2227; baseline -0.001 -12"><span class='ocrx_word' id='word_1_279' title='bbox 80 2183 123 2216; x_wconf 91' lang='lat' dir='ltr'>de</span> <span class='ocrx_word' id='word_1_280' title='bbox 149 2183 227 2218; x_wconf 66' lang='lat' dir='ltr'>Nat.</span> <span class='ocrx_word' id='word_1_281' title='bbox 253 2184 356 2219; x_wconf 89' lang='lat' dir='ltr'>Deor.</span> <span class='ocrx_word' id='word_1_282' title='bbox 381 2184 426 2225; x_wconf 87' lang='grc' dir='ltr'>ΙΙ,</span> <span class='ocrx_word' id='word_1_283' title='bbox 450 2186 518 2217; x_wconf 82' lang='lat'>38:</span> <span class='ocrx_word' id='word_1_284' title='bbox 555 2183 694 2227; x_wconf 76' lang='lat' dir='ltr'>eruptio</span> <span class='ocrx_word' id='word_1_285' title='bbox 721 2183 962 2215; x_wconf 75' lang='lat' dir='ltr'>Aetnaeorum</span> <span class='ocrx_word' id='word_1_286' title='bbox 996 2182 1143 2227; x_wconf 78' lang='lat' dir='ltr'>ignium,</span> <span class='ocrx_word' id='word_1_287' title='bbox 1192 2180 1290 2214; x_wconf 82' lang='lat' dir='ltr'>Adde</span> <span class='ocrx_word' id='word_1_288' title='bbox 1324 2191 1425 2224; x_wconf 79' lang='lat' dir='ltr'>supra</span> 
     </span>
     <span class='ocr_line' id='line_1_32' title="bbox 80 2248 1425 2292; baseline -0.001 -12"><span class='ocrx_word' id='word_1_289' title='bbox 80 2258 110 2280; x_wconf 82' lang='lat' dir='ltr'>v.</span> <span class='ocrx_word' id='word_1_290' title='bbox 130 2250 188 2281; x_wconf 87' lang='lat'>56.</span> <span class='ocrx_word' id='word_1_291' title='bbox 204 2265 248 2272; x_wconf 92' lang='lat'>—-</span> <span class='ocrx_word' id='word_1_292' title='bbox 273 2249 317 2281; x_wconf 94' lang='lat' dir='ltr'>V.</span> <span class='ocrx_word' id='word_1_293' title='bbox 339 2251 418 2281; x_wconf 81' lang='lat'>197.</span> <span class='ocrx_word' id='word_1_294' title='bbox 446 2251 524 2282; x_wconf 83' lang='grc'>198.</span> <span class='ocrx_word' id='word_1_295' title='bbox 551 2249 679 2292; x_wconf 88' lang='lat' dir='ltr'>optime</span> <span class='ocrx_word' id='word_1_296' title='bbox 702 2249 913 2292; x_wconf 83' lang='lat' dir='ltr'>interpunxit</span> <span class='ocrx_word' id='word_1_297' title='bbox 937 2248 1262 2282; x_wconf 60' lang='lat' dir='ltr'>LacflMANNUS.—</span> <span class='ocrx_word' id='word_1_298' title='bbox 1287 2258 1393 2289; x_wconf 88' lang='lat' dir='ltr'>regn</span> <span class='ocrx_word' id='word_1_299' title='bbox 1407 2259 1425 2279; x_wconf 83' lang='lat' dir='ltr'>a</span> 
     </span>
     <span class='ocr_line' id='line_1_33' title="bbox 83 2311 1423 2357; baseline -0.002 -11"><span class='ocrx_word' id='word_1_300' title='bbox 83 2313 250 2355; x_wconf 87' lang='lat' dir='ltr'>Lydia,</span> <span class='ocrx_word' id='word_1_301' title='bbox 284 2313 346 2354; x_wconf 78' lang='lat'>111,</span> <span class='ocrx_word' id='word_1_302' title='bbox 371 2316 404 2355; x_wconf 83' lang='lat'>3,</span> <span class='ocrx_word' id='word_1_303' title='bbox 428 2316 486 2346; x_wconf 82' lang='lat'>29.</span> <span class='ocrx_word' id='word_1_304' title='bbox 512 2332 559 2338; x_wconf 90' lang='lat'><strong>—</strong></span> <span class='ocrx_word' id='word_1_305' title='bbox 604 2314 714 2346; x_wconf 86' lang='lat' dir='ltr'>fama</span> <span class='ocrx_word' id='word_1_306' title='bbox 751 2313 963 2357; x_wconf 86' lang='lat' dir='ltr'>Gylippi,</span> <span class='ocrx_word' id='word_1_307' title='bbox 1003 2313 1059 2355; x_wconf 90' lang='lat' dir='ltr'>qui</span> <span class='ocrx_word' id='word_1_308' title='bbox 1096 2313 1233 2346; x_wconf 85' lang='lat' dir='ltr'>celeber</span> <span class='ocrx_word' id='word_1_309' title='bbox 1271 2315 1323 2344; x_wconf 85' lang='lat' dir='ltr'>est</span> <span class='ocrx_word' id='word_1_310' title='bbox 1357 2311 1423 2344; x_wconf 84' lang='lat' dir='ltr'>dux</span> 
     </span>
     <span class='ocr_line' id='line_1_34' title="bbox 79 2376 1426 2422; baseline -0.003 -9"><span class='ocrx_word' id='word_1_311' title='bbox 79 2379 382 2420; x_wconf 85' lang='lat' dir='ltr'>Lacedaemonius,</span> <span class='ocrx_word' id='word_1_312' title='bbox 407 2380 630 2421; x_wconf 77' lang='lat' dir='ltr'>Syracusanis</span> <span class='ocrx_word' id='word_1_313' title='bbox 655 2380 688 2412; x_wconf 93' lang='lat' dir='ltr'>in</span> <span class='ocrx_word' id='word_1_314' title='bbox 714 2379 803 2413; x_wconf 88' lang='lat' dir='ltr'>bello</span> <span class='ocrx_word' id='word_1_315' title='bbox 827 2380 1117 2422; x_wconf 84' lang='lat' dir='ltr'>Peloponnesiaco</span> <span class='ocrx_word' id='word_1_316' title='bbox 1137 2379 1297 2411; x_wconf 73' lang='lat' dir='ltr'>adversus</span> <span class='ocrx_word' id='word_1_317' title='bbox 1319 2376 1426 2410; x_wconf 84' lang='lat' dir='ltr'>Athe-</span> 
     </span>
     <span class='ocr_line' id='line_1_35' title="bbox 78 2444 1423 2488; baseline -0.001 -10"><span class='ocrx_word' id='word_1_318' title='bbox 78 2446 212 2478; x_wconf 89' lang='lat' dir='ltr'>nienses</span> <span class='ocrx_word' id='word_1_319' title='bbox 250 2456 269 2478; x_wconf 87' lang='lat' dir='ltr'>a</span> <span class='ocrx_word' id='word_1_320' title='bbox 308 2445 484 2488; x_wconf 80' lang='lat' dir='ltr'>Spartanis</span> <span class='ocrx_word' id='word_1_321' title='bbox 523 2446 651 2478; x_wconf 78' lang='lat' dir='ltr'>auxilio</span> <span class='ocrx_word' id='word_1_322' title='bbox 688 2445 822 2479; x_wconf 83' lang='lat' dir='ltr'>missus.</span> <span class='ocrx_word' id='word_1_323' title='bbox 885 2444 1029 2478; x_wconf 88' lang='lat' dir='ltr'>Centum</span> <span class='ocrx_word' id='word_1_324' title='bbox 1068 2448 1103 2477; x_wconf 86' lang='lat' dir='ltr'>et</span> <span class='ocrx_word' id='word_1_325' title='bbox 1139 2446 1279 2486; x_wconf 85' lang='lat' dir='ltr'>triginta</span> <span class='ocrx_word' id='word_1_326' title='bbox 1321 2454 1423 2476; x_wconf 71' lang='lat' dir='ltr'>naves</span> 
     </span>
     <span class='ocr_line' id='line_1_36' title="bbox 78 2508 1421 2553; baseline -0.001 -11"><span class='ocrx_word' id='word_1_327' title='bbox 78 2508 330 2543; x_wconf 83' lang='lat' dir='ltr'>Atheniensium</span> <span class='ocrx_word' id='word_1_328' title='bbox 356 2511 448 2553; x_wconf 87' lang='lat' dir='ltr'>cepit</span> <span class='ocrx_word' id='word_1_329' title='bbox 475 2510 689 2552; x_wconf 88' lang='lat' dir='ltr'>incenditque</span> <span class='ocrx_word' id='word_1_330' title='bbox 716 2514 750 2542; x_wconf 93' lang='lat' dir='ltr'>et</span> <span class='ocrx_word' id='word_1_331' title='bbox 775 2511 963 2552; x_wconf 81' lang='lat' dir='ltr'>Syracusas</span> <span class='ocrx_word' id='word_1_332' title='bbox 988 2510 1030 2542; x_wconf 86' lang='lat' dir='ltr'>ab</span> <span class='ocrx_word' id='word_1_333' title='bbox 1055 2510 1230 2544; x_wconf 90' lang='lat' dir='ltr'>obsidione</span> <span class='ocrx_word' id='word_1_334' title='bbox 1256 2509 1421 2542; x_wconf 82' lang='lat' dir='ltr'>liberavit.</span> 
     </span>
     <span class='ocr_line' id='line_1_37' title="bbox 79 2576 1420 2612; baseline -0.001 -3"><span class='ocrx_word' id='word_1_335' title='bbox 79 2577 222 2610; x_wconf 80' lang='lat' dir='ltr'>Constat</span> <span class='ocrx_word' id='word_1_336' title='bbox 246 2576 289 2610; x_wconf 87' lang='lat' dir='ltr'>de</span> <span class='ocrx_word' id='word_1_337' title='bbox 323 2588 364 2610; x_wconf 91' lang='lat' dir='ltr'>eo</span> <span class='ocrx_word' id='word_1_338' title='bbox 399 2588 441 2611; x_wconf 81' lang='lat' dir='ltr'>ex</span> <span class='ocrx_word' id='word_1_339' title='bbox 472 2578 685 2611; x_wconf 66' lang='lat' dir='ltr'>Tuncrum.</span> <span class='ocrx_word' id='word_1_340' title='bbox 714 2578 790 2610; x_wconf 88' lang='lat' dir='ltr'>libr.</span> <span class='ocrx_word' id='word_1_341' title='bbox 814 2578 872 2611; x_wconf 80' lang='lat' dir='ltr'>VI.</span> <span class='ocrx_word' id='word_1_342' title='bbox 900 2581 935 2610; x_wconf 87' lang='lat' dir='ltr'>et</span> <span class='ocrx_word' id='word_1_343' title='bbox 960 2577 1035 2612; x_wconf 85' lang='lat' dir='ltr'>vn.</span> <span class='ocrx_word' id='word_1_344' title='bbox 1085 2577 1173 2611; x_wconf 83' lang='lat' dir='ltr'>Add.</span> <span class='ocrx_word' id='word_1_345' title='bbox 1200 2578 1362 2610; x_wconf 24' lang='lat' dir='ltr'>lsocnvx&#39;r.</span> <span class='ocrx_word' id='word_1_346' title='bbox 1390 2577 1420 2608; x_wconf 88' lang='lat' dir='ltr'>in</span> 
     </span>
     <span class='ocr_line' id='line_1_38' title="bbox 77 2640 1420 2686; baseline -0.001 -12"><span class='ocrx_word' id='word_1_347' title='bbox 77 2640 300 2683; x_wconf 80' lang='lat' dir='ltr'>Archidamo,</span> <span class='ocrx_word' id='word_1_348' title='bbox 337 2644 527 2678; x_wconf 60' lang='lat' dir='ltr'>Potnias.</span> <span class='ocrx_word' id='word_1_349' title='bbox 561 2644 768 2686; x_wconf 64' lang='lat' dir='ltr'>strategum.</span> <span class='ocrx_word' id='word_1_350' title='bbox 806 2644 830 2684; x_wconf 83' lang='lat' dir='ltr'>l,</span> <span class='ocrx_word' id='word_1_351' title='bbox 861 2644 913 2677; x_wconf 68' lang='lat'>12.</span> <span class='ocrx_word' id='word_1_352' title='bbox 973 2641 1198 2677; x_wconf 75' lang='lat' dir='ltr'>Nihilominus</span> <span class='ocrx_word' id='word_1_353' title='bbox 1234 2643 1353 2676; x_wconf 85' lang='lat' dir='ltr'>mirum</span> <span class='ocrx_word' id='word_1_354' title='bbox 1390 2642 1420 2673; x_wconf 93' lang='lat' dir='ltr'>in</span> 
     </span>
    </p>
   </div>
  </div>
 </body>
</html>
