1721 2953
284 80 366 113 ,¹230
605 70 976 114 COMMENTAR.
1003 74 1063 114 IN
1093 74 1320 115 TlBULLl

292 188 482 230 praeferre,
521 191 560 220 ut
593 187 662 220 illic
696 185 816 219 mollia
850 189 976 222 rectius
1012 189 1170 232 positum,
1221 190 1281 224 Sic
1320 190 1368 224 illi
1404 191 1479 224 loco
1513 191 1634 225 melius

289 253 446 287 convenit
478 251 606 285 collum
637 263 716 285 cum
749 251 866 296 capite
899 252 1092 287 redimitum
1124 254 1246 297 sertis,
1284 253 1361 289 huic
1391 265 1473 289 vero
1507 261 1636 288 sancta

290 328 398 349 coma.
445 318 558 360 Atque
584 316 668 351 haec
693 316 867 351 hacteuus.
889 335 935 344 —
971 330 1124 363 purum
1157 321 1340 354 nardum
1370 325 1446 366 post
1469 321 1514 355 Is.
1542 322 1635 356 Vos-

285 394 369 417 smm
391 383 434 417 ad
456 384 580 418 Catull.
606 396 638 428 p.
655 386 736 418 267,
761 384 963 420 observante
988 388 1205 421 Smmmnno
1227 388 1269 421 ad
1291 387 1486 421 Callimach.
1508 388 1635 430 Hymn.

288 453 321 484 in
349 451 461 496 Apoll.
485 454 543 486 38.
578 455 631 485 est
664 456 767 485 tenue
799 457 834 486 et
866 453 1013 497 simplex
1041 455 1153 487 oleum
1178 454 1376 496 nardinum,
1405 465 1483 488 cum
1517 458 1636 488 contra

287 522 498 561 unguentum
524 529 674 553 crassum
700 523 791 553 esset
817 523 852 553 et
875 521 1031 555 mixtum·
1080 521 1320 555 Assentiuntur
1340 522 1635 564 Bnoucrcrmsms,

286 581 479 625 HEYNms,
513 584 734 620 Huscnxms.
792 585 894 621 Quod
921 587 1008 620 enim
1035 586 1303 623 BERNAanus
1332 588 1546 620 CYLLENIUS
1573 597 1637 630 ge-

287 650 436 692 nuinum,
472 661 538 684 non
564 650 790 685 adulteratum
817 653 929 687 oleum
956 653 1116 697 explicat,
1141 653 1268 691 inutilis
1293 654 1439 687 maxime
1464 657 1499 687 et
1524 654 1637 687 ieiuna

287 714 370 748 haec
395 719 486 749 esset
512 720 635 760 poetae
662 717 866 760 observatio,
892 719 970 761 quia
992 728 1054 762 per
1078 728 1116 752 se
1140 719 1344 762 intelligitur
1366 730 1433 752 non
1454 720 1636 753 convenire

287 784 353 817 deo
374 782 481 818 aliud.
541 784 629 818 Illud
654 789 769 819 autem
795 785 970 830 epitheton
996 791 1148 820 naturam
1174 787 1241 820 olei
1266 786 1394 820 nardini
1421 786 1569 828 indicat,
1603 791 1639 820 et

289 859 333 882 ex
358 859 476 882 eorum
501 859 627 892 genere
652 855 726 892 est,
763 862 850 894 qnae
876 856 1042 896 perpetua
1071 852 1240 886 dicuntur.
1298 853 1407 886 Simul
1435 858 1547 885 tamen
1574 852 1638 884 ob-

288 925 386 948 serva
412 920 449 949 ut
473 917 611 950 minime
637 916 690 950 hic
723 918 868 951 otiosum
898 919 960 959 sit3
1000 929 1076 953 nam
1112 919 1297 963 respondet
1330 920 1458 963 optime
1493 919 1636 952 consilio

290 981 354 1013 loci
380 981 481 1014 etiam
507 981 591 1024 hoc,
627 983 719 1025 quod
748 983 953 1027 pretiosum,
986 984 1100 1017 nobile
1125 995 1234 1027 genus
1263 986 1329 1018 olei
1355 985 1566 1027 designatur.
1590 1004 1637 1009 --

288 1047 550 1091 destillent,
588 1054 656 1083 tam
692 1051 787 1092 large
820 1049 975 1083 delibuto
1009 1051 1121 1093 capite
1157 1054 1194 1082 ut
1229 1054 1348 1092 guttae
1384 1050 1516 1083 cadant.
1577 1050 1638 1083 Sic

290 1113 519 1148 CALLIMACH.
545 1116 566 1148 l.
593 1117 670 1150 cit:
707 1115 744 1147 αἱ
777 1116 815 1147 δὲ
840 1112 942 1154 κόμαι
968 1114 1117 1148 θυόεντα
1142 1117 1233 1159 πέδῳ
1260 1117 1427 1159 λείβουσιν
1453 1116 1568 1157 ἓἔλαια,
1604 1120 1639 1150 et

288 1180 379 1221 quod
416 1185 594 1225 praeterea
626 1181 799 1214 Hermus
831 1180 927 1214 addit
950 1192 994 1214 ex
1019 1181 1146 1224 Hymn.
1173 1183 1275 1216 Hom.
1300 1183 1333 1216 in
1358 1184 1454 1217 Vest.
1480 1185 1518 1216 3:
1558 1183 1639 1215 Αὶεὶ

289 1249 356 1279 σῶν
380 1244 563 1287 πλοκάμων
596 1245 813 1290 ἀπολείβεται
846 1244 948 1294 ὖγρόν
973 1248 1094 1290 ἷλαρον.
1119 1267 1166 1273 -
1207 1249 1363 1292 Denique
1388 1250 1538 1283 VOSSIUS
1565 1259 1638 1282 ma-

288 1313 378 1345 vult:
416 1312 514 1345 illius
550 1319 585 1344 et
622 1324 642 1347 e
679 1315 899 1356 quibusdam,
936 1319 974 1348 ut
1006 1316 1142 1348 mollior
1173 1315 1218 1348 sit
1247 1315 1404 1348 iunctura
1438 1320 1473 1348 et
1508 1325 1638 1348 versus.

291 1378 437 1412 Difficile
463 1383 514 1412 est
540 1378 572 1412 in
597 1380 720 1412 talibus
746 1380 872 1423 ubique
898 1391 1014 1413 verum
1039 1381 1180 1422 eligere,
1205 1391 1408 1423 quamquam
1428 1379 1482 1413 hic
1500 1380 1639 1423 quidem

291 1446 466 1479 meliorum
494 1446 656 1479 librorum
687 1447 889 1480 auctoritate
924 1447 1046 1490 copula
1080 1447 1272 1490 respuitur,
1313 1451 1348 1480 et
1379 1446 1567 1489 asyndeton
1602 1450 1641 1480 ut

291 1511 430 1553 gravius
456 1511 644 1554 praelatum
671 1511 814 1544 videtur.
840 1530 885 1535 —
912 1512 952 1545 V.
980 1515 1012 1545 S.
1051 1513 1196 1554 Atque
1221 1517 1346 1545 satur
1369 1512 1463 1545 libo
1487 1512 1548 1546 sit
1573 1517 1639 1547 etc.

294 1574 324 1608 h.
351 1586 381 1609 e.
418 1580 521 1618 atque
557 1574 743 1609 honoretur
775 1577 884 1620 epulis
911 1577 1015 1619 largis
1041 1580 1076 1609 et
1100 1578 1166 1610 sint
1199 1578 1311 1610 omnia
1335 1577 1437 1620 digua
1468 1578 1568 1610 festo.
1596 1596 1639 1603 —

293 1642 405 1682 libo,
439 1641 481 1674 cf.
509 1641 602 1682 adl,
629 1645 663 1682 7,
687 1643 743 1674 54.
776 1659 812 1665 -
854 1641 1123 1684 madeatque
1161 1652 1288 1675 mero.
1339 1641 1418 1675 Non
1454 1642 1496 1674 de
1530 1643 1642 1676 ebrie-

293 1710 362 1739 tate
388 1707 618 1748 cogitaudum‚
643 1705 702 1739 sed
729 1706 772 1739 de
801 1706 897 1748 largo
924 1704 1045 1738 haustu
1077 1707 1156 1748 vini,
1182 1711 1320 1740 notante
1344 1708 1642 1743 WUNDERchmo

295 1772 336 1805 ad
364 1773 407 1814 11,
431 1775 460 1814 l,
485 1777 542 1807 29.
593 1773 754 1806 Ceterum
782 1773 825 1806 de
851 1773 954 1806 Genii
981 1774 1076 1806 cultu
1102 1773 1230 1807 dictum
1253 1773 1296 1806 ad
1321 1774 1348 1816 1,
1374 1778 1407 1816 7,
1433 1777 1489 1808 51.

389 1841 430 1874 V.
458 1843 573 1873 9-16.
635 1840 780 1873 Media
817 1852 921 1884 pars
959 1841 1183 1874 carminis.
1247 1841 1371 1876 Quae
1409 1841 1499 1874 sint
1536 1844 1639 1874 vota

293 1907 512 1942 Cerinthi.

387 1973 430 2006 V.
449 1975 490 2005 10
507 1983 580 2014 sqq.
614 1972 675 2005 En
701 1983 802 2015 age,
827 1973 934 2015 quid
962 1974 1145 2006 cessas?
1194 1973 1266 2007 Nisi
1286 1973 1395 2015 fallor,
1421 1973 1641 2006 adumbratur

293 2040 349 2072 ille
375 2039 484 2083 pudor
510 2039 683 2072 modestus
709 2039 872 2073 Cerintho
897 2041 1075 2084 proprius,
1116 2052 1217 2084 quem
1249 2042 1282 2074 in
1307 2047 1428 2084 quarto
1456 2041 1542 2075 libro
1568 2052 1639 2074 am—

294 2107 381 2149 plius
415 2106 681 2139 observabimus.
707 2125 753 2130 —
791 2109 968 2149 annuit,
1003 2119 1164 2152 praesens
1200 2109 1233 2142 in
1269 2119 1306 2142 re
1342 2113 1435 2142 certa
1469 2119 1518 2152 pr.
1553 2107 1640 2141 hand

294 2171 397 2205 dubie
424 2176 559 2205 annuet.
586 2176 642 2197 -“
656 2174 820 2206 uxoris.
872 2174 1164 2216 Bnoucmmsms,
1194 2175 1366 2216 mems,
1391 2174 1564 2207 HuYNrth
1589 2173 1642 2205 fu-

294 2242 403 2271 turam
430 2249 570 2271 uxorem
598 2239 811 2281 intelligunt,
836 2242 873 2272 ut
900 2239 1006 2272 virm.
1034 2240 1116 2272 Aen.
1144 2240 1203 2280 lv,
1229 2242 1285 2272 35.
1311 2242 1392 2272 536.
1419 2237 1540 2271 mariti
1563 2241 1640 2270 sunt

295 2303 410 2347 proci,
449 2309 484 2338 et
511 2306 592 2338 Aen.
619 2305 663 2346 ll,
689 2307 768 2338 344.
805 2317 930 2349 gener,
968 2309 1027 2338 aut
1050 2305 1212 2340 Pmnm.
1238 2306 1292 2338 Ol.
1316 2305 1394 2347 vll,
1419 2307 1451 2338 4.
1487 2300 1641 2347 γαμβρός

294 2371 418 2404 ‹licitnr
453 2372 509 2413 qui
547 2371 688 2405 futurus.
749 2373 819 2414 Sed
857 2372 919 2406 hoc
957 2377 1052 2407 recte
1093 2373 1254 2406 refutavit
1291 2373 1455 2406 Vossms:
1496 2370 1641 2413 primum

295 2437 384 2469 enim
420 2438 577 2470 mulieres
617 2442 650 2470 ct
684 2439 774 2471 viros
808 2439 935 2472 amicos
961 2440 1093 2472 venisse
1121 2439 1163 2472 ad
1190 2438 1273 2471 haec
1298 2436 1450 2469 natalitia
1484 2435 1641 2468 concele-

298 2502 422 2534 branda
450 2513 481 2537 v.
509 2505 554 2536 ⁶2..
582 2503 704 2536 deinde
733 2505 763 2535 in
791 2506 856 2537 line
882 2506 1078 2547 progeniem
1107 2505 1232 2545 largam
1259 2503 1372 2545 expeti
1399 2502 1497 2542 sotis,
1522 2501 1642 2543 quibus

296 2569 396 2601 rebus
423 2570 520 2611 plan<¹
547 2574 677 2601 (θη-ἰοί
703 2580 842 2603 uxorem
867 2569 1023 2603 habuisse
1045 2568 1251 2603 cerinthum.
1270 2586 1313 2591 —
1344 2567 1427 2600 lam
1455 2577 1556 2600 reor
1577 2571 1645 2598 etc.

1714 2293 1721 2375 l

1710 2380 1721 2791 l

1714 2791 1721 2925 ξ
