1721 2953
286 154 366 191 408
600 149 971 192 COMMENTAR.
1002 152 1059 191 IN
1092 152 1318 192 TIBULLI

277 263 382 310 sorte
412 265 522 299 velint
555 265 679 311 rapido
713 267 915 301 contendere
949 281 1073 307 cursu,
1103 268 1245 302 Invitat
1274 267 1401 313 pretiis
1430 269 1565 303 animos
1597 277 1631 303 et

281 330 442 374 praemia
465 330 581 375 ponit.
630 331 685 364 Ex
710 342 778 375 quo
804 333 880 367 loco
905 345 948 368 ne
973 334 1026 369 hic
1053 345 1190 377 quoque
1215 336 1299 369 velis
1324 347 1429 368 cursa
1454 346 1633 380 reponere,

288 400 341 428 est
370 396 455 428 bene
486 395 614 429 dictum
647 407 784 440 passu
817 398 1017 441 directo,
1056 400 1338 442 quemadmodum
1362 402 1429 434 aeti
1453 401 1487 434 in
1512 412 1634 444 gyrum

289 461 426 502 obliquo
452 472 555 505 passu
579 462 746 495 feruntur.
771 481 816 487 ——
866 464 906 498 V.
930 467 974 498 95
1001 476 1075 507 sqq.
1115 466 1303 499 Construe:
1339 467 1449 502 Quis
1483 477 1634 510 parma

289 526 411 558 tueri
448 528 522 560 scil.
549 529 677 571 possit,
712 540 790 563 seu
821 529 984 564 dextra
1021 533 1136 565 velit
1169 543 1247 565 seu
1281 533 1427 574 laeva,
1461 532 1493 567 h.
1517 544 1546 566 e.
1574 543 1635 566 seu

290 592 443 627 dextram
469 605 532 628 seu
561 596 691 630 laevam
726 601 879 641 partem;
914 610 1024 641 neque
1051 603 1164 633 tamen
1190 600 1350 633 omissum
1376 604 1427 634 est
1451 601 1635 634 substanti-

290 671 367 694 vum
401 660 540 697 latera,
577 666 615 695 ut
645 667 761 696 monet
795 664 896 697 etiam
931 665 1271 707 WUNnnnmcnms3
1313 677 1395 699 cave
1426 667 1526 699 etiam
1559 677 1635 699 cum

291 726 432 760 BAcrno
457 727 602 762 hostium
628 728 804 771 dextram,
832 730 962 763 laevam
988 736 1120 773 partem
1146 731 1327 773 intelligas.
1377 732 1563 774 Sequentia
1588 732 1636 765 sic

292 793 415 836 iunge:
451 795 558 828 Sive
586 794 663 828 liac
694 797 792 829 sive
824 797 934 830 illac
959 798 1083 831 venit
1106 798 1293 840 grandis
1324 796 1478 831 hastae
1506 798 1638 840 impe-

292 863 364 891 tus
397 859 604 902 amplior.
653 861 803 895 Verbum
837 861 986 906 amplior
1021 863 1123 904 vulgo
1157 873 1206 906 pr.
1241 864 1373 906 potior,
1414 864 1639 907 praestantior

292 924 465 967 accipiunt
498 929 533 958 et
566 936 642 960 cum
676 927 771 959 tueri
804 933 1023 970 construunt,
1062 929 1152 971 quod
1189 929 1282 962 vides
1315 930 1389 962 fieri
1423 940 1489 962 non
1525 941 1637 973 posse·

294 989 433 1032 Optime
464 990 570 1033 igitur
597 991 850 1026 chmmmns
881 993 1190 1036 interpunctionem
1223 995 1374 1029 mutavit.
1435 996 1543 1028 Hasta
1574 995 1641 1027 alia

294 1055 447 1089 velitaris
478 1060 531 1089 est
567 1061 602 1090 et
635 1058 736 1097 levis,
777 1060 843 1092 alia
875 1061 1013 1102 grandis
1049 1065 1083 1093 et
1114 1062 1238 1102 gravis,
1297 1060 1461 1104 Amplior
1494 1060 1641 1104 impetus

295 1127 409 1156 autem
438 1123 547 1157 dictus
570 1129 608 1158 ut
632 1125 722 1158 vires
748 1125 886 1169 amplae
911 1126 1075 1160 LucRnT.
1097 1127 1139 1168 V,
1163 1129 1266 1161 1173.
1294 1130 1328 1160 et
1350 1114 1425 1159 irae
1458 1126 1643 1171 ampliores

297 1189 468 1225 TnREN'r.
493 1190 621 1233 Hecyr.
647 1191 718 1233 Ill,
747 1194 785 1234 1,
812 1194 845 1225 9.
905 1193 1028 1225 Sermo
1054 1196 1106 1225 est
1131 1192 1174 1226 de
1202 1193 1285 1225 levis
1310 1197 1501 1226 armaturae
1527 1194 1643 1226 militi-

298 1255 381 1297 bus,
420 1258 538 1299 quales
573 1262 645 1291 tum
681 1259 904 1301 iaculatores,
946 1260 1134 1302 sagittarii,
1170 1259 1379 1301 funditores,
1421 1270 1644 1294 memorarem

299 1323 408 1365 primo
445 1324 522 1357 loco
557 1326 697 1367 velites,
738 1326 801 1359 nisi
834 1325 867 1359 hi
902 1326 965 1360 sub
997 1328 1099 1360 finem
1132 1327 1259 1359 liberae
1292 1327 1499 1370 reipublicae
1527 1326 1647 1359 aboliti

299 1388 513 1430 viderentur,
551 1394 586 1422 et
619 1391 720 1424 docet
745 1402 808 1424 nos
840 1396 942 1434 poeta
975 1393 1025 1425 sic
1057 1391 1119 1424 hos
1149 1393 1320 1424 exercitos
1347 1402 1441 1432 esse,
1477 1396 1515 1424 ut
1543 1392 1645 1424 etiam

299 1452 461 1487 adversus
493 1455 658 1495 gravioris
692 1455 808 1489 hastae
842 1457 908 1489 vim
941 1467 1058 1499 parma
1091 1467 1128 1489 se
1160 1457 1247 1488 tueri
1282 1456 1417 1489 scirent.
1442 1475 1489 1481 —-
1550 1458 1647 1489 sive

301 1520 444 1560 venit,
483 1521 683 1554 indicativus
715 1533 757 1555 ne
789 1524 877 1555 male
911 1526 944 1556 te
979 1522 1120 1565 habeat,
1162 1524 1243 1556 licet
1277 1524 1386 1557 oratio
1422 1524 1558 1566 obliqua
1591 1525 1645 1557 sit.

303 1584 544 1618 Coniunctivus
574 1587 822 1628 requireretur,
857 1589 885 1620 si
913 1586 996 1620 haec
1021 1598 1087 1620 non
1118 1592 1258 1630 possent
1286 1599 1352 1621 non
1378 1600 1421 1622 ex
1447 1591 1646 1622 certantium

304 1655 417 1683 mente
442 1651 532 1684 dicta
558 1662 654 1692 esse3
679 1663 767 1685 nunc
791 1656 905 1685 autem
927 1663 970 1685 ex
994 1663 1055 1684 sua
1078 1657 1190 1685 mente
1216 1653 1310 1685 addit
1336 1664 1408 1686 rem
1436 1659 1554 1697 poeta,
1581 1667 1648 1697 quo

305 1717 477 1750 intellecto
510 1717 641 1750 videbis
675 1728 742 1750 uon
770 1718 877 1750 solum
908 1717 1178 1759 coniunctivum‚
1214 1718 1275 1751 sed
1305 1720 1407 1752 etiam
1434 1720 1650 1753 indicativum

306 1782 416 1816 locum
442 1781 567 1816 habere
593 1784 780 1817 commode.
805 1803 850 1809 —
899 1785 1098 1827 signata,
1132 1786 1237 1827 signis
1262 1785 1431 1820 distincta.
1452 1806 1499 1812 —
1548 1788 1588 1821 V.
1605 1791 1651 1820 98

305 1859 378 1892 sqq.
427 1850 480 1882 De
514 1851 654 1884 tactices
687 1851 830 1885 scientia
864 1852 944 1894 agit.
971 1870 1018 1875 -—-
1067 1858 1245 1895 parent,
1281 1852 1459 1895 parabunt.
1509 1853 1653 1887 Videtur

306 1915 412 1958 igitur
444 1917 628 1950 venient
663 1928 801 1959 verum,
839 1919 940 1951 etiam
967 1919 1201 1952 LACHMANNO
1235 1918 1359 1953 iudice.
1409 1919 1576 1951 Convenit
1605 1919 1653 1951 sio

306 1981 434 2024 optime
463 1983 716 2015 constructione
749 1993 824 2015 cum
858 1982 959 2017 desit.
984 2002 1029 2008 --
1078 1983 1175 2016 Non
1208 1984 1291 2016 tibi
1325 1983 1446 2017 desit
1480 1994 1652 2027 compo-

307 2059 436 2090 nere,
471 2059 538 2082 non
563 2049 622 2082 tibi
648 2050 736 2082 desit
763 2051 901 2093 peritia,
935 2051 1042 2092 scias,
1075 2051 1203 2093 possis3
1238 2051 1353 2084 datum
1379 2051 1440 2084 tibi
1468 2056 1505 2084 ut
1533 2052 1653 2094 possis.

308 2114 532 2148 Locutionem
556 2116 735 2148 illustravit
757 2116 934 2150 Hnmsms
959 2118 1001 2149 ad
1027 2118 1088 2150 Sil.
1109 2118 1184 2152 Ital.
1207 2118 1281 2159 vn,
1305 2120 1394 2151 497:
1418 2120 1568 2150 I'ascere
1592 2130 1654 2150 uec

308 2181 424 2211 Poeno
443 2191 598 2223 pravum.
623 2191 665 2211 ac
689 2181 825 2212 nutrire
843 2181 1009 2226 furorem
1031 2184 1167 2214 Deerat
1196 2186 1334 2215 notante
1360 2183 1569 2225 Huscnmo,
1595 2183 1651 2226 qui

311 2250 488 2290 praeterea
523 2236 640 2280 iaudat'
661 2248 919 2283 Rnnsmmmm
952 2249 994 2282 ad
1028 2250 1137 2285 Rutil.
1163 2250 1251 2294 Lup.
1279 2261 1357 2294 pag.
1374 2253 1451 2283 132.
1479 2254 1513 2283 et
1538 2249 1650 2283 Con'r.

310 2311 353 2343 ad
376 2312 514 2345 Sallust.
534 2312 686 2354 Iugurth.
712 2316 947 2356 c.110‚3.—
987 2315 1147 2349 faciem
1174 2326 1442 2359 componere
1468 2325 1656 2359 pugnae,

310 2377 396 2410 aciei
421 2378 562 2411 formam
588 2379 735 2421 fingere,
769 2381 958 2414 exercitum
983 2381 1160 2423 ordinare,
1197 2392 1401 2425 componere
1427 2382 1468 2414 ad
1496 2392 1654 2425 pugnam.

310 2445 498 2487 Distinguit
523 2449 634 2478 autem
662 2446 694 2478 in
720 2447 958 2489 sequentibus,
987 2452 1147 2489 quantum
1174 2449 1310 2490 quidem
1334 2448 1545 2489 intelligitur,
1572 2448 1655 2481 duas

312 2511 448 2544 omniuo
482 2511 650 2552 rationes,
688 2513 795 2545 aciem
830 2513 1025 2546 continuam
1061 2518 1096 2546 et
1131 2512 1335 2556 bipartitam.
1361 2530 1407 2535 -—-
1465 2511 1658 2554 quadra-

314 2582 400 2610 tum
437 2586 593 2619 agmen
631 2577 766 2620 proprie
804 2580 855 2610 est
890 2578 1099 2620 compositus
1131 2578 1173 2611 ad
1210 2588 1355 2621 pugnam
1388 2577 1559 2610 exercitus
1593 2577 1657 2609 iter

311 2643 439 2676 faciens
469 2640 547 2682 (der
569 2642 716 2675 Marsclz
741 2642 777 2675 in
798 2641 1169 2690 Sclzlc'tclzlorslmmg),
1198 2650 1233 2677 ut
1259 2643 1381 2677 dicitur
1406 2645 1474 2686 ire,
1501 2642 1657 2677 incedere
