1721 2953
497 143 641 183 LIBR.
670 144 702 182 Ι.
760 143 918 184 ELEG.
948 145 1019 184 VI.
1355 148 1431 184 131

86 261 239 298 induxit,
267 259 409 304 decepit,
437 257 612 293 destituit.
654 259 797 293 Hom'r.
824 260 897 292 Sat.
923 260 949 302 1,
975 262 1008 302 2,
1034 263 1102 294 88:
1137 265 1302 293 emtorem
1326 258 1433 291 inclu-

89 335 148 361 cat
180 328 348 360 hiantem.
398 325 485 360 Vide
519 327 615 378 plura
652 325 740 370 apud
777 325 1079 360 Bnoucxnusmm.
1105 347 1152 353 —
1188 327 1307 363 Quid
1341 326 1430 360 tibi

86 397 311 430 saevitiae
343 405 509 428 mecum
546 394 644 428 est?
701 393 824 427 Lectio
860 404 950 427 nunc
975 395 1115 428 reducta
1141 407 1160 428 a
1185 395 1432 428 LACHMANNO.

86 466 195 496 Saeve
215 475 307 506 puer
339 461 530 495 emendatio
556 462 698 495 aliorum
722 462 881 504 antiqua,
918 472 938 493 a
969 462 1128 496 MURss'ro
1154 463 1321 504 indicata,
1355 473 1431 496 cum

85 540 188 573 saepe
222 530 269 562 ita
304 529 456 570 dicatur,
493 539 525 561 v.
559 538 589 561 c,
629 528 737 562 Ovm.
773 528 906 560 Amorr.
932 527 958 569 Ι,
987 531 1017 570 1,
1042 532 1075 562 5.
1134 529 1221 562 Illud
1255 539 1338 562 vero
1369 539 1433 562 nec

86 597 258 629 Hermus
294 604 432 638 prorsus
466 593 637 626 damnavit
670 603 733 626 nec
769 592 1002 635 Huscnxms,
1041 594 1097 636 qui
1133 596 1355 628 GRoNova
1391 594 1432 627 ad

86 664 198 697 Plaut.
226 663 338 696 Casin.
364 662 408 703 11,
432 664 466 703 2,
494 664 549 694 13.
574 660 699 694 laudat.
748 659 893 694 Notiora
926 661 1062 703 quidem
1096 662 1183 703 alia,
1217 666 1255 694 ut
1289 662 1433 705 simplex

86 729 248 763 formula:
275 728 373 774 Quid
393 727 458 760 tihi
483 725 642 760 mecum?
667 728 773 760 Ovm.
801 727 893 761 Fast.
914 727 973 769 IV,
992 730 1034 769 33
1059 731 1095 759 τί
1119 741 1169 760 σοι
1189 725 1349 773 προσήκει
1368 728 1435 761 τῶν

87 798 193 838 ἐμῶν,-
224 800 260 829 ‘n'
291 808 343 828 σοι
366 795 456 834 μέλει
479 790 592 834 τιῖμάς
634 804 735 837 porro
771 792 873 826 haec:
911 792 1008 836 Quid
1030 791 1096 825 tihi
1120 793 1170 826 rei
1194 805 1324 826 mecum
1350 792 1433 827 est?

88 865 257 897 TERENT.
291 862 433 907 Adelph.
459 863 503 904 ΙΙ,
531 865 563 904 1,
589 864 655 903 23;
694 860 791 905 Quid
813 858 879 892 tibi
903 872 1032 892 mecum
1059 866 1112 892 est
1137 859 1345 897 commercii,
1379 871 1435 893 se-

88 941 173 965 nex,
198 930 336 962 PLAUT.
365 928 477 961 Aulul.
504 928 564 968 IV,
591 929 624 968 4,
645 928 684 967 43
715 926 831 959 credat
857 930 968 959 tamen
996 926 1116 969 aliquis
1141 926 1184 959 ad
1209 925 1326 960 horum
1353 937 1434 960 ana-

89 997 214 1038 logiam
244 996 293 1028 sic
325 995 534 1038 propositam
561 993 766 1026 locutionem
792 993 955 1036 explicari
982 1004 1104 1037 posse:
1142 994 1233 1029 Quid
1259 995 1318 1028 tibi
1344 996 1437 1028 saevi

88 1064 218 1105 negotii
242 1073 374 1095 mecum
400 1062 480 1094 est?
530 1060 601 1094 Sed
628 1059 692 1093 hoc
717 1070 783 1093 non
808 1060 1010 1102 defendam,
1048 1060 1076 1093 si
1111 1070 1229 1093 sensus
1255 1061 1437 1094 formulae:

92 1130 184 1166 Quid
217 1130 277 1163 tibi
303 1129 463 1162 mecum?
499 1128 637 1172 proprie
671 1126 724 1160 hic
760 1131 832 1160 est:
872 1127 963 1162 Quid
990 1127 1050 1161 tibi
1074 1138 1253 1162 commune
1278 1129 1438 1162 mecum?

89 1199 230 1231 Interim
262 1197 432 1229 incautum
467 1195 511 1228 sit
545 1198 675 1227 mutare
706 1193 829 1226 locum.
879 1193 1020 1226 Alienae
1045 1204 1126 1226 vero
1151 1194 1236 1227 tales
1263 1194 1438 1236 formulae,

91 1265 198 1307 qualis
224 1263 307 1296 haec
334 1262 468 1295 laudata
494 1262 535 1294 ab
558 1261 747 1293 Hoscmuo
769 1264 803 1292 et
823 1260 1047 1293 GOLB1‹:RYO:
1074 1261 1176 1294 Hom.
1191 1261 1337 1302 11.XX1‚
1349 1264 1438 1295 360:

91 1334 127 1363 τί
151 1345 208 1370 μοι
232 1331 342 1374 ἴριδος
369 1331 426 1360 καὶ
450 1325 602 1371 ἀρωγῆς,
641 1326 672 1360 h.
699 1337 728 1360 e.
764 1330 799 1358 τί
823 1339 881 1364 μοι
906 1327 961 1358 δεῖ
981 1322 1132 1365 Τούτων,
1166 1326 1246 1368 quid
1279 1326 1344 1359 ista
1376 1337 1439 1360 no-

90 1397 188 1432 stra?
214 1415 260 1421 —
287 1394 487 1428 Insidias
512 1392 848 1436 composuisse,
875 1390 952 1424 l1.e.
972 1392 1158 1432 struxisse,
1183 1391 1226 1424 cf.
1250 1392 1437 1425 PROPERT.

88 1465 133 1506 ΙΙ,
159 1467 192 1506 9,
217 1466 296 1505 31.,
333 1463 551 1505 comparante
587 1459 869 1499 Bnoncmnsm,
913 1457 969 1499 qni
1005 1457 1105 1489 etiam
1141 1457 1207 1489 alia
1241 1455 1354 1489 habet.
1394 1476 1438 1480 —

89 1532 133 1566 V.
158 1535 179 1565 5
205 1542 278 1574 sqq.
328 1529 429 1562 Nam
459 1525 563 1560 mihi
596 1525 848 1575 tenduntur
880 1534 1053 1565 casse5‚
1091 1524 1276 1567 praemissa
1303 1525 1439 1566 querela

90 1609 178 1632 nnnc
200 1607 304 1630 causa
327 1594 487 1637 querelae
510 1591 686 1625 subiicitur
708 1595 741 1623 et
762 1590 962 1633 explicatur,
984 1589 1027 1623 cf.
1048 1589 1089 1622 ad
1109 1589 1135 1631 I,
1154 1592 1187 1631 2,
1207 1593 1240 1623 5.
1292 1592 1440 1623 Sensus:

91 1666 231 1708 paratur
263 1662 296 1694 in
332 1660 467 1693 occulto
497 1657 663 1701 pernicies
697 1666 784 1688 mea.
834 1654 991 1687 Conferri
1026 1658 1139 1698 potest
1164 1656 1352 1688 Pnopmm
1380 1656 1441 1697 ΙΙΙ,

92 1731 126 1769 8,
148 1730 215 1759 37:
241 1731 375 1757 nectere
399 1722 490 1755 retia
516 1721 616 1753 lecto.
634 1738 677 1743 —
705 1720 790 1752 Mox
816 1718 941 1752 fovet
966 1718 997 1752 h.
1025 1729 1054 1753 e.
1081 1721 1307 1763 amplectitur.
1334 1722 1440 1755 Vme.

94 1794 179 1826 Aen.
207 1792 232 1832 Ι,
257 1793 338 1824 722.
364 1790 424 1830 lv,
450 1792 530 1822 686.
556 1806 603 1812 —-
637 1791 720 1820 tam
746 1787 883 1819 multa
912 1789 1061 1828 negat.
1112 1787 1300 1820 Smmcssa
1326 1787 1441 1819 multa

93 1870 144 1904 pr.
171 1857 320 1890 multam
348 1856 490 1900 accipit,
529 1854 618 1897 quod
643 1858 832 1897 sequuntur
858 1854 1050 1894 Hmcmus,
1086 1853 1256 1894 Vossms,
1291 1852 1441 1886 defendit

93 1926 430 1962 anmmmcmus,
460 1922 642 1954 observans
668 1922 720 1953 vel
746 1921 779 1952 in
807 1930 907 1963 prosa
933 1919 1084 1952 oratione
1111 1917 1197 1952 liunc
1220 1929 1315 1952 usum
1342 1930 1442 1963 repe-

94 1990 152 2024 riri
187 1989 276 2033 apud
310 1989 550 2028 C1cERoN13M,
582 1996 624 2019 ne
650 1987 725 2028 quis
749 1996 768 2018 a
793 1985 1012 2028 simplicitate
1038 1984 1253 2018 Tibullianae
1280 1986 1443 2018 orationis

94 2068 166 2091 rem
192 2057 334 2090 alienam
360 2058 468 2099 putet.
519 2053 589 2087 Sed
626 2052 689 2086 hoc
723 2053 755 2085 in
792 2052 916 2086 talibus
952 2050 1260 2084 constructionibus
1293 2052 1349 2092 fit,
1386 2051 1443 2082 ubi

95 2122 211 2154 multa
247 2132 308 2165 pro
343 2120 511 2153 adiectivo
541 2119 650 2162 accipi
688 2119 815 2160 nequit.
867 2117 933 2150 Hic
959 2117 1080 2150 vitiose
1105 2117 1239 2149 locutus
1267 2119 1357 2149 esset
1382 2115 1443 2148 Ti-

95 2187 227 2227 bullus,
254 2186 282 2218 si
308 2185 531 2228 postulasset,
558 2187 595 2216 ut
621 2193 682 2227 pro
707 2182 869 2216 adverbio
900 2181 1103 2224 haberetur,
1130 2182 1220 2225 quod
1248 2182 1356 2225 primo
1383 2181 1444 2213 ad-

96 2256 216 2296 spectu
251 2251 359 2293 quivis
393 2260 455 2293 pro
483 2249 651 2282 adiectivo
685 2248 844 2293 accipiet.
891 2247 981 2281 Illud
1018 2258 1099 2281 vero
1132 2247 1260 2290 optime
1287 2247 1445 2279 observat

98 2319 430 2357 Wusmmmcmus,
457 2315 657 2358 particulam
682 2318 766 2347 tam
792 2313 940 2346 additam
968 2313 1038 2345 fere
1058 2312 1255 2355 superlativi
1275 2312 1340 2345 vim
1364 2321 1446 2344 con-

98 2384 212 2416 ciliare
238 2382 406 2415 adiectivo
426 2380 584 2421 suaviter,
611 2383 648 2412 ut
673 2379 838 2413 enum„
860 2381 893 2420 8,
915 2381 959 2411 6:
986 2376 1042 2408 Ibi
1064 2376 1128 2408 illa
1152 2376 1266 2408 multa
1293 2382 1368 2408 tam
1394 2374 1446 2407 io-

100 2458 180 2479 cosa
198 2445 351 2490 fiebant.
401 2447 472 2480 Iam
492 2457 568 2479 cum
590 2447 795 2479 Gnmhmno
817 2449 851 2478 et
873 2446 1014 2479 Vunmo
1041 2443 1177 2488 proprie
1201 2444 1319 2486 accipe
1345 2442 1447 2475 verba

100 2510 174 2552 (Sie
199 2510 350 2557 Zdugnet
381 2523 419 2544 so
444 2510 644 2553 mammes),
683 2511 774 2553 quod
807 2521 873 2543 non
908 2510 1006 2543 video
1033 2520 1093 2543 cur
1127 2509 1338 2553 displicuerit
1371 2508 1446 2541 aliis

101 2579 160 2608 aut
186 2586 246 2619 pro
273 2576 386 2608 multa
412 2578 606 2620 postuletur
631 2576 757 2609 omnia.
809 2578 956 2609 Sensus:
996 2577 1057 2609 llla
1083 2576 1219 2618 quidem
1245 2580 1312 2610 tam
1341 2576 1445 2608 multa

105 2646 229 2685 negat,
265 2647 302 2674 ut
329 2643 675 2723 quisdiropemodum
702 2643 832 2677 diffidat
858 2643 1107 2688 suspicionibus
1133 2642 1222 2683 suis,
1249 2646 1283 2674 et
1308 2652 1368 2685 pro
1395 2640 1445 2672 in-

1064 2713 1085 2747 9
1102 2710 1121 2733 ἢκ
