1721 2953
476 179 620 220 LIBR,
650 177 724 218 ΙΙΙ.
781 177 938 219 ELEG.
968 177 1041 218 IV,
1340 184 1419 221 353

77 293 287 335 castitatem,
325 291 515 337 oppositam
553 290 680 325 levitati
718 289 892 333 Neaerae,
928 302 1014 334 quae
1051 302 1118 325 non
1163 291 1270 325 fidelis
1307 292 1416 327 suerat

76 359 217 393 amanti·
261 359 421 391 Fortasse
446 357 593 400 pertinet
627 356 747 389 eodem
782 357 876 389 lauro
911 368 1031 400 supra,
1062 368 1126 400 qua
1156 358 1330 392 redimitus
1356 370 1418 393 ve—

76 425 125 457 nit
151 424 293 467 Apelle,
317 423 432 455 datum
457 420 631 464 epitheton
657 426 784 459 casta,-
820 425 932 453 castus
958 422 1041 455 deus
1066 426 1156 456 amat
1179 427 1307 457 castum
1333 434 1419 467 poe<

75 492 162 530 tam,
199 499 265 521 non
289 487 406 520 laudat
434 488 570 520 infidam
603 486 784 520 Neaeram.
846 487 894 519 bt
920 487 1064 531 deniqne
1089 488 1132 522 de
1160 490 1264 522 totius
1289 490 1421 524 distichi

73 553 216 587 consilio
247 564 421 595 moneam,
458 557 600 598 propter
631 553 800 586 Neaeram
834 553 882 586 ita
915 556 1069 599 scripsit,
1106 561 1144 589 ut
1167 557 1252 591 sciat
1285 558 1318 591 in
1351 568 1420 601 quo

73 616 202 652 honore
233 619 278 652 sit
310 624 430 653 auctor
461 620 553 664 apud
587 620 682 654 deos.
709 638 753 645 —·
792 621 835 654 V.
863 623 908 654 45
933 633 1006 664 sqq.
1055 623 1151 656 Haec
1178 624 1422 658 demonstratio

73 695 141 719 non
173 685 286 719 ieiuna
322 693 374 720 est
408 690 538 720 tantum
572 686 632 721 sed
669 687 769 720 etiam
806 686 941 731 inepta,
979 692 1017 721 ut
1049 693 1201 723 notatum
1238 695 1315 723 ante
1349 700 1420 725 nos=

74 750 168 785 Quid
205 753 293 785 euim
327 753 428 787 vult?
476 755 582 788 Suam
613 754 817 788 vaticinandi
856 755 1012 788 virtutem
1050 759 1084 789 et
1117 756 1353 791 auctoritatem
1385 757 1420 791 in

74 818 166 851 clara
189 819 264 852 luce
289 830 428 863 ponere.
477 820 574 854 Cur?
623 821 783 854 Dicturus
815 821 1018 855 levissimam
1049 833 1143 864 rem,
1177 833 1277 865 quam
1311 823 1421 866 quivis

74 881 175 916 homo
198 884 322 917 docere
347 889 500 928 poterat,
527 885 690 929 perfidam
718 897 794 920 esse
818 886 1007 930 Neaeram,
1033 898 1134 931 posse
1159 899 1239 922 vero
1264 889 1422 932 precibus

74 954 110 984 et
134 952 272 985 servitio
297 952 441 986 fortasse
467 954 693 987 reconciliari.
714 972 762 979 —-
801 954 964 987 doctae
990 964 1195 997 sorores,
1218 956 1359 998 Musae,
1384 958 1424 987 ut

75 1016 182 1050 Ovm.
207 1017 292 1051 Met.
319 1018 362 1059 V,
385 1021 467 1052 255.
503 1018 534 1052 h.
560 1030 590 1053 e.
625 1022 738 1058 σοφαί.
788 1021 900 1062 Atque
926 1021 1027 1053 etiam
1053 1022 1252 1065 simpliciter
1286 1032 1422 1054 sorores

74 1093 124 1127 pr.
149 1083 258 1116 Musis
284 1084 351 1117 dici
375 1086 562 1119 Pnopssm.
585 1086 630 1128 ΙΙ,
649 1089 707 1128 30,
732 1088 789 1120 27.
816 1086 1022 1120 Hvscnmus
1046 1091 1153 1120 notat.
1182 1106 1228 1111 ——
1261 1087 1425 1120 Dicere

74 1161 157 1185 non
184 1155 364 1194 norunt,
390 1152 548 1194 languida
574 1151 715 1196 phrasis.
741 1171 788 1176 -
813 1164 1019 1196 sequens.
1067 1142 1216 1187 Annot'at
1241 1155 1424 1187 memus:

73 1217 227 1258 „Versus
252 1217 287 1250 in
312 1218 469 1262 particip.
492 1230 534 1250 ns
559 1223 724 1253 exeuntes
744 1219 961 1264 reprehendit
979 1221 1136 1254 Sunvrus
1161 1221 1202 1254 ad
1223 1221 1319 1263 Virg.
1339 1222 1422 1255 Aen=

75 1282 137 1324 III,
161 1285 243 1317 300.
293 1284 448 1317 Ovlnms
474 1288 587 1318 tamen
617 1285 785 1318 interdum
820 1286 955 1318 admisit
990 1286 1134 1320 docente
1161 1287 1356 1320 ΒυῐυῑΑΝΝ.
1382 1285 1425 1319 ad

74 1349 208 1383 Lotieh.
235 1350 276 1383 T.
302 1350 329 1382 I.
356 1362 389 1393 p.
413 1350 522 1383 239ss
569 1351 725 1384 Tibullus
750 1350 838 1384 hunc
864 1352 992 1384 exitum
1015 1362 1081 1384 non
1114 1351 1234 1391 habet,
1272 1356 1311 1383 ut
1342 1351 1426 1384 vidit

73 1416 176 1449 etiam
203 1415 460 1448 Ercns'rAmus.
485 1432 531 1439 —-
569 1425 704 1458 posse
744 1415 892 1448 videre
931 1415 1080 1457 dedit,
1117 1419 1154 1447 ut
1187 1415 1313 1448 Tibull.
1338 1415 1367 1457 I,
1390 1418 1426 1458 8,

74 1483 140 1514 56:
170 1480 265 1513 dedit
280 1479 416 1525 fallere
436 1491 551 1523 posse.
600 1480 652 1513 De
676 1491 713 1513 re
738 1484 853 1513 autem
879 1480 968 1514 conf.
990 1480 1164 1513 Miime.
1186 1479 1317 1512 Histor.
1342 1480 1424 1514 Dor.

74 1547 117 1580 T.
144 1547 171 1580 I.
199 1559 231 1591 p.
253 1549 335 1579 309.
383 1546 526 1579 Notavit
551 1546 653 1578 etiam
678 1545 969 1578 Bnoucmmsms.
990 1564 1036 1569 —
1060 1545 1147 1577 Mox
1173 1555 1287 1587 quae
1313 1544 1425 1586 dico,

75 1613 297 1655 Quodque
322 1611 362 1645 se
374 1622 418 1644 ra
430 1622 474 1644 m.
510 1608 723 1643 Huscukms
749 1611 916 1653 explicat:
943 1614 976 1643 et
1002 1609 1077 1652 hoc,
1102 1610 1192 1653 quod
1218 1622 1294 1644 cum
1318 1611 1427 1644 maxi*

75 1688 130 1711 me
157 1677 254 1718 dico,
279 1680 313 1709 et
339 1687 398 1717 ea,
432 1685 519 1718 quae
544 1675 705 1718 deinceps
731 1674 852 1707 dicam.
901 1675 1112 1717 „Magnifica
1135 1677 1266 1710 scilicet
1289 1681 1430 1710 senten-

76 1743 142 1776 tia!
192 1741 285 1775 Nihil
310 1741 378 1775 vidi
403 1741 639 1784 languidius‚“
665 1742 712 1774 ait
729 1741 979 1775 Elcns'rAmus
1005 1742 1191 1775 verissime.
1240 1742 1349 1776 Immo
1375 1743 1427 1776 bis

76 1808 202 1852 repetit
227 1807 337 1849 idem,
364 1807 647 1850 quemadmodum
674 1807 775 1840 etiam
802 1806 954 1840 Vossms
981 1807 1083 1850 cepit.
1134 1807 1232 1841 Cur?
1283 1809 1330 1841 Ut
1356 1808 1428 1842 for—

77 1875 144 1907 tius
176 1874 322 1907 affirmet
351 1884 431 1907 vere
463 1885 501 1907 se
536 1875 638 1916 loqui.
696 1874 766 1915 „At
803 1874 891 1907 enim
928 1875 1117 1916 tautologia
1152 1874 1234 1909 haec
1269 1875 1429 1918 magnaf‘

77 1939 211 1984 Nempe
237 1939 321 1973 hanc
354 1940 454 1973 nullis
488 1939 650 1974 machinis
676 1949 902 1972 summoveas.
950 1939 1145 1982 Bitcmcm,
1184 1941 1240 1983 qui
1273 1941 1427 1985 scripsit:

77 2006 138 2052 qui
166 2005 278 2042 (licor,
314 2011 349 2039 et
376 2005 536 2052 quodque
574 2019 607 2050 p.
641 2006 868 2049 quodeunque
905 2008 1091 2051 explicuit,
1130 2008 1291 2041 refutavit
1314 2008 1428 2042 Elem

78 2081 240 2104 squamus.
290 2070 378 2104 Nam
412 2082 514 2104 unum
549 2082 639 2104 nunc
672 2071 804 2104 serebat
837 2071 940 2114 deus,
979 2083 1046 2105 non
1079 2073 1326 2117 quodeunque,
1365 2085 1428 2108 nec

77 2138 256 2172 laudabilis
289 2137 373 2172 haec
406 2139 587 2182 repetitio:
634 2149 716 2171 non
752 2138 896 2172 fallax
933 2143 1064 2187 vates
1096 2159 1144 2166 -
1179 2141 1283 2174 deus
1320 2141 1430 2184 Cyn-

78 2205 201 2238 thius
226 2215 332 2239 vero
359 2215 447 2239 ore.
495 2206 582 2239 Post
606 2205 690 2239 haec
715 2205 810 2239 vides
839 2205 920 2249 quid
943 2198 999 2239 res
1023 2207 1087 2241 sit:
1113 2207 1188 2240 Scit
1215 2207 1299 2240 deus
1325 2217 1430 2249 aegre

80 2271 287 2305 crediturum
312 2270 524 2313 Lygdamum
550 2271 765 2305 iniucundam
789 2282 886 2313 rem,
915 2282 1025 2315 eaque
1049 2271 1092 2305 de
1117 2283 1218 2306 causa
1242 2271 1343 2305 docet
1370 2282 1430 2305 cur

81 2336 145 2371 sibi
179 2336 273 2370 credi
308 2335 453 2378 debeat3
491 2339 617 2370 tractat
650 2347 731 2370 vero
765 2347 835 2370 rem
870 2337 1023 2381 prolixe,
1059 2338 1190 2379 ieiune,
1231 2338 1357 2381 inepte.
1383 2353 1431 2364 -

81 2405 124 2439 V.
151 2407 194 2438 51
224 2415 298 2447 sqq.
347 2404 400 2437 De
434 2403 540 2438 forma
573 2405 704 2449 periodi
738 2409 773 2438 et
805 2405 969 2448 longioris
996 2408 1030 2439 et
1056 2406 1166 2439 minus
1190 2415 1334 2439 nervose
1359 2404 1431 2438 sor-

82 2475 213 2513 matae,
240 2481 339 2513 quam
361 2471 477 2513 quales
498 2470 656 2504 Tibullus
680 2470 825 2513 format,
851 2471 965 2505 monui
990 2471 1096 2506 verbo
1120 2472 1154 2506 in
1180 2472 1430 2506 Dissertatione

85 2536 128 2569 de
163 2536 368 2569 Elocutione
406 2536 545 2569 Tibulli.
610 2535 663 2569 Ad
706 2536 850 2579 primum
893 2535 1059 2570 distichon
1098 2536 1272 2571 Hquus
1314 2541 1430 2571 notat:

83 2603 235 2646 „Mirum
262 2607 396 2647 poetam
421 2613 572 2636 amorem
597 2613 695 2636 suum
722 2602 898 2646 Neaerae,
935 2607 1092 2647 speratae
1123 2603 1299 2646 coniugis,
1336 2611 1431 2635 com-

85 2679 204 2713 parare
238 2679 313 2703 cum
348 2679 463 2703 amore
499 2669 613 2704 matris
649 2670 680 2704 in
716 2670 819 2706 filiam
854 2674 888 2705 et
923 2671 1034 2706 mariti
1069 2671 1102 2706 in
1136 2681 1276 2706 uxorem
1301 2668 1432 2704 suan1.“

1004 2742 1056 2776 23
