1721 2953
535 182 676 222 LIBR.
707 183 739 221 I.
797 182 954 223 ELEG.
986 185 1017 222 l.
1393 189 1441 222 23

107 312 257 341 veterum
281 307 500 340 Bsscxmmn.
527 305 655 339 Hister.
683 306 869 339 Invention.
897 307 994 340 Tom.
1016 307 1077 349 ΠΙ,
1104 320 1134 351 p.
1156 309 1236 340 295.
1258 322 1299 333 ·-
1328 307 1366 341 V.
1383 310 1438 340 54.

104 380 148 408 ut
187 375 339 408 domus
377 372 577 405 hostiles
616 372 852 415 praeferat
890 375 1095 407 exuvias.
1152 373 1215 405 Est
1248 373 1303 406 ille
1340 377 1439 405 notus

102 449 174 472 mos
211 439 462 478 Romanorum,
511 447 553 470 ex
591 447 658 479 quo
698 437 826 469 foribus
866 438 973 481 spolia
1013 438 1157 471 hostium
1197 439 1437 482 praefigebant.

102 507 211 539 Pam».
237 504 298 545 ΙΙΙ,
324 506 358 545 9,
383 506 440 537 26.
479 503 586 536 Vina.
615 505 697 537 Aen.
726 503 802 545 Vll,
830 507 908 537 183.
936 505 1013 537 L1v.
1033 505 1076 546 X,
1102 509 1134 538 7.
1159 508 1261 547 atque
1285 504 1385 536 etiam
1411 504 1438 536 si

101 570 220 602 domus
239 568 452 609 venderetur,
476 568 526 601 fas
546 578 612 601 non
631 572 704 601 erat
723 578 763 601 ea
784 569 929 610 refigere
949 571 1081 610 emtori,
1103 571 1208 604 PLIN.
1227 570 1391 608 XXXIII,
1404 571 1437 603 2.

101 634 187 668 vide
212 635 500 668 Bnoucrffluswiu
527 637 560 666 et
585 633 764 666 Hermum
790 632 822 667 h.
839 635 859 667 l.
886 638 921 667 et
947 634 1049 667 clsp.
1078 636 1230 668 Smiw.
1258 635 1300 668 de
1328 635 1434 668 ianuis

100 704 204 734 veter.
225 711 254 733 c.
274 702 330 733 29.
352 700 384 732 in
403 700 526 732 Graev.
545 698 647 732 Thes.
670 699 804 741 Antiqq.
826 699 926 732 Tom.
943 700 1002 741 VI,
1026 712 1057 743 p.
1074 703 1154 733 509.
1171 718 1214 725 -
1238 701 1278 734 V.
1294 703 1351 735 55.
1373 712 1436 734 me

100 765 301 798 retinent
333 764 530 797 vinctum
566 764 717 796 vincla
754 764 959 807 puellae,
1000 766 1168 798 cumulate
1201 766 1325 799 dictum
1361 776 1437 799 eum

99 832 141 864 vi.
192 832 240 865 Ut
270 830 358 864 enim
383 828 539 862 ostendat
564 838 624 861 cur
649 827 742 861 abire
768 828 871 869 nolit,
906 839 992 870 ego,
1028 831 1092 871 ait,
1126 832 1265 864 firmiter
1290 832 1439 864 retineor

100 897 231 929 vinctus
256 896 390 939 puellae
413 905 551 936 amore,
576 894 786 937 eandemque
812 895 855 928 ob
881 906 1017 929 causam
1044 897 1143 929 etiam
1170 898 1201 930 in
1227 902 1439 941 pentametro

98 963 232 996 ianitori
257 973 295 996 se
319 966 493 1005 comparat
517 961 646 995 foribus
671 962 743 995 eius
762 963 912 1005 alligato.
963 962 1141 996 Hommws
1168 973 1243 996 cum
1268 963 1350 996 dicit
1376 964 1437 1006 δῆ-

99 1040 157 1061 σαι
179 1028 276 1072 νηλέϊ
294 1028 418 1071 δεσμῷ,
444 1027 597 1072 κρατερῷ
622 1028 668 1059 ἐνὶ
693 1027 816 1070 δεσμῷ,
845 1024 998 1072 ἀργαλέῳ
1024 1029 1069 1060 ἐνὶ
1093 1029 1215 1071 δεσμῷ,
1251 1026 1439 1066 πλεόνεσσιν

99 1097 146 1126 ἐνὶ
169 1093 339 1133 δεσμοῖσι,
361 1103 429 1127 non
452 1093 667 1135 negligenter
692 1093 860 1134 loquitur,
884 1092 945 1125 sed
969 1103 1046 1126 cum
1069 1094 1113 1135 vi,
1135 1097 1237 1136 atque
1258 1095 1359 1127 etiam
1384 1094 1439 1126 ubi

99 1171 165 1195 non
198 1165 251 1195 est
285 1160 437 1193 additum
462 1160 685 1201 adiectivum,
718 1159 784 1191 vim
812 1158 913 1191 habet
937 1160 1105 1192 cumulata
1129 1159 1252 1200 dictio,
1289 1164 1326 1192 ut
1351 1159 1440 1203 apud

100 1228 320 1260 SOPl-[ocLEM
337 1227 456 1259 Ai.62.
479 1222 559 1262 τοιῗς
578 1224 706 1262 ζῶντας
725 1215 769 1257 αὖ
788 1226 940 1264 δεσμοῖσι
960 1223 1130 1270 συνδήσας
1149 1227 1248 1267 βοῶν,
1267 1226 1358 1268 quod
1373 1227 1440 1259 illic

99 1293 235 1336 quidem
259 1293 484 1337 oppositionis
507 1303 611 1325 causa
633 1296 685 1325 est
711 1293 869 1335 positum,
896 1303 970 1325 cum
999 1296 1078 1325 ante
1103 1294 1146 1325 de
1168 1292 1273 1326 caede
1293 1303 1438 1336 gregum

100 1364 269 1393 narratum
296 1363 395 1393 esset.
445 1358 533 1392 Vide
559 1359 647 1391 dicta
673 1358 758 1391 infra
785 1358 827 1391 ad
854 1359 879 1399 Ι,
900 1361 934 1399 2,
957 1360 1014 1391 27.
1031 1375 1078 1383 -
1105 1359 1145 1391 V.
1169 1361 1228 1392 56.
1255 1359 1439 1399 ianitor,

98 1427 141 1459 cf.
167 1427 210 1460 de
234 1425 283 1458 his
319 1425 424 1458 servis
459 1428 579 1458 catena
613 1424 683 1458 fere
718 1425 866 1466 alligatis
892 1425 1081 1466 interprett.
1107 1424 1149 1457 ad
1175 1425 1340 1457 Puvrnow.
1367 1425 1435 1457 Sat,

99 1503 127 1525 c.
154 1494 210 1524 28.
237 1495 272 1525 et
293 1492 451 1525 PmNon.
478 1490 522 1522 de
549 1489 666 1523 Servis
692 1501 724 1532 p.
753 1490 832 1522 447.
884 1488 989 1522 Vides
1016 1493 1191 1532 praeterea
1216 1489 1336 1522 abesse
1363 1499 1440 1532 par—

98 1558 235 1590 ticulam
260 1556 520 1600 comparationis
544 1561 609 1593 ut5
647 1556 786 1598 gravius
817 1556 995 1588 ianitorem
1028 1566 1065 1588 se
1089 1556 1172 1588 dicit
1195 1566 1294 1597 quam
1319 1555 1362 1588 ad
1387 1556 1439 1588 in—

98 1627 168 1657 star
191 1623 344 1656 ianitoris
366 1622 488 1655 sedere
512 1625 590 1654 aute
615 1621 716 1654 sores.
767 1621 931 1654 Similiter
964 1620 1055 1664 apud
1083 1622 1235 1653 Graecos
1262 1616 1305 1656 οἷς
1331 1621 1441 1654 omitti

99 1692 242 1722 constat.
290 1688 446 1729 Denique
470 1685 678 1730 comparatio
704 1686 777 1728 ipsa
812 1685 889 1718 iude
924 1685 1026 1718 ducta
1059 1689 1111 1718 est
1137 1685 1227 1727 quod
1252 1685 1355 1727 vulgo
1381 1696 1440 1718 cu-

98 1755 247 1795 stodire,
270 1749 472 1792 φυλάσσειν,
495 1759 653 1797 φρουρεῖν
676 1751 834 1785 dicuntur
858 1752 990 1792 locum,
1014 1750 1071 1793 qui
1097 1761 1162 1783 non
1187 1750 1375 1784 abscedunt
1399 1752 1442 1782 ab

100 1830 151 1853 eo.
178 1836 224 1844 -
258 1818 390 1851 duras
420 1821 525 1850 ante
558 1816 696 1850 fores.
745 1815 823 1849 Non
857 1816 995 1848 immitis
1028 1820 1063 1848 et
1097 1826 1218 1859 aspera
1245 1820 1319 1849 erat
1346 1816 1442 1849 Delia

99 1890 137 1919 ut
163 1885 337 1926 Nemesis,
361 1894 473 1927 neque
496 1884 565 1916 tale
591 1883 654 1916 suit
679 1883 752 1916 eius
777 1883 970 1925 ingenium3
995 1883 1177 1916 verisimile
1203 1888 1318 1917 tamen
1344 1883 1438 1916 initio

98 1950 223 1983 amoris
247 1959 321 1982 eam
345 1948 493 1982 nondum
513 1952 581 1981 tam
608 1947 740 1981 facilem
765 1947 871 1980 fuisse
897 1952 934 1980 ut
961 1952 1099 1992 postea3
1123 1960 1199 1982 nam
1223 1960 1298 1982 cum
1319 1950 1439 1982 Tibul-

100 2018 152 2049 lus
177 2016 219 2049 ad
246 2015 432 2058 Aquitanos
457 2024 533 2047 cum
560 2014 710 2047 Messala
734 2014 1008 2058 proficisceretur
1032 2026 1100 2057 quo
1125 2016 1157 2048 in
1184 2015 1302 2047 dolore
1328 2015 1441 2058 puella

100 2083 221 2124 suerit,
256 2082 356 2115 docet
392 2081 505 2123 elegia
540 2080 654 2114 tertia.
705 2080 835 2113 Censor
869 2080 1020 2113 lenensis
1054 2079 1220 2113 Huschkii
1259 2090 1336 2124 pag.
1361 2083 1440 2114 195.

101 2154 198 2193 putat
227 2149 367 2182 dissidia
399 2151 474 2181 orta
506 2147 611 2181 fuisse
646 2148 733 2180 inter
757 2150 908 2180 amantes
934 2151 969 2180 et
992 2148 1111 2180 iratam
1137 2148 1282 2190 puellam
1308 2151 1441 2190 poetae,

99 2217 157 2258 qui
191 2216 292 2247 etiam
325 2223 413 2246 nunc
443 2213 539 2255 sequi
574 2213 779 2254 Messalam,
820 2213 854 2246 in
887 2213 999 2247 animo
1034 2213 1240 2255 aliquamdiu
1276 2212 1440 2246 habuerit.

101 2281 178 2315 Non
212 2279 335 2321 credo,
367 2289 431 2312 nec
462 2278 639 2322 probabile
673 2283 725 2312 est
758 2279 931 2313 Tibullum
965 2291 1111 2322 unquam
1146 2281 1294 2313 voluisse
1320 2281 1351 2313 in
1376 2280 1440 2313 boc

100 2347 197 2381 civile
222 2346 347 2379 bellum
372 2345 525 2378 comitari
551 2349 741 2388 patronum.
789 2346 916 2388 Immo,
941 2351 977 2379 ut
1002 2346 1092 2385 dixi,
1117 2350 1195 2380 sunt
1221 2348 1327 2390 prima
1352 2351 1438 2380 tenv

102 2423 185 2456 pora
209 2412 343 2454 amoris,
368 2415 403 2445 et
428 2412 541 2455 puella
565 2415 618 2445 est
642 2411 752 2446 adhuc
777 2411 969 2454 difficilior3
993 2413 1150 2446 Tibullus
1176 2417 1287 2447 autem
1314 2415 1441 2447 mollis-

100 2477 193 2510 simis
217 2478 327 2511 verbis
352 2488 427 2511 eam
452 2488 667 2511 commovere
691 2479 816 2514 studet.
843 2496 888 2504 —
928 2480 968 2512 V.
995 2483 1051 2513 57.
1103 2479 1196 2513 Non
1231 2491 1314 2522 ego
1352 2482 1441 2513 lau

103 2541 197 2574 dari
224 2553 350 2584 curo,
377 2554 443 2577 nou
469 2554 551 2578 curo
577 2545 753 2578 militarem
780 2546 935 2588 gloriam,
960 2550 1040 2579 noto
1068 2557 1128 2579 usu
1156 2547 1258 2588 verbi,
1288 2551 1322 2579 nt
1347 2548 1442 2579 Pno-

104 2616 207 2639 1‘1·;n'r.
234 2607 260 2647 1,
280 2610 312 2643 6.
331 2610 388 2642 29.
439 2609 490 2642 Ad
516 2610 801 2644 constructionem
827 2611 1140 2645 Wunmmmcmus
1167 2612 1299 2645 confert
1317 2611 1440 2644 'fni-20vv

103 2684 196 2707 carr.
224 2673 315 2714 xvi,
338 2677 390 2710 15.
418 2676 588 2710 αἰνεῖσθαι
609 2673 797 2712 σπεύδοντι.
818 2697 851 2702 -
881 2688 970 2712 mea
997 2678 1132 2713 Delia.
1187 2680 1332 2713 Vossius
1362 2678 1443 2711 llaec
