1721 2953
485 110 727 159 TIBULLI
772 110 881 157 ΜΒ.
910 111 981 158 Ν.
1012 122 1043 160 1.
1369 113 1432 159 79

112 237 261 285 55Nec
295 235 430 284 valuit
461 234 575 282 lotos
613 245 793 298 coeptos
830 245 1023 282 avertere
1064 252 1245 291 cursus,

168 322 310 370 Cessit
343 333 384 368 et
416 320 640 368 Aetnaeae
675 319 929 384 Neptunius
964 318 1111 367 incola
1145 318 1272 384 rupis

164 408 290 455 Victa
324 407 542 453 Maroneo
578 405 784 452 foedatus
820 404 989 451 lumina
1024 404 1229 453 Baccho:

165 491 291 540 Vexit
323 503 365 539 et
392 490 573 539 Aeolios
609 490 837 556 placidum
874 508 955 555 per
990 491 1134 537 Nerea
1169 500 1346 537 ventos:

163 576 360 625 Incultos
401 577 509 624 adiit
541 578 870 644 Laestrygonas
905 576 1296 641 Antiphatenque,

108 663 339 711 eoNobilis
369 662 548 710 Aa‘tacie
580 661 729 726 gelida
765 680 878 727 quos
914 662 1071 725 irrigat
1104 662 1253 709 unda:

161 749 319 797 Solum
349 767 431 796 nec
468 748 625 796 doctae
660 759 886 795 verterunt
919 748 1082 813 pocula
1119 748 1292 805 Circes,

166 835 384 899 Quamvis
422 834 496 882 illa
527 833 642 882 foret
676 833 794 881 Solis
832 852 998 898 genus,
1047 846 1149 899 apta
1181 833 1248 881 vcl
1279 834 1432 882 herbis

160 921 368 986 Aptaque
403 919 470 967 vel
504 931 635 967 cantu
665 931 832 967 veteres
868 931 1040 967 mutare
1075 919 1270 984 figuras:

161 1008 432 1055 Cimmerion
470 1007 601 1054 etiam
631 1007 846 1055 obscuras
885 1008 1068 1055 accessit
1103 1007 1161 1054 ad
1195 1008 1331 1065 arcis,

103 1105 148 1139 65
162 1093 277 1156 Quis
312 1112 545 1158 nunquam
583 1092 801 1140 candente
838 1093 933 1139 dies
970 1093 1180 1157 apparuit
1215 1105 1341 1154 ortu,

162 1179 253 1225 Seu
286 1197 423 1243 supra
457 1190 596 1224 terras
627 1177 839 1225 Phoebus
877 1196 955 1224 seu
992 1190 1188 1225 curreret
1222 1178 1366 1225 infra:

159 1264 305 1321 Vidit,
351 1275 399 1309 ut
436 1263 613 1309 inferno
646 1263 850 1310 Plutonis
887 1262 1069 1309 subdita
1104 1281 1245 1326 regno

158 1349 328 1411 Magna
362 1348 494 1394 deum
529 1346 678 1412 proles
715 1347 885 1394 levibus
924 1347 1194 1394 discurreret
1223 1348 1411 1406 umbris,

158 1434 481 1499 Praeteriitque
513 1433 598 1481 cita
633 1432 843 1480 Sirenum
877 1432 1007 1480 litora
1042 1434 1198 1498 puppi.

101 1520 288 1567 7OIllum
320 1519 436 1566 inter
472 1519 675 1583 geminae
706 1530 887 1566 nantem
921 1517 1118 1566 confinia
1152 1519 1309 1565 mortis

156 1608 248 1653 Nec
284 1605 459 1672 Scyllae
497 1624 627 1652 saevo
665 1605 910 1652 conterruit
940 1605 1132 1670 impetus
1169 1624 1269 1662 ore,

161 1694 272 1739 Cum
312 1691 498 1738 canibus
531 1690 714 1755 rapidas
746 1690 862 1737 inter
900 1691 994 1737 fera
1028 1703 1227 1755 serperet
1259 1691 1431 1750 undas,

157 1778 250 1824 Nec
285 1775 476 1822 violenta
509 1793 590 1821 suo
628 1775 906 1839 consumpsit
938 1794 1061 1821 more
1102 1776 1381 1843 Charybdis,

155 1862 237 1910 Vel
272 1862 310 1908 si
345 1860 550 1907 sublimis
583 1859 722 1907 fluctu
752 1872 1042 1923 consurgeret
1076 1861 1191 1917 imo,

100 1947 239 1996 75Vel
277 1947 313 1994 si
350 1948 600 2011 interrupto
636 1945 828 1992 nudaret
865 1945 1041 2008 gurgite
1077 1957 1279 2011 pontum.

154 2036 257 2082 Non
294 2032 455 2080 violata
490 2032 591 2095 vagi
627 2031 843 2078 sileantur
877 2050 1046 2097 pascua
1082 2032 1225 2090 Solis,

153 2121 256 2167 Non
293 2138 419 2166 amor
453 2130 494 2165 et
527 2117 722 2165 fecunda
756 2117 1012 2165 Atlantidos
1050 2136 1153 2166 arva
1190 2117 1430 2186 Calypsus,

154 2207 280 2253 Finis
318 2217 360 2253 et
392 2203 555 2251 erroris
591 2204 742 2251 miseri
774 2204 996 2253 Phaeacia
1030 2205 1171 2252 tellus.

173 2350 214 2383 V.
231 2351 286 2382 64.
322 2349 436 2391 Vulgo
463 2346 719 2380 cimmeriorum
748 2347 789 2380 de
815 2347 1010 2381 coniectura
1036 2347 1278 2381 BRouxclmsn.

172 2427 214 2461 V.
231 2429 288 2460 72.
320 2426 512 2470 rapidas.
563 2425 630 2459 Alii
655 2423 798 2458 rabidas
825 2425 922 2460 male.
946 2443 993 2449 —
1027 2424 1125 2458 fera
1151 2425 1308 2459 Puccms
1334 2429 1428 2459 recte

79 2496 114 2526 et
143 2492 278 2525 codices
308 2492 478 2534 nonnulli,
505 2490 611 2537 freta
642 2491 758 2524 ceteri.

172 2567 213 2601 V.
226 2569 282 2600 78.
315 2568 487 2601 erroris
513 2567 639 2603 Cunc.
661 2577 742 2602 vss'r.
793 2566 910 2601 Ceteri
937 2576 1104 2600 errorum.
