1721 2953
246 139 299 164 Ἢ,
793 122 868 162 DE
899 121 1055 165 POESI

361 241 487 282 Flava
518 239 662 287 Ceres,
694 238 769 278 tibi
799 238 849 278 sit
878 245 1019 278 nostro
1051 237 1099 278 de
1131 253 1226 280 rure
1257 253 1411 280 corona

422 316 588 369 Spicea,
620 329 724 369 quae
754 316 896 368 templi
922 315 1101 368 pendeat
1134 324 1227 355 aute
1258 317 1393 356 fores:

362 394 631 445 Pomosisque
662 392 791 432 ruber
821 401 954 432 custos
984 401 1165 445 ponatur
1192 392 1236 431 in
1263 392 1417 443 hortis,

422 469 595 507 Terreat
624 475 669 506 ut
695 481 814 508 saeva
848 468 950 507 falce
976 469 1150 520 Priapus
1181 481 1288 509 aves.

363 544 452 584 Vos
483 557 669 596 quoque,
698 544 824 584 felicis
854 545 1063 598 quondam
1095 559 1205 585 nunc
1231 543 1423 597 pauperis
1454 544 1539 595 agri

424 619 636 671 Custodes,
667 620 780 659 fertis
809 635 984 660 munera
1011 630 1169 673 vestra,
1199 621 1342 661 Lares.

256 699 464 755 Splendor
498 702 627 740 cultus
672 700 802 740 divini
838 701 1088 740 luculentior
1125 701 1170 739 in
1213 702 1472 740 urbanorum
1502 708 1605 739 tem-

257 780 424 831 plorum
467 777 642 829 publicis
684 776 806 816 sacris
852 785 890 816 et
930 775 1190 817 sacerdotum
1221 777 1452 817 numerosis
1484 778 1606 817 colle-

257 854 353 906 giis3
406 854 597 893 Tibullus
647 862 783 893 autem
833 852 1153 894 domesticorum
1195 867 1407 895 sacrorum
1449 854 1609 906 privata

259 930 457 970 solemnia
477 930 654 968 maxime
681 931 854 980 amabat,
884 937 931 968 ut
956 930 1138 968 natalitia
1166 931 1348 969 carmina
1377 929 1610 978 ostendunt,

259 1013 300 1045 et
327 1006 528 1045 ruralium
556 1005 805 1056 religionum
834 1006 937 1044 ritus
969 1019 1013 1045 ac
1045 1003 1204 1056 gaudia.
1273 1003 1407 1053 Quam
1435 1007 1609 1058 pulchre

260 1080 443 1133 depingit
481 1082 582 1120 haec
620 1082 724 1120 festa
762 1094 855 1119 cum
893 1081 1023 1132 epulis
1057 1082 1248 1119 lucorum
1276 1080 1460 1133 iocisque
1491 1089 1610 1132 petu-

258 1159 438 1198 lantibus
465 1160 683 1207 iuvenum,
714 1158 788 1198 ubi
820 1170 905 1196 non
938 1155 1070 1195 rubo’r
1099 1156 1197 1197 vino
1227 1154 1394 1194 madere
1427 1164 1611 1194 errantes

262 1245 300 1276 et
327 1238 433 1276 male
462 1237 570 1275 serre
600 1232 749 1287 pedes!
808 1233 873 1274 Sic
904 1233 1154 1274 ambarvalia
1186 1247 1260 1272 sua
1291 1231 1484 1271 describit
1501 1233 1554 1282 ΙΙ,
1579 1235 1613 1271 1.

261 1321 302 1351 et.
339 1313 441 1352 alius
482 1312 618 1352 suavis
656 1312 781 1350 huius
823 1311 982 1362 generis
1020 1312 1135 1350 locus
1176 1317 1236 1349 est
1273 1310 1324 1359 ΙΙ,
1363 1311 1399 1357 5,
1440 1313 1493 1347 87
1524 1323 1613 1363 sqq.

261 1388 397 1441 Atque
435 1388 536 1426 haec
576 1384 742 1440 quidem
780 1387 883 1426 testa
923 1394 1039 1436 sunt3
1081 1386 1245 1436 negotia
1287 1391 1381 1423 ante
1421 1383 1613 1424 vidimus‘

264 1461 462 1503 Claudam
493 1476 598 1515 quae
629 1463 746 1503 attuli
775 1462 956 1514 generali
990 1461 1291 1501 observatione.
1349 1461 1398 1516 ln
1433 1473 1615 1512 quonam

262 1540 368 1579 inest
396 1539 547 1577 horum
576 1537 780 1589 omnium,
812 1551 918 1591 quae
952 1536 1148 1586 vidimus,
1179 1537 1357 1577 suavitas
1389 1549 1549 1575 summa
1578 1543 1617 1575 et

263 1615 512 1667 praestantia
547 1612 772 1654 secundum
808 1610 1051 1652 Tibullum?
1111 1614 1159 1651 In
1201 1612 1457 1664 simplicitate
1496 1626 1617 1664 prae-

267 1692 398 1730 clara:
441 1691 572 1743 qualis
610 1689 719 1731 enim
753 1689 851 1728 olim
890 1689 970 1728 fuit
1011 1687 1244 1740 simplicitas
1281 1687 1388 1727 vitae
1425 1687 1618 1739 pulcher-

264 1766 371 1804 rima
400 1767 580 1818 mythico
619 1773 828 1818 tempore,
871 1778 963 1803 cum
1005 1762 1192 1802 nondum
1229 1762 1378 1802 divitiis
1412 1761 1619 1801 inhiarent

265 1840 475 1889 homiues,
514 1840 637 1880 huius
675 1847 862 1892 superest
894 1837 1103 1890 hodieque
1137 1837 1361 1877 similitudo
1391 1839 1435 1876 in
1468 1837 1620 1877 rustica

267 1915 372 1965 vita,
406 1915 450 1953 in
477 1915 641 1954 rusticis
674 1915 882 1963 moribus,
913 1913 1108 1964 negotiis,
1149 1914 1284 1962 sestis,
1323 1913 1619 1965 voluptatibus,

269 1990 617 2047 quemadmodum
654 1990 737 2029 iam
774 1988 1010 2029 adolescens
1051 1989 1242 2028 Tibullus
1283 1991 1439 2040 egregie
1481 1991 1619 2040 sensit,

269 2084 362 2109 cum
402 2070 576 2121 primam
618 2068 785 2118 elegiam
826 2081 940 2106 suam
980 2064 1036 2120 (1,
1077 2064 1157 2117 10.)
1202 2066 1409 2106 scriberet.
1481 2067 1618 2119 Atque

267 2145 391 2184 huius
424 2143 565 2182 idealis
595 2143 862 2194 simplicitatis
890 2143 1027 2196 imago
1066 2150 1111 2181 ut
1143 2141 1280 2180 animo
1314 2141 1424 2180 Albii
1456 2141 1619 2192 penitus

267 2221 489 2271 insidebat,
526 2221 583 2259 ita
623 2219 966 2272 descriptionibus
1003 2221 1113 2258 ruris
1147 2217 1316 2270 poeticis
1353 2217 1439 2255 eius
1479 2218 1621 2256 subest
1664 2232 1668 2236 ’

270 2298 474 2338 omuibus.
532 2295 742 2335 Addamus
766 2295 943 2349 denique
967 2293 1078 2347 quod
1105 2296 1240 2334 solum
1269 2293 1333 2332 hic
1361 2300 1485 2331 restat
1510 2305 1619 2331 com-

268 2371 603 2422 memorandum,
645 2372 947 2425 oppositionem
978 2371 1145 2410 militiae
1179 2370 1359 2422 bellique
1397 2368 1487 2408 dico
1523 2381 1618 2408 vere

270 2449 565 2496 Tibullianam,
608 2457 653 2488 ut
683 2451 924 2489 absolvatur
953 2457 1097 2489 totum.
1164 2447 1323 2498 Nempe
1355 2452 1477 2497 poeta
1506 2457 1619 2494 egre-

271 2526 331 2577 gie
364 2525 442 2563 iam
475 2526 511 2563 iu
547 2524 679 2576 primo
711 2528 889 2566 carmine
920 2523 976 2580 (l,
1012 2523 1110 2578 10.)‚
1142 2538 1233 2563 cum
1264 2522 1443 2574 primum
1475 2533 1620 2558 avoca-

272 2609 385 2639 retur
419 2600 467 2639 ad
497 2599 697 2651 stipendia
730 2600 944 2646 merenda,
986 2601 1159 2652 opponit
1190 2598 1267 2638 sibi
1302 2596 1398 2636 belli
1439 2596 1619 2647 pericula
