1721 2953
298 150 377 184 376
607 141 977 189 COMMENTAR.
1005 146 1063 187 IN
1095 147 1322 188 TIBULLI

304 260 391 293 enim
425 258 485 291 ille
518 257 602 291 deus
627 258 692 301 sit,
731 268 775 293 ex
801 260 867 294 fine
891 261 1027 304 quidem
1052 261 1173 305 discis,
1210 273 1252 296 ex
1278 263 1556 298 antecedentibus
1579 275 1639 298 au-

302 330 369 357 tem
395 335 498 366 aegre
523 325 684 367 colligas,
721 325 778 358 ubi
811 326 854 360 de
880 327 1016 363 Baccho
1044 333 1174 363 tantum
1203 329 1268 363 deo
1301 341 1414 364 sermo
1447 331 1569 365 tuerat.
1595 348 1640 357 ·-

300 390 386 423 Sed
421 390 601 433 poscite
635 390 800 425 Bacchi
835 403 1022 428 munera.
1072 395 1110 428 ln
1135 395 1223 429 viam
1249 396 1381 429 redita
1408 396 1641 439 digressione3

300 454 351 487 hic
395 459 447 487 est
490 465 609 489 sensus
647 458 834 501 particulae
872 459 944 492 secl.
1004 461 1097 495 Male
1135 462 1305 504 Vossws,
1350 473 1449 505 quem
1489 464 1642 505 sequitur

300 520 480 563 Bmmus,
507 522 553 555 ita
578 523 839 567 interpretatur:
864 528 1039 569 Amorem,
1065 529 1216 570 quamvis
1241 540 1363 572 magna
1388 530 1438 563 vis
1463 534 1516 563 est
1540 530 1641 571 illius,

299 587 482 629 negligite,
509 587 682 622 Bacchum
708 601 789 624 vero
816 592 928 625 colite.
980 593 1140 626 Ceterum
1166 604 1353 636 poscere
1379 593 1431 628 hic
1456 595 1640 638 proprium,

298 659 336 684 ut
362 656 505 686 constat.
556 654 632 689 C1c.
658 656 758 689 Verr.
784 655 844 698 III,
870 658 936 690 26:
978 658 1162 690 Hortatur
1199 657 1344 701 hospes:
1382 665 1532 702 poscunt
1567 670 1644 691 mam

298 716 430 753 ioribus
445 718 595 763 poculis.
615 738 662 745 —-
687 721 730 755 V.
750 723 793 754 19
819 732 892 764 sqq.
918 721 1144 755 Convenit
1170 733 1222 756 ex
1247 733 1400 765 aequo.
1451 724 1641 757 Harmas:

299 785 443 826 „Malim
470 787 652 820 convenire
677 788 834 832 accipere
860 799 921 832 pro
944 789 1057 830 adire,
1083 789 1169 823 itare
1194 789 1259 831 ad,
1285 793 1319 822 et
1344 795 1500 832 quartum
1525 801 1642 824 casum

302 853 573 896 subintelligere.
622 855 697 888 Hos
725 854 879 889 Bacchus
907 867 1036 900 aequus
1062 861 1096 890 et
1122 857 1205 890 lenis
1230 857 1396 890 convenit.
1446 856 1500 889 Ex
1533 867 1642 899 aequo

300 924 351 954 est
376 931 524 964 aequus,
557 922 731 966 placidus,
760 924 929 967 placide.“
979 925 1077 960 Quae
1103 925 1277 957 verissima
1303 924 1468 958 videntur.
1519 925 1642 957 Verbis

298 997 340 1017 ex
365 997 477 1031 aequo
502 986 535 1020 in
560 988 780 1030 sequentibus
806 990 990 1032 opponitur
1015 989 1184 1032 iratus,
1210 994 1245 1023 et
1269 990 1370 1023 docet
1394 990 1539 1023 eundem
1563 1001 1642 1023 sen-

298 1061 371 1084 sum
406 1050 495 1094 quod
530 1053 643 1085 statim
677 1053 876 1086 subiicitur:
914 1066 975 1086 nec
1010 1060 1134 1087 torvus
1167 1061 1231 1088 est.
1290 1056 1357 1090 Qui
1393 1055 1571 1088 formulam
1599 1056 1643 1089 ad

299 1117 586 1160 comparationem
614 1118 747 1150 Amoris
774 1117 969 1160 Bacchique
997 1122 1193 1160 traxerunt,
1224 1119 1321 1153 obliti
1346 1124 1424 1153 suut
1449 1120 1491 1153 de
1519 1121 1643 1153 Amore

300 1192 360 1225 per
394 1182 640 1225 digressionem
676 1185 826 1217 locutum
861 1189 1017 1228 poetam,
1055 1196 1142 1218 nunc
1174 1190 1288 1221 autem
1322 1187 1364 1220 ad
1390 1186 1561 1220 Bacchum
1587 1197 1644 1220 re-

298 1249 400 1281 diisse
424 1250 623 1282 orationem.
675 1250 884 1286 Huscnfflus
910 1251 1046 1287 scribit:
1086 1251 1208 1293 „Haec
1242 1251 1386 1285 formula
1418 1252 1459 1285 ad
1485 1252 1643 1285 convivas

297 1314 444 1355 pertinet
467 1324 575 1356 aequa
600 1315 676 1357 lege
704 1315 894 1348 bibentes.“
943 1316 1092 1359 Supplet
1126 1317 1231 1359 igitur
1263 1316 1374 1349 hibere
1400 1318 1442 1352 ad
1473 1317 1644 1354 convenit,

299 1378 392 1423 quod
417 1378 642 1412 durissimum.
668 1399 715 1405 —
752 1386 904 1414 torvus
930 1382 971 1413 in
997 1382 1094 1414 illis
1121 1393 1169 1425 pr.
1195 1382 1231 1414 itz
1256 1382 1355 1418 illos,
1380 1388 1461 1416 noto
1486 1395 1571 1423 usu3
1598 1384 1642 1419 cf.

299 1443 534 1478 Bnoucmms.
561 1445 601 1478 ad
629 1444 659 1477 h.
687 1446 729 1487 1.,
763 1447 962 1482 Remum.
988 1447 1030 1480 ad
1057 1447 1156 1481 Ovid.
1186 1448 1270 1481 Met.
1296 1448 1358 1490 IX,
1382 1451 1462 1482 472.
1513 1450 1641 1483 Caum

298 1508 341 1542 ad
378 1509 470 1551 Virg.
510 1511 592 1543 Aen.
630 1511 673 1552 11,
708 1513 788 1544 541.
839 1512 1018 1545 Pffluzoiv.
1054 1511 1096 1545 ad
1136 1513 1248 1547 valer.
1284 1514 1379 1546 Max.
1414 1515 1474 1556 lV,
1515 1517 1546 1555 1,
1586 1518 1642 1550 10.

298 1576 490 1611 ommim.
518 1577 559 1609 ad
589 1578 662 1611 Liv.
689 1577 852 1620 xxvlll,
876 1580 932 1619 43,
961 1582 995 1613 8.
1044 1580 1214 1612 Similiter
1246 1581 1392 1621 Graeci,
1430 1585 1468 1614 ut
1499 1587 1642 1621 constat,

299 1642 403 1674 veluti
428 1642 607 1675 Sopflocn.
634 1644 686 1675 Ai.
713 1645 801 1675 366:
839 1644 872 1674 ἓν
902 1640 1043 1684 ἀφόβοις
1069 1656 1105 1681 με
1132 1646 1240 1687 θηρσὶ
1265 1641 1372 1676 δἐινᾶν
1394 1647 1509 1688 χέρας.
1561 1646 1645 1678 Cuia

299 1705 429 1741 toribus
453 1706 558 1748 igitur
588 1707 657 1740 suis
692 1707 775 1740 levis
801 1712 852 1740 est
878 1708 961 1740 deus
988 1718 1099 1750 neque
1124 1713 1225 1751 urget
1260 1721 1319 1743 eos
1351 1711 1501 1752 graviter
1530 1710 1643 1744 surore

300 1772 467 1814 immisso,
493 1772 552 1805 sed
580 1771 747 1805 exhilarat
770 1773 920 1806 suaviter
945 1774 1102 1816 levatque
1127 1785 1236 1808 curas.
1257 1792 1304 1799 --
1329 1775 1421 1808 Non
1448 1776 1574 1808 venit
1598 1794 1642 1799 —

299 1849 496 1872 severus,
561 1838 697 1872 Exiniie
741 1839 992 1872 LAcfflmNNus
1037 1839 1200 1871 convenit
1235 1858 1279 1864 -
1314 1852 1450 1872 severos
1488 1841 1643 1882 coniecit,

299 1904 389 1947 quod
422 1905 520 1938 unice
553 1914 667 1938 verum
701 1903 820 1937 habeo.
870 1906 958 1938 Sunt
985 1909 1098 1940 autem
1132 1905 1244 1938 seven·
1269 1905 1300 1940 h.
1327 1907 1348 1941 l.
1383 1907 1498 1940 sobrii.
1549 1908 1642 1940 Lau-

299 1969 380 2003 dant
406 1969 566 2003 cmm„
592 1969 738 2010 XXVII,
763 1972 804 2001 5:
840 1967 935 2001 abite
958 1969 1142 2014 lymphae,
1174 1971 1257 2004 fini
1276 1971 1448 2015 pernicies
1474 1971 1523 2003 ad
1548 1983 1644 2004 sere-

301 2046 356 2068 ros
381 2034 561 2079 Migrate,
597 2038 631 2066 et
656 2034 801 2066 HORAT.
829 2034 935 2078 Epist.
963 2035 988 2074 Ι,
1017 2039 1071 2077 19,
1093 2039 1127 2070 8.
1152 2056 1198 2063 --
1237 2037 1320 2071 Mox
1354 2039 1510 2080 quales
1543 2049 1644 2080 qua-

301 2102 375 2140 lis,
411 2106 449 2134 ut
481 2112 584 2144 saepe
610 2101 736 2133 Graeci
763 2098 828 2137 οἷος
856 2100 929 2144 οἷα,
967 2098 1042 2139 ὅσος
1070 2097 1150 2141 ὅσα,
1186 2103 1250 2136 vid.
1277 2104 1414 2137 hcons.
1440 2104 1483 2136 ad
1509 2102 1644 2137 Anthol.

300 2168 361 2199 Gr.
391 2166 433 2200 T.
460 2165 552 2199 vlu.
579 2177 611 2208 p.
636 2168 717 2198 395.
766 2166 912 2200 Momcx.
939 2167 981 2200 ad
1008 2168 1125 2212 Eurip.
1153 2168 1278 2201 Alcest.
1308 2171 1385 2202 145.
1429 2168 1574 2202 Rmsm.
1601 2168 1643 2202 ad

299 2231 404 2276 Soph.
433 2232 517 2265 Oed.
545 2233 837 2265 Col.'Comment.
863 2234 937 2267 crit.
973 2246 1006 2277 p.
1036 2237 1118 2268 306.
1175 2235 1286 2268 Porro
1322 2236 1474 2276 qualis
1512 2246 1642 2278 quan-

302 2304 484 2342 tusque,
509 2303 545 2332 ut
570 2299 676 2331 x'mc.
703 2300 786 2332 Aen.
811 2299 872 2341 111,
898 2301 987 2333 641:
1028 2299 1146 2345 qualis
1171 2305 1397 2345 quantusque
1423 2312 1509 2331 cat-0
1534 2300 1613 2342 Polj
1629 2319 1646 2324 -

296 2364 443 2409 pltemus
467 2363 502 2395 in
529 2368 631 2393 antro
657 2362 856 2407 Lanigeras
882 2363 1018 2396 claudit
1044 2364 1195 2407 pecudes
1221 2370 1330 2410 alque
1358 2364 1464 2396 ubera
1489 2373 1648 2408 pressat.

302 2430 443 2471 aliisque
470 2429 502 2461 in
538 2428 619 2460 iocis
651 2429 739 2471 apud
768 2430 952 2463 viimam.
1004 2431 1081 2463 Hoc
1116 2432 1191 2464 loco
1228 2441 1366 2464 sensus:
1407 2441 1505 2472 quam
1533 2432 1645 2471 graiis

306 2506 473 2539 quamque
514 2499 652 2538 potens;
690 2507 799 2538 neque
836 2499 926 2532 enim
959 2497 1022 2531 huc
1059 2500 1206 2541 pertinet
1237 2497 1328 2540 quod
1365 2498 1646 2530 Bnoucnnusnus

305 2565 415 2605 docet,
441 2564 522 2596 deos
549 2564 651 2596 iratos
676 2565 777 2597 solito
804 2567 949 2599 maiores
975 2577 1140 2609 apparere
1165 2566 1322 2600 creditos.
1376 2565 1558 2606 Hnmms,
1586 2566 1641 2606 qui

305 2629 367 2663 boc
401 2630 585 2670 intellexit,
621 2630 694 2672 ipse
730 2636 839 2665 tamen
876 2643 940 2666 non
975 2635 1082 2667 minus
1118 2643 1231 2666 errans
1264 2631 1305 2663 de
1341 2636 1505 2674 perpetua
1533 2632 1646 2674 specio
