1721 2953
311 178 498 204 cxxxvut
840 164 915 205 DE
947 165 1105 209 POESI

310 277 439 330 addo,
478 292 529 318 ne
557 279 621 319 bis
653 285 824 318 tractem
851 278 976 320 idem.
1041 278 1180 329 Quare
1210 281 1289 320 hoc
1320 280 1412 319 loco
1441 279 1546 319 nihil
1575 294 1651 318 no-

307 352 478 393 tandum
516 361 643 393 restat
677 353 758 393 nisi
793 355 872 394 hoc
909 368 1061 404 unum,
1107 355 1307 395 inservire
1343 354 1650 407 amplificationi

308 427 516 467 interdum
548 429 668 467 etiam
697 429 888 471 relativas
919 429 1162 480 sententias,
1203 438 1247 469 ut
1276 430 1313 479 Ι,
1346 433 1388 478 1,
1424 433 1497 469 15;

419 503 547 543 Flava
577 502 723 555 Ceres,
765 504 840 544 tibi
870 506 921 544 sit
953 513 1096 544 nostro
1130 504 1180 543 de
1209 519 1307 544 rure
1337 519 1490 545 corona

475 577 641 630 Spicea,
682 592 788 631 quae
816 579 959 632 templi
987 578 1166 633 pendeat
1194 588 1288 619 ante
1320 580 1451 629 fores,

308 652 380 692 ubi
407 652 464 692 ita
494 651 633 691 addita
662 661 756 693 sunt
787 655 951 705 ultima,
990 663 1037 694 ut
1067 654 1257 695 disertius
1287 661 1544 694 exornentur
1577 667 1651 692 au-

306 726 532 766 tecedentia
560 729 711 768 verba:
751 730 818 767 tibi
840 732 899 769 sit.
956 728 1072 768 Adde
1101 730 1158 780 ΙΙ,
1190 735 1236 779 2,
1269 733 1346 769 16:

423 803 527 854 [Nec
558 804 633 843 tibi
662 804 872 855 malueris]
906 803 1103 858 quicquid
1135 805 1321 844 felicibus
1351 801 1464 842 Indis

473 878 689 929 Nascitur,
727 879 806 918 Eoi
835 894 917 933 qua
946 880 1071 919 maris
1110 880 1222 919 unda
1256 881 1389 919 rubet.

306 954 405 994 Non
434 955 705 1006 geographica
734 955 800 993 hic
838 953 994 994 adiecta
1027 964 1087 994 est
1120 955 1339 1007 explicatio
1374 953 1532 1000 ieiune,
1579 949 1649 988 sed

308 1044 402 1069 cum
431 1030 566 1069 Eoum
601 1028 652 1068 ad
684 1038 820 1069 ortum
851 1031 1038 1070 Aurorae
1071 1039 1111 1069 et
1142 1029 1248 1070 Solis
1278 1043 1391 1068 mare
1421 1027 1651 1080 pulcherri-

307 1119 421 1143 mum
451 1106 677 1143 haberetur
705 1113 743 1144 et
773 1105 1060 1157 pulcherrimis
1092 1106 1217 1144 rebus
1247 1105 1438 1156 plenum,
1481 1101 1654 1153 amplifi-

309 1180 478 1219 cationis
509 1193 630 1219 causa
658 1188 772 1232 patet·
805 1181 939 1231 posita
970 1193 1055 1219 esse
1087 1181 1214 1221 verba
1243 1179 1287 1218 iu
1315 1176 1438 1217 laude
1475 1191 1654 1229 gemma-

307 1269 414 1294 rum.
471 1254 665 1307 Denique
693 1254 737 1292 in
771 1254 850 1293 hoc
879 1255 917 1305 I,
948 1259 991 1304 2,
1026 1259 1104 1294 77:

419 1327 531 1377 Quid
563 1328 691 1382 Tyrio
721 1331 918 1368 recubare
950 1337 1041 1368 toro
1071 1330 1158 1368 sine
1188 1342 1327 1368 amore
1357 1326 1540 1368 secundo

473 1403 669 1452 Prodest,
710 1418 803 1443 cum
834 1405 932 1443 fletu
967 1418 1054 1443 nox
1082 1403 1288 1455 vigilanda
1318 1401 1463 1443 venit?

307 1480 456 1520 verba:
494 1483 571 1518 sine
600 1493 727 1518 amore
755 1480 915 1518 secundo
946 1479 1187 1530 explicatius
1216 1477 1335 1517 reddi
1363 1477 1477 1517 vides
1509 1478 1653 1515 ultimo

308 1556 507 1594 membro.
563 1554 671 1593 Nam
700 1554 773 1593 ubi
802 1553 1084 1603 commodum,
1122 1552 1381 1605 amplificatio
1413 1550 1463 1590 ad
1493 1559 1651 1603 partem

306 1639 467 1670 tantum
493 1628 819 1668 antecedentium
844 1630 1040 1682 pertinet,
1072 1636 1117 1668 ut
1137 1629 1237 1668 haec
1264 1625 1487 1667 ostendunt
1514 1640 1652 1665 exem-

307 1707 377 1758 pla
410 1714 450 1744 ct
479 1719 599 1744 nemo
633 1704 772 1744 nescit.
838 1704 952 1743 Haec
987 1705 1209 1754 hactenusg
1252 1704 1316 1743 his
1355 1703 1464 1742 euim
1494 1702 1653 1752 legibus

309 1779 614 1831 circumscripta
649 1786 708 1817 est
742 1779 911 1818 omnino
941 1793 1007 1818 res
1041 1778 1152 1830 apud
1180 1778 1416 1828 Tibullum,
1459 1777 1653 1828 simplicis

310 1869 358 1893 ea
394 1855 460 1893 hic
500 1854 657 1894 formae
698 1861 736 1892 et
776 1867 898 1905 parce
937 1862 1156 1905 usurpata,
1201 1866 1276 1892 nec
1316 1852 1419 1891 tanti
1455 1852 1654 1891 momenti

310 1929 455 1981 quanti
484 1926 594 1978 apud
621 1928 907 1979 Propertium,
947 1927 996 1966 de
1029 1941 1112 1980 quo
1142 1942 1254 1966 nunc
1288 1928 1462 1967 verbum
1493 1925 1654 1966 addam.

308 2004 478 2043 Tibullo
512 2016 604 2042 cum
635 2015 814 2042 nervosa
843 2002 1078 2054 simplicitas
1110 2010 1148 2041 et
1178 2002 1295 2052 vigor
1323 2016 1537 2054 nunquam
1568 2016 1653 2041 non

308 2079 481 2119 firmiter
509 2076 701 2117 incedens
726 2077 920 2129 proprius
943 2086 1064 2126 esset,
1095 2080 1341 2129 placuerunt
1363 2077 1400 2117 ei
1423 2079 1652 2117 necessario

310 2154 437 2204 magis
464 2154 565 2191 istae
599 2151 842 2202 divisiones,
877 2151 1179 2203 distinctiones,
1212 2153 1491 2204 oppositiones
1525 2166 1654 2191 mem-

311 2231 483 2267 brorum
518 2241 682 2278 grave83
723 2228 928 2279 Propertii
962 2241 1062 2268 vero
1094 2229 1230 2280 poesis
1267 2235 1408 2279 utpote
1445 2228 1578 2266 mollis
1616 2235 1656 2265 et

311 2301 462 2341 blanda
493 2315 578 2340 non
606 2302 842 2354 frequentat
871 2303 943 2340 has
974 2310 1134 2341 exactas
1165 2301 1387 2341 divisiones
1419 2310 1458 2340 et·
1487 2302 1654 2353 opposi-

312 2378 467 2424 tiones,
514 2375 584 2415 sed
620 2378 746 2427 magis
786 2378 1074 2416 similitudinibus
1113 2381 1370 2416 senienlz'arum
1409 2378 1654 2428 amplificare

314 2462 349 2492 et
383 2466 529 2491 ornare
557 2466 623 2491 res
650 2452 812 2503 gaudet.
871 2453 1327 2507 Concinnitas’quidem
1355 2452 1474 2491 etiam
1501 2453 1551 2490 ab
1578 2453 1655 2491 hoc

316 2527 485 2566 artificio
528 2526 694 2565 minime
739 2528 876 2576 abest,
933 2527 1002 2567 scd
1051 2530 1186 2568 lenior
1228 2536 1267 2566 et
1312 2528 1476 2566 mollior
1525 2527 1655 2565 forma

315 2600 627 2641 similitudinum
662 2610 854 2651 ornatus,
895 2605 1102 2651 acerbior,
1141 2603 1343 2650 severior,
1385 2602 1547 2651 gravior
1582 2615 1655 2653 op-
