1721 2953
273 132 354 168 238
586 122 957 166 COMMENTAR.
988 125 1043 164 ID<
1078 126 1304 167 'HBULLI

274 242 371 275 acino
392 241 498 275 PLIN-
513 238 625 282 XVII,
646 242 703 282 22,
730 251 757 273 s.
775 243 832 284 35,
853 245 909 278 17.
936 243 1076 278 Cenum.
1100 243 1158 285 IV,
1175 246 1232 277 27.
1255 245 1313 279 28.
1341 243 1402 288 XI,
1422 247 1457 287 2,
1480 246 1537 280 44.
1554 249 1624 290 55„

274 308 316 340 ab
355 306 429 339 aliis
462 306 564 339 etiam
599 306 747 350 pluries,
783 307 826 340 cf.
854 309 953 345 Voss.
979 310 1022 344 ad
1048 311 1144 354 Virg.
1172 312 1302 354 Georg.
1328 310 1372 353 ΙΙ,
1400 323 1434 356 p.
1456 314 1525 346 406
1549 324 1622 356 sqq.

274 371 376 407 Quod
402 381 483 404 vero
511 371 600 405 idem
627 372 688 406 Vir
713 372 834 406 doctus
871 372 925 408 hic
959 375 1002 408 de
1028 376 1109 409 solis
1136 377 1393 411 Canicularibus
1418 378 1537 412 diebus
1562 390 1624 413 co-

272 437 368 477 gitat,
395 439 526 469 aestate
552 436 688 471 demum
717 437 892 472 Nemesim
917 450 974 473 rus
999 440 1196 476 discessisse
1222 454 1375 486 censen5‚
1407 445 1440 478 in
1467 455 1508 478 eo
1533 445 1623 478 falli-

270 507 347 543 tur3
372 502 456 535 abiit
473 512 563 536 vere.
596 503 752 546 Denique
776 504 943 547 pingue
964 491 1104 540 solum
1125 508 1290 552 optimum
1311 510 1399 551 vino,
1421 509 1463 543 cf.
1480 510 1622 543 Corium,

271 569 332 611 ΙΙΙ,
354 571 386 602 1.
421 570 521 603 Voss.
549 569 593 603 ad
621 571 718 613 Yirg.
745 572 874 615 Georg.
902 573 945 615 ΙΙ,
975 586 1008 618 p.
1029 577 1100 607 358
1122 585 1195 617 sqq.
1221 593 1268 600 —
1293 576 1334 610 V.
1360 579 1394 609 7.
1419 579 1455 610 8,
1478 579 1624 609 secta-

270 645 342 668 rer
369 640 580 669 aratrum.
628 637 755 670 Iterum
781 638 871 671 male
897 639 1048 673 Vossms
1077 640 1210 674 nonnisi
1234 640 1276 673 de
1302 641 1507 674 auctumuali
1532 642 1623 674 circa

270 701 521 743 aequinoctium
547 703 700 736 aratione
725 704 875 746 cogitat,
900 707 938 737 tu
964 705 1067 738 etiam
1091 715 1212 739 vernas
1236 707 1408 740 arationes
1438 707 1621 749 intelliges,

271 773 309 801 ut
335 779 410 802 cum
438 773 515 813 post
549 770 699 813 Aprilem
734 780 817 813 ager
851 770 1005 803 iteratur.
1062 771 1170 814 Sequi
1204 772 1276 805 vult
1310 778 1413 816 poeta
1444 772 1619 806 Nemesim

270 835 346 878 ipso
381 845 473 870 vere.
506 854 552 859 —
600 828 781 869 c'urvuni
823 840 965 880 propter
999 836 1130 879 burim,
1167 842 1205 871 ut
1238 842 1393 880 constat,
1433 837 1477 872 cf.
1510 838 1623 872 Vme-

271 902 401 944 Georg.
428 901 455 943 Ι,
482 903 558 935 170.
618 903 663 934 At
698 911 844 943 uncum,
879 902 1046 936 aduncum
1075 907 1222 936 aratrum
1247 903 1370 937 dicitur
1394 907 1535 947 propter
1559 912 1622 935 vo-

270 977 410 1000 merem.
434 985 482 990 —
525 967 715 1000 steriles
752 967 911 1010 boves,
947 969 1113 1002 testiculis
1146 969 1330 1012 demessis,
1364 974 1399 1003 et
1423 970 1450 1002 si
1475 969 1622 1003 feminae

271 1037 387 1075 erant,
423 1033 522 1066 vulva
555 1036 730 1075 extracta,
767 1038 803 1066 ut
836 1038 932 1067 notat
957 1035 1132 1068 Vum’ms.
1191 1037 1237 1069 At
1261 1036 1351 1069 enim
1377 1045 1487 1068 nonne
1513 1036 1623 1068 otiosa

270 1104 349 1134 sunt
374 1099 458 1134 haec
484 1099 634 1143 epitheta
660 1111 810 1135 currus,
837 1099 986 1136 sterilis,
1013 1105 1048 1133 et
1072 1101 1177 1134 solius
1204 1104 1343 1135 ornatus
1369 1101 1494 1145 poetici
1519 1111 1620 1134 causa

271 1168 413 1212 posita?
464 1167 541 1201 Non
568 1166 684 1200 credo.
734 1166 859 1200 Addita
883 1172 983 1210 sunt,
1018 1171 1056 1200 ut
1079 1168 1153 1212 ipsa
1181 1169 1328 1212 vulgaris
1358 1168 1477 1202 harum
1507 1179 1622 1202 rerum

269 1235 357 1268 ratio
377 1234 638 1268 describeretur.
687 1233 794 1266 Plane
819 1237 854 1266 ut
880 1234 1031 1277 agricola
1056 1235 1159 1277 vulgo
1184 1245 1324 1268 currum
1349 1239 1498 1268 aratrum
1522 1244 1620 1268 suum

271 1301 445 1344 sequitur,
473 1300 565 1342 quod
590 1299 724 1333 steriles
750 1300 855 1333 boves
882 1299 1038 1342 trahunt,
1062 1301 1112 1333 sic
1137 1310 1223 1343 ego,
1249 1301 1306 1342 ait,
1332 1300 1360 1334 si
1387 1300 1488 1334 modo
1513 1300 1622 1334 domi-

271 1376 348 1399 nam
382 1365 552 1399 interdum
583 1365 743 1397 viderem.
796 1376 946 1401 curvus,
982 1364 1074 1406 quod
1100 1366 1247 1399 Vossms
1274 1367 1404 1409 recepit
1438 1370 1473 1399 et
1497 1366 1621 1400 Ramn-

270 1444 360 1474 Rus‚
396 1442 531 1476 sperne,
591 1431 683 1467 Quid
721 1431 839 1464 enim?
897 1431 1052 1464 Crassius
1090 1431 1136 1464 ita
1177 1436 1279 1475 poeta
1314 1420 1522 1477 exprimeret
1558 1433 1622 1468 hoc

271 1499 404 1542 ipsum,
442 1498 535 1540 quod
573 1498 742 1541 explicata
769 1498 871 1531 modo
898 1498 1047 1542 epitheta
1073 1500 1261 1541 elegantius
1285 1500 1430 1534 innuunt
1455 1505 1490 1534 et
1515 1512 1623 1544 quan-

271 1569 343 1597 tum
375 1565 469 1597 satis.
495 1582 541 1587 -—
588 1563 692 1596 Dum
736 1563 976 1606 subigunt,
1017 1565 1169 1598 suaviter
1205 1575 1256 1609 pr.
1288 1566 1369 1600 dum
1405 1568 1620 1611 subigerent.
1644 1570 1655 1581 ⁶

272 1631 571 1664 Constructionem
605 1630 792 1673 particulae
827 1630 909 1662 dam
943 1641 1020 1664 cum
1046 1632 1217 1675 praesenti
1241 1635 1416 1676 tempore,
1450 1633 1508 1666 ubi
1532 1635 1620 1668 alte-

270 1707 345 1730 rum
380 1696 520 1729 verbum
558 1696 804 1739 praeteritum,
838 1696 1006 1740 exemplis
1040 1696 1220 1730 illustravit
1254 1698 1405 1732 Vossms
1431 1697 1475 1731 ad
1500 1699 1622 1741 Virgil.

271 1765 402 1806 Georg.
428 1763 489 1805 IV,
525 1774 558 1806 p.
585 1765 666 1795 620.
711 1762 926 1796 HmNDoRF.
952 1762 996 1796 ad
1021 1763 1144 1798 Horat.
1171 1764 1244 1797 Sat.
1271 1764 1299 1806 Ι,
1324 1767 1358 1806 5,
1383 1767 1441 1798 72.
1478 1769 1512 1798 et
1537 1776 1622 1808 quos

271 1828 325 1862 hic
351 1828 478 1862 laudat.
529 1827 627 1861 Adde
651 1828 798 1861 maxime
822 1827 1026 1861 HEINRICI-r.
1053 1828 1095 1862 ad
1122 1828 1278 1863 Ciceron.
1306 1830 1510 1865 Orationum
1533 1832 1622 1866 Par-

271 1901 324 1929 tes
348 1895 494 1928 ineditas
529 1906 560 1938 p.
586 1896 632 1927 75
657 1904 730 1937 sqq.
781 1895 1029 1929 Suavissimum
1061 1894 1126 1929 hoc
1160 1896 1264 1930 etiam
1297 1895 1370 1941 hic,
1405 1898 1463 1931 ubi
1489 1909 1560 1932 reni
1586 1902 1623 1932 ut

270 1962 312 1995 fit
336 1962 432 2004 quasi
458 1960 503 1994 ob
537 1960 655 1993 oculos
679 1964 781 2002 atque
807 1960 840 1994 in
867 1965 1056 2005 conspectu
1083 1966 1200 1995 nostro
1227 1973 1354 2006 ponere
1378 1964 1460 1997 vult.
1510 1965 1624 2016 Atque

272 2026 350 2061 hinc
376 2037 464 2061 nunc
489 2012 591 2060 etiam
618 2027 819 2061 indicativus
846 2034 898 2062 est
924 2036 944 2061 a
970 2033 1072 2073 poeta
1100 2031 1231 2073 positus
1256 2034 1294 2063 ut
1315 2030 1348 2064 in
1373 2031 1449 2064 viva
1474 2031 1622 2074 imagine

272 2093 343 2133 rei,
375 2093 454 2126 licet
479 2091 696 2136 hypothetica
723 2093 767 2126 sit
791 2098 907 2128 cetera
934 2095 1165 2137 constructio,
1199 2096 1257 2128 ubi
1283 2097 1533 2130 coniunctivum
1559 2107 1623 2130 ex-

272 2161 500 2203 spectaveris,
540 2160 823 2203 quemadmodum
860 2162 889 2194 is
925 2161 958 2195 in
992 2163 1130 2206 obliqua
1163 2164 1318 2197 oratione
1351 2165 1455 2207 vulgo
1488 2165 1623 2209 ponitur

273 2228 352 2269 post
377 2224 474 2257 dam.
523 2225 593 2258 Sed
627 2227 728 2260 etiam
754 2228 786 2259 in
819 2225 882 2260 hac
913 2227 1074 2261 Tierms
1103 2228 1240 2271 quidem
1264 2229 1482 2265 indicativum
1508 2230 1621 2273 habet,

274 2291 316 2325 cf.
350 2291 514 2326 ERNsssT.
552 2292 595 2325 ad
628 2292 720 2326 Hist.
748 2292 810 2334 111,
834 2295 893 2326 38.
955 2293 1097 2326 Frustra
1132 2295 1236 2337 igitur
1269 2295 1419 2329 Vossius
1451 2295 1622 2342 subigant

274 2358 409 2402 scripsit
433 2357 588 2391 omnibus
613 2359 706 2392 libris
738 2360 862 2393 invitis.
921 2360 996 2394 Nec
1023 2361 1214 2394 Huscnmo
1239 2362 1405 2394 assentior
1427 2361 1484 2403 qui
1511 2361 1622 2404 expli-

275 2429 347 2458 cat:
381 2424 554 2466 agricolae
581 2425 702 2467 modo,
727 2437 755 2459 s.
781 2426 870 2460 sicut
894 2427 1048 2469 agricola
1073 2431 1221 2460 aratrum
1247 2430 1398 2460 sectatur
1422 2425 1500 2458 dum
1528 2426 1622 2459 subi-

275 2495 360 2533 gunt
392 2490 515 2532 boves,
550 2491 671 2524 callide
705 2493 754 2526 sic
789 2492 1039 2537 hypotheticam
1075 2493 1359 2527 constructionem
1395 2503 1621 2526 summovens.

276 2555 458 2590 Pulchrius
483 2566 565 2589 vero
591 2556 679 2590 haud
709 2558 811 2591 dubie
837 2558 879 2592 ad
909 2560 1016 2603 ipsius
1042 2558 1169 2591 Tibulli
1195 2558 1321 2590 arantis
1346 2559 1494 2601 speciem
1521 2569 1621 2601 quam

277 2621 320 2656 ad
347 2623 531 2667 agricolam
560 2633 692 2659 comma
717 2631 909 2662 revocatur.
959 2627 1121 2661 Ceterum
1146 2626 1458 2676 cum-GnoNoi-ms
1481 2625 1522 2659 ad
1546 2625 1621 2659 Liv.
