1721 2953
542 118 684 158 LIBR.
715 120 745 157 l.
802 118 960 157 ELEG.
992 121 1043 159 V.
1374 125 1451 160 119

111 233 225 263 narrat
250 230 292 264 ad
318 230 432 264 vilium
456 230 542 263 adeo
568 229 746 262 mulierum
779 229 956 272 amplexus
982 240 1017 263 se
1045 229 1281 272 descendisse,
1317 231 1344 264 si
1371 242 1451 275 pos-

108 301 161 329 set
186 308 329 331 avocare
353 282 501 331 mentem
526 307 545 329 a
571 297 690 329 Deliae
716 295 934 338 cogitatione,
966 296 1008 331 de
1034 297 1155 330 vilibus
1180 297 1227 330 ita
1251 297 1341 339 loqui
1368 298 1451 330 lice-

109 364 186 406 bat3
224 365 341 397 Deliae
374 364 566 407 amplexum
602 373 768 405 nusquam
803 362 963 395 describit
997 363 1185 396 libidinose.
1234 362 1343 395 Simul
1368 372 1449 396 vero

106 432 275 473 poeticam
309 431 474 464 rationem
508 431 575 463 loci
608 428 798 462 considera.
848 428 940 464 Quid
966 430 1053 462 enim
1078 430 1216 473 gravius
1239 434 1317 474 post
1342 429 1451 463 felicis

106 496 195 529 vitae
229 499 387 540 speratae
419 496 680 539 descriptionem
706 494 768 528 hac
793 495 948 539 proxime
973 496 1126 529 subiecta
1149 496 1334 529 dissolutae
1359 496 1448 529 vitae

104 562 373 605 adumbratione,
398 564 441 597 ad
465 573 565 606 quam
589 563 708 596 Deliae
731 561 873 606 perfidia
897 561 1085 605 desperatis
1105 563 1137 595 in
1163 563 1264 595 rebus
1289 562 1448 606 delapsus

103 629 183 662 est?
242 629 292 662 Ac
330 629 397 662 noli
430 629 586 662 assentiri
620 627 810 660 Huscuiuo
847 628 991 670 aliisque
1024 628 1292 672 vituperantibus
1324 633 1447 672 poetae

101 696 403 739 compositionem,
427 695 489 729 sed
510 695 624 728 missis
644 694 779 727 novitiis
800 693 933 727 iudiciis
954 695 1113 737 autiquae
1139 705 1285 738 poeseos
1310 706 1445 729 sensum

101 763 206 804 affer,
240 773 400 796 nervosas
425 762 659 806 oppositiones
685 761 838 794 amantis.
869 779 909 784 —
947 761 988 795 V.
1017 763 1058 794 41
1088 772 1140 803 sq.
1179 760 1442 802 discedens,

101 833 204 863 recte.
253 829 354 864 Quod
389 840 533 874 surgere
565 838 668 872 saepe
703 828 860 861 absolute
899 827 1022 860 dicitur
1056 838 1107 871 pr.
1131 838 1274 870 surgere
1298 839 1318 862 e
1343 829 1443 870 lecto,

96 894 319 937 similiterque
343 892 470 926 cubare
494 894 540 937 (Ι,
565 897 599 936 6,
625 896 680 927 11.
708 893 784 936 18),
806 893 884 926 inde
909 904 974 926 uon
1000 894 1152 935 sequitur
1176 895 1277 928 etiam
1304 894 1444 927 ‹lescen-

98 961 194 998 cIere,
219 961 309 1004 quod
335 962 367 994 in
392 962 467 994 aliis
492 961 587 994 libris
612 965 684 1003 est,
709 961 756 994 ita
781 960 921 994 dictum.
945 979 990 985 -
1024 960 1234 994 devotum
1260 962 1443 1004 appellant,

97 1027 150 1061 cui
174 1028 315 1071 magicis
344 1029 474 1061 artibus
498 1029 549 1061 vis
573 1029 722 1061 mascula
749 1028 905 1072 deperiit.
932 1028 1043 1061 Ovm.
1070 1029 1202 1061 Amorr.
1225 1027 1287 1069 ΙΙΙ,
1317 1030 1348 1068 7,
1373 1030 1440 1060 27:

98 1094 192 1125 Num
231 1105 306 1126 mea
344 1094 545 1127 Thessalico
582 1094 754 1140 languent
791 1094 1080 1128 devol‘a'wneno
1113 1092 1288 1138 corpora?
1348 1095 1442 1125 Num

95 1161 219 1193 misero
246 1173 384 1193 carmen
408 1167 444 1193 et
475 1159 585 1194 herba
607 1160 761 1194 nocent?
809 1163 949 1206 Sagave
971 1159 1125 1206 pzcm‘cea
1150 1159 1275 1203 defixit
1300 1159 1441 1192 nomina

95 1239 175 1260 cera
196 1233 231 1260 et
256 1227 405 1260 medium
430 1233 552 1260 tenues
576 1227 613 1260 in
637 1227 734 1262 iecur
758 1228 831 1273 egit
857 1226 973 1260 acus?
1007 1227 1104 1260 Adde
1130 1226 1271 1260 Heroid.
1292 1228 1352 1269 VI,
1374 1229 1438 1260 91:

96 1292 240 1325 devovet
276 1291 437 1324 absentes
470 1291 733 1337 simulacraque
768 1304 867 1325 cerea
891 1292 983 1337 figit
1008 1298 1042 1324 et
1069 1292 1231 1325 miserum
1257 1298 1377 1325 termes
1403 1293 1440 1324 ιἰι

92 1360 189 1392 iecur
213 1365 316 1403 urget
342 1370 440 1392 acus.
498 1358 608 1392 Erant
641 1360 744 1392 etiam
779 1360 897 1392 laneae
931 1359 1117 1401 imagines,
1154 1363 1192 1392 ut
1218 1361 1349 1392 Amorr.
1376 1359 1437 1400 ΙΙΙ,

90 1428 123 1467 7,
148 1427 205 1458 79.
240 1424 379 1458 videbis.
429 1425 590 1459 Ceterum
615 1425 691 1460 vide
716 1426 905 1462 Humsmm
939 1425 980 1459 ad
1007 1427 1138 1459 Amorr.
1166 1425 1228 1467 111,
1255 1430 1287 1467 7,
1311 1429 1368 1459 29.
1403 1431 1438 1459 et

90 1491 256 1524 Smwmin
302 1502 343 1525 ac
384 1491 676 1525 Bnoucmmsmm
718 1491 762 1524 ad
797 1491 982 1540 Tibullu—m.
1014 1510 1060 1514 —
1109 1501 1212 1525 mea.
1264 1492 1438 1524 Assentior

92 1557 307 1600 Nonano,
342 1558 555 1599 Huscmclo,
591 1557 850 1599 LLmHMANNo,
887 1557 944 1599 qui
970 1567 1080 1588 meam
1107 1555 1203 1598 (Tib.
1230 1556 1273 1598 ll,
1299 1559 1332 1598 6,
1356 1557 1434 1598 52.)

87 1622 302 1655 scribendum
329 1626 480 1656 censent.
535 1622 624 1655 Tam
648 1632 828 1664 magnam,
863 1622 931 1663 ait,
963 1622 998 1654 in
1021 1631 1077 1655 me
1102 1622 1168 1655 vim
1192 1620 1294 1655 habet
1320 1632 1435 1654 recor-

87 1687 180 1720 datio
207 1688 345 1729 Deliae,
379 1692 418 1720 ut
441 1688 528 1720 istae
560 1687 706 1720 feminae
738 1687 898 1720 devotum
923 1697 979 1720 me
1011 1687 1054 1720 ab
1086 1697 1127 1720 ea
1152 1687 1292 1720 credant
1314 1693 1349 1720 et
1374 1699 1435 1721 ne-

87 1754 206 1787 fandas
228 1758 320 1787 artes
349 1755 498 1797 magicas
524 1755 673 1798 puellam
698 1764 808 1787 meam
843 1755 931 1787 scire
963 1757 1119 1795 narrent,
1152 1763 1227 1786 cum
1255 1764 1295 1786 ea
1320 1756 1434 1787 tamen

88 1822 160 1855 sola
196 1820 443 1865 pulchritudine
477 1831 539 1854 sua
572 1819 636 1854 hoc
662 1821 800 1854 efficiat.
848 1821 908 1854 Sic
933 1820 1045 1854 omnia
1070 1820 1155 1853 bene
1180 1830 1279 1854 nexa.
1330 1821 1433 1856 Quod

86 1888 404 1920 Wmvnmzmcnms
429 1886 590 1932 nefanda
615 1899 690 1919 mea
716 1892 832 1920 tuetur
856 1891 891 1920 et
916 1887 1040 1932 turpia
1064 1887 1225 1931 explicat.
1249 1891 1343 1921 certe
1365 1898 1431 1920 non

83 1953 127 1986 de
152 1952 361 1996 turpitudine
386 1952 535 1994 Tibulli,
566 1952 627 1985 sed
652 1953 694 1986 de
720 1954 752 1986 vi
778 1954 896 1986 Deliae
921 1952 975 1987 hic
1000 1954 1132 1996 agitur,
1165 1964 1209 1987 ne
1233 1954 1299 1986 alia
1323 1954 1427 1987 adda-

82 2030 166 2054 mus.
193 2038 240 2045 —
276 2020 320 2054 V.
344 2021 400 2052 43.
426 2019 600 2062 verbis,
631 2020 844 2054 carminibus.
894 2020 1038 2054 Etiamsi
1064 2021 1220 2054 codicum
1245 2021 1429 2055 auctoritas

43 2101 46 2104 ⁴
82 2088 192 2120 minus
217 2090 311 2121 certa
336 2090 447 2128 esset,
472 2090 585 2120 tamen
610 2097 665 2120 res
690 2087 763 2130 ipsa
789 2087 929 2121 doceret
954 2087 1222 2132 posthabendam
1248 2088 1430 2122 lectionem

83 2153 209 2187 herbis.
259 2154 476 2196 Quamquam
510 2154 597 2187 enim
637 2164 700 2197 per
734 2164 770 2186 se
804 2155 855 2187 vel
884 2154 996 2186 verbis
1031 2154 1084 2187 vel
1118 2152 1231 2187 herbis
1256 2153 1429 2197 designari

82 2221 194 2264 potuit
227 2220 383 2261 devotio,
420 2218 472 2252 hic
506 2223 618 2253 tamen
653 2221 708 2254 ubi
745 2221 859 2253 statim
896 2224 1009 2264 partes
1046 2220 1200 2264 corporis
1238 2219 1427 2257 laudantur,

80 2287 270 2320 accuratior
304 2290 338 2319 et
373 2287 507 2319 suavior
540 2291 592 2319 est
616 2287 795 2320 manifesto
820 2288 1000 2322 verborum
1026 2288 1198 2331 oppositio
1232 2291 1267 2321 et
1299 2287 1429 2320 formae

81 2350 253 2398 pulchrae,
281 2364 380 2397 quam
402 2353 591 2388 herbarum.
643 2355 804 2387 Ceterum
831 2355 894 2386 sed
917 2355 1076 2387 omissum
1103 2365 1178 2388 esse
1201 2359 1280 2388 ante
1306 2355 1427 2388 facie

80 2428 157 2453 cum
181 2421 212 2454 vi
240 2431 301 2464 per
324 2431 362 2453 se
387 2425 492 2464 patet.
544 2421 631 2455 Vide
666 2423 899 2466 exemplorum
936 2422 1068 2465 copiam
1105 2421 1195 2466 apud
1231 2422 1424 2454 DRAKnNn.

81 2485 122 2518 ad
150 2485 224 2519 Liv.
251 2486 278 2526 I,
301 2488 358 2527 25,
381 2489 415 2520 3.
466 2486 558 2519 Infra
583 2487 626 2528 11,
653 2490 684 2529 1,
708 2491 765 2521 71.
802 2490 834 2530 4,
862 2490 916 2521 19.
956 2489 1016 2530 lv,
1044 2491 1074 2529 1,
1100 2491 1177 2524 193.
1211 2489 1345 2531 aliaque
1372 2488 1424 2521 hic

82 2550 272 2583 laudantem
296 2551 621 2585 Wunnssnmcmum
642 2553 674 2585 in
694 2553 774 2585 edit.
793 2554 871 2586 inin.
892 2572 938 2579 —
967 2554 1005 2588 V.
1023 2556 1068 2588 45
1082 2566 1132 2598 sq.
1158 2555 1287 2588 Talis
1313 2554 1423 2587 The—

81 2615 152 2648 tis.
202 2612 342 2648 Εὗειὸέα
364 2617 446 2651 dicit
464 2618 653 2652 Pmnmus
680 2617 795 2652 Isthm.
821 2619 895 2661 Vll,
912 2623 968 2653 28.
1018 2620 1264 2654 Pulcherrima
1284 2621 1425 2664 Neptu-
