1721 2953
541 136 686 177 LIBR.
716 135 748 176 Ι.
805 134 962 177 ELEG.
992 134 1063 177 111.
1424 142 1475 175 05

131 260 415 297 consuluisse
450 259 569 295 deos,
627 258 798 292 Muliebre
835 261 923 302 ηθος
961 258 1026 293 loci
1058 259 1206 292 illustrat
1231 257 1341 292 Imus
1367 260 1470 294 GER-

128 339 295 369 ilARDUS,
342 326 482 363 laudans
514 326 679 370 imprimis
714 325 854 360 Scholia
889 325 931 358 ad
968 327 1153 360 AronnoN.
1185 325 1306 359 Ruon.
1334 324 1361 367 Ι,
1386 322 1469 360 247.

127 393 271 427 Videtur
297 395 411 426 autem
434 390 478 425 de
501 389 719 434 haruspicum
743 400 852 434 opera
875 388 930 424 hic
955 391 1195 434 cogitandum,
1226 392 1284 434 qui
1307 391 1374 425 iam
1398 396 1471 426 tum

125 458 158 492 in
185 458 323 502 privatis
348 456 450 490 rebus
474 466 495 490 a
519 456 634 489 multis
658 455 943 497 consulebantur,
972 456 1038 490 vid.
1064 457 1279 490 Miinnnmnu
1303 457 1337 490 in
1362 457 1469 491 Libro

123 525 168 560 de
192 525 345 559 Etruscis
381 524 424 559 T.
448 524 495 560 Π.
530 535 564 568 p.
593 525 647 557 14.
706 523 854 557 Credam
890 523 995 566 igitur
1027 522 1261 569 haruspicibus
1297 525 1416 559 missas
1448 536 1470 558 a

123 592 222 626 Delia
244 590 370 626 hostias
394 591 525 634 aliquot
548 590 716 632 minores,
741 590 841 623 aliam
870 590 927 623 alii
952 590 1018 624 deo
1042 592 1317 634 sacrificandam,
1341 592 1384 624 ab
1407 591 1469 625 iis-

122 667 189 699 que
213 667 257 690 ex
281 655 398 690 harum
423 656 512 689 extis
535 655 648 690 fausta
672 665 835 699 responsa
860 654 952 689 data.
1002 655 1090 689 Sunt
1117 655 1180 690 hae
1205 657 1469 691 consultatoriae

121 723 273 767 hostiae,
302 724 346 758 de
370 724 493 767 quibus
517 723 724 757 Munnssnns
751 722 837 755 dixit
861 721 945 755 ibid.
971 733 1005 766 p.
1033 724 1100 756 179
1124 733 1198 766 sqq.
1246 725 1359 766 Atque
1384 722 1469 757 haec

121 789 370 834 simplicissima
394 793 448 823 est
472 789 658 833 explicatio
683 789 770 830 loci;
807 788 946 821 oracula
979 792 1076 821 extra
1101 789 1220 823 urbem
1245 789 1368 824 adiisse
1396 791 1468 824 De·-

121 855 222 897 liam,
251 859 290 889 ut
322 855 494 889 Hssrmus
527 856 739 899 suspicatur,
775 855 831 889 vix
856 855 1035 900 probabile
1061 859 1134 898 est,
1168 866 1232 890 nec
1257 856 1349 900 quod
1373 857 1469 891 addit

120 920 265 954 sortasse
288 921 406 963 Isidis,
432 921 629 966 Serapidis,
666 922 840 956 Fortunae
866 922 998 967 privata
1023 923 1161 956 oracula
1191 923 1326 957 Romae
1352 923 1469 966 fuisse,

121 986 288 1021 historicis
309 987 521 1022 documentis
546 989 711 1033 probavit.
735 1008 783 1015 —
815 991 859 1024 V.
885 992 941 1023 11.
968 999 1120 1022 sacras
1144 989 1275 1033 pueri
1300 993 1466 1024 sortes.

120 1053 332 1097 Frequentes
366 1059 462 1088 erant
493 1055 649 1097 sortilegi
684 1055 781 1098 pueri
807 1054 938 1096 virique
963 1054 998 1088 in
1025 1054 1125 1088 Circo
1153 1054 1304 1087 Maximo
1330 1055 1468 1098 potissi-

120 1129 212 1152 mum
237 1123 272 1152 et
295 1120 409 1162 Foro,
446 1121 504 1163 qui
537 1124 796 1164 praetereuntes
828 1122 1010 1154 invitarent
1042 1124 1079 1153 ut
1105 1121 1253 1154 sortibus
1278 1125 1467 1163 uterentur,

120 1183 185 1217 vid.
213 1184 358 1218 Honn.
385 1186 459 1219 Sat.
484 1185 512 1227 Ι,
536 1188 570 1227 6,
599 1188 678 1218 112.
707 1185 790 1228 ibiq.
815 1184 1030 1219 HEINDORF.
1055 1204 1100 1210 --
1137 1186 1348 1227 sustulit,
1385 1197 1468 1230 pro-

120 1252 231 1296 prium
256 1251 299 1285 de
322 1252 472 1285 sortibus
503 1262 547 1285 ex
578 1262 657 1285 arca
691 1255 750 1285 aut
780 1251 892 1285 sitella
919 1251 1082 1293 sublatis,
1116 1251 1160 1285 cf.
1185 1251 1261 1284 C1c.
1287 1251 1330 1285 de
1355 1251 1466 1286 Diviu.

120 1318 165 1360 ΙΙ,
188 1321 244 1352 41.
280 1319 419 1352 Pninw.
447 1318 631 1360 Casin.11‚
656 1319 692 1361 5,
714 1321 772 1354 33.
821 1319 872 1352 Ac
907 1318 952 1351 de
987 1318 1076 1351 trina
1109 1318 1290 1351 sortitione
1326 1318 1467 1351 laudant

118 1386 310 1420 SPANHEM.
333 1385 377 1419 ad
402 1386 535 1419 Gallim.
563 1386 678 1430 Apoll.
704 1395 736 1419 v.
760 1387 819 1419 45.
867 1385 988 1419 Tertia
1021 1384 1157 1418 demum
1189 1385 1349 1428 repetitio
1382 1395 1467 1419 con-

117 1451 230 1484 firmat
253 1461 335 1486 rem.
393 1452 555 1486 Ceterum
591 1451 656 1486 hoc
687 1462 797 1495 genus
832 1452 1048 1486 divinationis
1072 1439 1162 1495 apud
1187 1451 1371 1485 nobiliores
1395 1457 1468 1486 tum

117 1515 183 1549 iam
208 1520 415 1551 contemtum
441 1523 535 1560 erat,
573 1518 618 1551 cs.
644 1517 858 1568 HfflNDoRF.
888 1517 931 1550 ad
956 1517 1080 1551 Horat.
1106 1518 1180 1551 Sat.
1205 1517 1234 1559 Ι,
1268 1521 1301 1560 9,
1326 1521 1386 1551 30.
1419 1535 1467 1544 -

117 1582 191 1616 illi
215 1584 406 1617 rettulit
430 1593 450 1617 e
476 1583 651 1616 triviis.
694 1584 807 1617 Recte
826 1587 943 1617 monet
956 1583 1274 1617 messnmcnms
1288 1583 1466 1617 iteratione

116 1651 322 1693 pronominis
342 1649 408 1682 illa
421 1668 466 1675 -
480 1649 535 1682 illi
560 1649 710 1683 diversas
730 1649 801 1683 vias
821 1649 934 1683 futura
953 1648 1144 1692 explicandi
1159 1649 1354 1691 significari.
1401 1648 1467 1682 Est

116 1714 222 1757 igitur
246 1713 310 1748 hoc
334 1725 443 1757 genus
467 1714 561 1749 aliud
587 1718 621 1748 et
646 1714 818 1748 diversum
843 1715 886 1747 ab
913 1714 1149 1755 antecedente,
1175 1717 1214 1746 ut
1239 1714 1341 1747 etiam
1367 1714 1468 1748 Vm.-

118 1790 197 1813 PIUS
226 1780 319 1814 vidit.
368 1781 496 1814 Missus
529 1784 603 1814 erat
633 1791 717 1824 puer
741 1781 774 1814 in
807 1782 907 1815 trivia
931 1780 976 1814 ad
1006 1781 1119 1814 omina
1147 1780 1332 1824 capienda,
1367 1780 1465 1823 isque

117 1847 279 1880 retulerat
305 1852 408 1881 certa.
457 1848 547 1881 Sunt
581 1849 692 1882 aliena
720 1851 835 1881 cetera
860 1848 992 1889 omnia,
1027 1857 1115 1890 quae
1140 1857 1160 1879 a
1184 1846 1262 1879 viris
1288 1845 1397 1879 doctis
1421 1846 1465 1879 ad

117 1909 205 1945 hunc
219 1912 331 1947 locum
346 1913 448 1945 allata
462 1916 550 1946 sunt.
565 1931 611 1936 —
636 1913 676 1948 V.
695 1915 748 1946 13.
776 1913 949 1946 Cuncta
973 1911 1140 1945 dabant
1164 1911 1350 1946 reditus.
1385 1911 1467 1945 Noli

117 1983 247 2009 cuncta
272 1977 316 2011 ad
342 1977 536 2022 proximum
562 1983 697 2013 tantum
721 1978 889 2014 distichon
914 1978 1065 2021 referre,
1099 1978 1161 2012 sed
1187 1979 1289 2012 etiam
1315 1979 1467 2022 priorum

116 2042 298 2077 recordare
323 2044 524 2079 verborum:
563 2043 696 2078 dicitnr
720 2057 836 2078 omnes
870 2043 1088 2078 consuluisse
1121 2043 1212 2078 ἀεοε.
1260 2044 1371 2077 Porro
1400 2042 1469 2075 (Ια-

118 2107 205 2142 bant
230 2109 367 2143 reditus
393 2115 466 2145 est:
505 2111 731 2156 spondebant.
780 2112 926 2146 Pluralis
950 2111 1086 2145 reditas
1109 2122 1213 2156 saepe
1238 2115 1422 2156 usurpatus
1447 2121 1468 2144 a

117 2174 232 2218 poetis
257 2180 400 2210 notante
425 2177 527 2211 etiam
552 2177 836 2221 Bnoucmwsm,
874 2189 915 2212 ac
939 2188 1029 2212 nunc
1061 2178 1220 2221 quidem,
1256 2178 1358 2211 toties
1382 2188 1469 2211 nun-

117 2241 202 2274 tiato
227 2241 344 2275 reditu
373 2241 416 2275 ab
442 2243 533 2276 omni
558 2247 675 2287 parte,
706 2243 750 2276 ob
777 2242 842 2277 hoc
866 2244 977 2288 ipsum
1001 2243 1128 2287 placuit
1152 2243 1304 2277 Tibullo.
1325 2261 1373 2268 —
1399 2243 1470 2276 de-

117 2309 301 2342 territa.
349 2308 429 2343 Non
455 2319 592 2353 semper
615 2311 727 2344 inesse
751 2312 785 2344 in
810 2309 874 2344 hoc
905 2310 1010 2344 verbo
1044 2309 1327 2352 significationem
1354 2313 1469 2342 terro-

116 2375 163 2409 ris
187 2378 222 2408 et
246 2375 424 2419 minarum,
454 2375 516 2409 sed
540 2376 620 2420 poni
644 2376 679 2409 id
705 2377 808 2410 etiam
833 2386 885 2420 pr.
910 2374 1096 2417 dehortari,
1123 2374 1332 2417 dissuadere,
1357 2375 1466 2408 ratio-

115 2440 215 2474 nibus
247 2440 419 2474 adducere
451 2445 490 2474 ut
521 2439 587 2475 hoc
619 2441 703 2475 illud
738 2452 781 2476 ne
814 2441 940 2484 facias,
974 2451 1078 2485 saepe
1112 2444 1165 2474 est
1195 2442 1380 2483 monitum3
1421 2441 1467 2476 cs.

118 2506 353 2543 Bnoncxims.
379 2509 421 2543 ad
448 2508 529 2545 h.1.
566 2514 602 2544 et
635 2511 859 2545 Huscmmm
892 2521 934 2546 ac
968 2510 1306 2544 Wunnssnmcuwm.
1367 2510 1467 2544 Adde

117 2572 269 2607 Rmmx.
293 2573 335 2608 ad
359 2574 503 2610 Terent.
527 2576 658 2611 Heaut.
681 2576 708 2618 Ι,
734 2578 767 2618 1,
791 2579 850 2610 27.
877 2576 911 2610 in
935 2575 1085 2609 Dictatis
1109 2585 1128 2608 a
1154 2574 1328 2619 Schopen.
1352 2575 1464 2609 editis.

118 2639 183 2675 Est
208 2645 319 2677 tamen
346 2643 460 2687 paullo
489 2644 627 2687 gravius
656 2643 817 2687 verbum,
851 2642 1138 2688 quemadmodum
1165 2641 1218 2677 hic
1243 2642 1286 2677 ad
1311 2643 1465 2677 multitu-

1062 2713 1085 2747 5
