1721 2953
288 167 368 205 386
599 158 971 202 COMMENTAR.
1001 160 1060 201 IN
1091 159 1320 200 TIBULLI

290 283 399 320 amat,
436 280 532 311 erant
564 280 678 310 autem
711 276 768 309 illa
800 276 934 310 nomina
971 279 1001 310 in
1038 276 1211 310 rhetorum
1248 277 1371 312 scholis
1398 279 1629 313 celeberrima.

288 346 357 380 Sed
383 344 532 378 adulatio
558 344 660 376 nimia
694 342 873 377 manifesto
897 344 1162 388 deprehenditur
1187 355 1265 378 mox
1298 346 1330 378 in
1357 346 1432 379 loco
1458 346 1500 380 de
1529 347 1632 380 silen-

290 415 337 446 tio
363 421 473 444 rernm
504 414 668 452 naturae,
693 422 760 454 quo
785 411 839 446 die
864 413 1097 455 magistratum
1125 413 1236 445 inierit
1262 412 1429 454 Messala,
1457 413 1514 455 qui
1539 413 1630 446 eius-

287 479 376 512 modi
403 482 453 511 est
480 482 517 511 ut
542 478 711 522 Principi,
738 477 831 510 orbis
855 482 1020 511 terrarum
1049 479 1264 521 imperatori,
1289 477 1494 512 celebrando
1520 478 1632 521 aptior

285 548 328 579 sit
353 555 452 588 quam
479 545 536 578 alii
569 544 644 578 (luci
677 544 758 578 licet
792 545 954 587 egregio,
988 548 1091 587 atque
1125 545 1227 577 etiam
1261 544 1295 577 in
1328 543 1496 586 Principis
1529 542 1629 576 laude

285 613 365 645 talia
391 612 577 645 adulatoria
604 611 706 645 dicas.
755 611 843 644 Illud
868 612 915 645 ibi
941 612 1015 644 aliis
1040 622 1176 654 quoque
1200 611 1383 654 displicuit,
1403 610 1494 652 quod
1518 611 1628 653 ipsum

284 679 397 713 Iovem
426 679 600 722 Optimum
627 678 816 711 Maximum
849 677 892 711 ad
927 676 1010 710 haec
1044 687 1143 710 sacra
1176 686 1220 709 ex
1247 677 1395 719 Olympo
1422 674 1629 708 descendere

284 747 366 779 facit
397 750 513 779 contra
548 756 656 779 usum.
708 745 896 778 Considera
921 755 1010 778 nunc
1039 754 1141 788 porro
1173 753 1304 777 mecum
1340 742 1538 785 sequentia,
1571 741 1629 774 ubi

283 813 324 847 de
351 814 462 846 futura
487 814 622 846 militari
648 814 756 854 gloria
781 813 952 847 Messalae
977 813 1090 854 agitur
1115 822 1145 844 v.
1170 813 1237 844 137
1261 820 1334 852 sqq.
1383 808 1510 841 lterum
1537 807 1625 840 enim

282 879 430 921 loquitur
454 880 504 912 sic
533 879 575 912 de
602 878 664 912 hoc
692 880 763 912 viro
800 883 919 922 poeta,
957 882 995 911 ut
1030 878 1115 910 alius
1144 877 1187 910 de
1214 877 1361 909 Caesare
1386 879 1445 908 aut
1472 875 1627 916 Augusto

283 945 374 988 loqui
400 946 588 991 potuisset,
623 947 677 980 cui
712 947 816 980 totius
851 947 983 990 imperii
1017 946 1137 987 copiae
1171 945 1347 988 parebant.
1405 942 1479 975 Nec
1511 942 1626 975 Gallia

280 1023 344 1045 nec
379 1011 560 1055 Hispania,
601 1013 666 1054 ait,
703 1023 766 1046 nec
802 1012 916 1046 Africa
942 996 976 1045 et
1002 1015 1180 1055 Aegyptus
1211 1014 1246 1044 et
1272 1011 1351 1043 Asia
1383 1009 1426 1043 ad
1452 1010 1627 1043 Oceanum

280 1088 389 1120 usque
424 1079 561 1111 resistet
596 1078 787 1120 Messalae,
825 1079 921 1120 quasi
963 1078 1170 1110 Octavianus
1209 1077 1383 1118 ceterique
1419 1076 1491 1108 eius
1525 1075 1628 1108 duces

279 1145 372 1178 nullo
399 1155 539 1178 numero
565 1146 652 1186 sint,
686 1143 747 1177 sed
773 1153 860 1177 unus
887 1143 999 1176 omnia
1025 1145 1184 1185 gesturus
1208 1141 1252 1174 sit
1285 1141 1434 1174 Messala
1467 1141 1628 1183 solusque

280 1213 468 1246 domiturus
503 1213 629 1246 orbem.
689 1213 739 1245 Ac
764 1221 806 1244 ne
837 1210 887 1244 his
913 1211 1048 1253 quidem
1079 1213 1257 1243 contentus
1292 1219 1394 1252 porro
1419 1218 1541 1241 zonam
1566 1218 1628 1240 au-

277 1279 415 1312 stralem
454 1279 548 1311 addit
590 1278 823 1322 praedicitque
862 1276 1032 1310 Messalae
1075 1277 1175 1309 etiam
1214 1274 1312 1308 huius
1349 1274 1622 1313 debellationem,

279 1347 380 1388 quale
411 1350 638 1379 commentum
665 1346 740 1387 quis
767 1346 853 1378 alius
879 1344 1101 1389 proposuerit
1126 1343 1188 1376 nisi
1223 1343 1350 1386 pariter
1383 1342 1518 1384 ineptus
1551 1341 1624 1374 lau-

278 1410 405 1444 dator?
454 1411 522 1443 Hic
556 1414 669 1443 autem
704 1414 740 1442 ut
766 1411 867 1451 longe
895 1409 1031 1442 excedit
1057 1408 1192 1441 modum
1219 1409 1251 1440 in
1278 1407 1384 1439 laudis
1411 1406 1623 1446 tractatione,

280 1475 326 1507 ita
356 1475 457 1508 etiam
484 1475 540 1507 ubi
568 1476 598 1507 in
625 1475 720 1507 exitu
749 1474 904 1508 carminis
930 1473 1063 1516 penitus
1089 1472 1260 1506 addictum
1288 1473 1456 1505 Messalae
1481 1483 1517 1505 se
1544 1483 1623 1515 pro—

277 1543 410 1583 fitetur,
436 1541 577 1574 ridicula
604 1540 797 1574 adulatione
823 1543 957 1583 peccat,
1007 1539 1095 1572 Nam
1121 1549 1153 1572 v.
1176 1541 1242 1571 193
1268 1549 1340 1580 sqq.
1367 1538 1466 1571 dicit:
1494 1539 1563 1570 Pro
1590 1545 1624 1569 le

277 1607 334 1640 vel
352 1607 497 1652 rapidas
523 1606 639 1640 ausim
664 1605 772 1639 maris
795 1605 845 1638 ire
869 1617 930 1649 per
957 1604 1080 1640 undas,
1106 1603 1280 1637 Adversis
1301 1602 1445 1635 hiberna
1465 1602 1547 1634 licet
1567 1608 1624 1634 tn-

277 1681 396 1708 mecmt
414 1675 521 1721 freta
549 1673 671 1710 ventis,
696 1675 768 1705 Pro
796 1678 830 1704 te
855 1671 909 1704 rel
934 1670 1049 1703 densis
1073 1669 1168 1702 solus
1195 1669 1383 1702 subsistere
1409 1669 1535 1701 tarmis
1565 1669 1629 1703 Vel

274 1751 426 1785 parvum
456 1741 635 1773 Aetnaeae
664 1751 789 1784 corpus
817 1737 1028 1771 committere
1044 1737 1206 1781 stamma,
1233 1739 1268 1770 et
1291 1737 1325 1769 in
1350 1737 1427 1778 fine,
1453 1747 1519 1769 non
1544 1738 1627 1770 satis

278 1806 402 1840 habens
437 1807 502 1839 iam
537 1809 615 1839 ante
649 1816 712 1850 per
745 1809 852 1839 totam
885 1803 969 1838 hanc
1002 1804 1104 1837 vitam
1130 1814 1168 1837 se
1201 1813 1418 1836 consecrasse
1444 1803 1624 1845 Messalae,

277 1878 311 1907 et
347 1875 467 1907 iterum
503 1875 693 1917 iterumque
727 1873 922 1917 promisisse
959 1871 1094 1905 laudem
1127 1873 1162 1904 et
1194 1870 1344 1904 carmina
1379 1880 1459 1912 sua,
1504 1880 1534 1903 v.
1563 1871 1618 1902 17.

274 1941 320 1972 24
348 1950 432 1982 sqq„
461 1942 541 1972 191.
571 1942 653 1973 203.
688 1938 730 1971 ad
761 1937 956 1979 fastidium,
994 1936 1141 1979 denique
1173 1946 1216 1969 eo
1250 1946 1359 1978 usque
1392 1934 1547 1979 procedit
1572 1939 1619 1975 ut,

278 2007 378 2039 ctiam
412 2007 466 2039 ubi
502 2010 579 2050 post
602 2010 744 2039 mortem
773 2015 815 2037 ex
843 2004 1047 2047 migratione
1073 2004 1184 2037 anima
1207 2003 1241 2036 in
1267 2001 1445 2036 humanam
1470 2005 1622 2035 naturam

277 2073 434 2113 redierit,
473 2074 669 2106 continuare
705 2074 786 2105 velit
822 2073 974 2116 inceptas
1011 2070 1137 2104 laudes.
1189 2070 1254 2102 Cui
1289 2079 1418 2112 quaeso
1452 2067 1508 2101 alii
1543 2067 1623 2099 talia

276 2144 440 2172 venerunt
460 2140 500 2172 rin
528 2139 701 2172 mentem?
752 2140 864 2181 Atque
893 2138 977 2172 haec
1002 2137 1140 2180 quidem
1167 2136 1209 2169 de
1234 2135 1439 2168 adulatione.
1463 2150 1507 2156 —
1532 2133 1622 2166 Ter—

276 2207 325 2240 tio
362 2207 437 2239 loco
477 2207 542 2239 alia
581 2206 771 2247 colligimus
809 2204 1076 2250 reprehensione
1113 2203 1227 2246 digna.
1287 2201 1382 2234 Talis
1418 2202 1470 2233 est
1507 2196 1623 2230 malus

273 2283 360 2305 usus
387 2271 587 2309 doctrinae,
620 2276 657 2306 ut
691 2272 779 2315 quod
807 2284 836 2306 v.
863 2276 884 2306 9
911 2283 983 2315 sqq.
1020 2271 1104 2304 deos
1141 2278 1245 2313 parva
1278 2277 1418 2300 munera
1451 2273 1615 2308 respuere

276 2339 378 2380 longe
398 2337 512 2380 petitis
538 2338 703 2381 exemplis
729 2337 968 2380 mythologicis
997 2335 1139 2379 probat,
1167 2333 1258 2376 quod
1284 2343 1337 2366 vv.
1359 2334 1415 2365 79.
1440 2333 1498 2364 80.
1524 2330 1617 2362 litem

275 2403 452 2437 doctorum
479 2403 587 2445 tangit
615 2402 656 2436 de
682 2404 852 2436 erroribus
876 2403 1029 2444 ulyssis,
1059 2404 1172 2433 utrum
1200 2399 1232 2431 in
1258 2398 1341 2431 mari
1368 2395 1617 2430 mediterraneo

276 2480 318 2502 an
353 2470 384 2501 in
422 2469 559 2501 Oceano
595 2469 764 2501 Atlantico
801 2468 944 2509 suerint,
985 2465 1076 2509 quod
1103 2476 1133 2499 v.
1162 2467 1240 2497 199.
1267 2463 1452 2505 Gylippum
1477 2460 1620 2503 Sparta-

276 2543 354 2566 num
381 2538 624 2566 commemorat
655 2534 711 2566 uhi
746 2543 811 2566 non
847 2534 1051 2576 exspectes,
1089 2530 1234 2572 denique
1270 2526 1360 2570 quod
1392 2525 1619 2568 digressiones

276 2599 360 2632 duas
392 2599 563 2641 longiores
595 2598 736 2631 adscivit
771 2601 908 2630 ornatus
945 2596 1035 2629 inani
1067 2595 1191 2629 studio.
1241 2592 1328 2625 Nam
1353 2591 1410 2624 ubi
1438 2590 1618 2623 Messalam

277 2667 377 2699 etiam
402 2665 434 2699 in
460 2666 566 2698 altero
591 2665 672 2698 orhe
700 2665 868 2698 celebrem
896 2663 976 2697 dicit
1001 2662 1170 2701 futurum,
1196 2659 1273 2693 dala
1299 2667 1401 2700 opera
1430 2660 1538 2688 totum
1566 2655 1616 2686 lo-
