1721 2953
288 157 339 190 22
605 149 972 191 (OMMENTAR.
1003 151 1061 191 IN
1093 151 1319 191 TIBULLI

293 276 416 309 locatio
443 274 561 306 eadem
588 275 749 314 usurpata
769 272 923 315 Graecis,
948 273 991 306 cf.
1014 273 1123 306 in.
1151 274 1206 306 Ol.
1225 273 1284 314 VI,
1299 275 1356 308 42.
1383 273 1482 316 Pyth.
1500 275 1561 315 Xl,
1576 277 1633 308 64.

292 342 412 385 Neque
445 351 527 374 vero
561 339 664 373 verba
698 340 807 373 solum
842 340 888 373 ita
922 340 1151 382 collocantur,
1186 344 1225 373 ut
1257 341 1424 373 Zummvm
1460 342 1565 373 visum
1602 341 1633 373 in

289 405 530 447 Grammatica,
555 404 615 438 sed
641 405 740 438 etiam
765 404 976 440 substantiva
999 405 1132 438 duobus
1157 406 1317 439 membris
1342 408 1542 448 communia,
1567 407 1633 439 vid.

291 472 376 505 infra
407 471 449 504 ad
475 471 502 513 Ι,
527 473 561 513 2,
587 474 653 512 423
697 482 799 516 porro
833 472 1019 515 adiectiva,
1057 477 1093 506 ut
1126 472 1269 508 Holwr.
1295 473 1340 514 11,
1366 476 1421 515 19,
1450 476 1515 506 28:
1546 472 1636 504 idem

287 537 387 581 pacis
411 548 491 570 eras
517 536 718 583 mediusque
742 536 835 574 belli,
856 542 958 581 atque
983 539 1084 572 etiam
1112 539 1310 582 particulae,
1333 543 1370 571 ut
1393 538 1536 572 Honff.
1561 539 1634 571 Sat.

290 603 317 644 I,
342 604 375 644 4,
395 605 457 636 17:
486 602 599 647 inopis
625 614 675 634 me
701 602 862 649 quodque
883 602 1011 647 pusilli
1027 603 1219 647 finxerunt
1247 603 1366 637 animi.
1415 603 1506 639 Quid
1532 603 1637 645 igitur

289 680 413 703 causae
449 673 522 709 est,
560 669 674 711 dices,
711 670 739 703 si
773 670 857 703 alias
890 671 977 704 aliae
1011 675 1124 714 partes
1159 670 1320 703 orationis
1346 671 1392 702 ita
1417 670 1636 710 collocantur,

290 735 381 777 quod
404 734 564 778 displicet
588 735 689 768 lectio
709 746 728 768 a
751 735 984 769 Licnmfflwo
1004 746 1023 769 e
1048 735 1222 769 codicibus
1247 735 1442 768 melioribus
1463 735 1635 768 restituta:

290 802 319 832 0
345 806 519 845 quantum
554 806 609 833 est
643 799 726 833 auri
755 806 881 845 pereat
912 799 1104 846 potiusque
1136 798 1350 845 smaragdi?
1398 801 1565 834 NImirum
1590 802 1636 834 ita

290 870 419 900 tantum
444 866 524 900 ferri
549 871 660 910 potest
687 866 769 900 llaec
792 868 984 909 collocatio,
1011 869 1040 901 si
1064 878 1182 900 manca
1207 871 1241 900 et
1263 866 1461 910 imperfecta
1484 871 1536 899 est
1555 877 1638 900 con-

290 933 434 966 structio
460 934 581 976 prioris
603 933 759 974 membri,
782 937 820 965 ut
844 933 923 965 dum
948 932 981 965 id
1009 933 1113 975 legas,
1139 933 1265 966 sentias
1291 932 1410 965 deesse
1433 941 1551 964 vocem
1575 931 1639 964 ali-

291 1008 412 1040 quam,
441 1009 541 1041 quam
565 998 688 1032 deinde
718 999 840 1032 offerat
867 1000 1068 1043 principium
1095 1000 1267 1042 sequentis
1291 998 1443 1032 membri.
1493 999 1552 1031 Sic
1578 997 1638 1030 ha-

293 1063 351 1097 bet
375 1075 431 1097 res
454 1066 487 1097 in
514 1066 678 1109 exemplis
701 1065 813 1098 allatis
835 1065 1001 1098 omnibus.
1051 1066 1150 1099 Nunc
1171 1069 1283 1098 autem
1306 1066 1333 1098 si
1358 1064 1454 1097 dico:
1481 1076 1500 1096 o
1525 1075 1638 1108 quan-

292 1136 369 1162 tum
394 1136 448 1163 est
473 1130 557 1163 auri
577 1136 720 1174 pereat,
754 1141 818 1164 nec
843 1131 1050 1164 constructio
1077 1141 1139 1163 nec
1165 1140 1284 1163 sensus
1306 1129 1544 1173 imperfectus,
1577 1128 1638 1163 de-

292 1195 521 1239 siderabitque
554 1206 653 1229 nemo
687 1196 786 1228 aliam
820 1200 997 1239 praeterea
1031 1206 1147 1228 vocem
1183 1196 1293 1238 qualis
1313 1195 1454 1240 potius,
1491 1195 1550 1228 sed
1577 1195 1640 1229 hoc

292 1261 486 1294 adverbium
512 1261 554 1294 ad
583 1262 767 1295 secundum
795 1263 904 1295 solum
930 1262 1115 1295 membrum
1140 1262 1274 1305 trahet,
1311 1263 1399 1305 quod
1426 1269 1536 1296 tamen
1567 1264 1640 1296 fieri

292 1338 358 1360 non
382 1327 497 1361 debet.
547 1329 607 1362 Sic
625 1332 768 1371 apparet
789 1328 913 1373 potius
934 1335 1128 1374 pereatque
1152 1328 1367 1362 scribendum
1392 1340 1478 1363 esse.
1529 1331 1641 1371 Atque

292 1391 376 1425 llaec
413 1393 586 1429 hactenus.
637 1395 826 1437 Pergamus
861 1395 904 1428 ad
938 1397 1015 1428 alia.
1063 1396 1128 1428 Est
1163 1397 1252 1429 enim
1293 1396 1336 1429 de
1372 1397 1541 1429 sententia
1575 1398 1640 1429 loci

291 1463 470 1502 praeterea
495 1460 703 1502 notandum,
742 1461 833 1503 quod
870 1462 956 1494 bene
988 1462 1071 1494 vidit
1096 1463 1268 1503 Vossms,
1302 1462 1376 1494 auri
1401 1462 1639 1504 smaragdique

291 1526 463 1559 mentione
489 1527 610 1559 iterum
645 1528 735 1560 illam
769 1529 932 1562 adversus
957 1529 1093 1562 Antonii
1130 1529 1313 1562 orientales
1346 1529 1463 1571 copias
1497 1528 1640 1572 expedi-

291 1591 418 1626 tionem
452 1593 660 1635 signifieari,
706 1593 796 1637 apud
833 1604 918 1636 quos
957 1605 1095 1635 aurum,
1139 1604 1309 1636 gemmas,
1355 1593 1554 1636 smaragdos
1586 1594 1640 1626 in-

293 1661 429 1691 ventum
463 1658 504 1690 iri
538 1658 749 1701 sperabatur.
805 1658 893 1690 Nam
930 1659 1077 1690 Antonio
1111 1662 1226 1691 narrat
1261 1659 1328 1691 Dm
1357 1659 1505 1691 Csssms
1539 1659 1581 1699 L,
1607 1661 1639 1692 6.

291 1733 409 1756 omnes
433 1723 505 1756 fere
531 1734 631 1766 reges
656 1724 860 1765 orientales,
886 1723 1044 1756 Romano
1070 1724 1214 1768 imperio
1238 1723 1385 1766 vicinos,
1420 1724 1557 1757 affuisse
1583 1734 1639 1756 so-

291 1788 383 1830 cios,
410 1793 444 1821 et
469 1793 593 1832 poetae
619 1788 661 1822 de
688 1788 780 1822 Indis
813 1789 899 1822 adeo
926 1789 1109 1831 loquuntur
1135 1790 1177 1822 ab
1203 1790 1391 1823 Octaviano
1417 1790 1577 1831 devictis,
1603 1793 1641 1823 ut

292 1856 401 1890 Vmc.
429 1856 512 1888 Aen.
536 1855 628 1897 VIII,
644 1858 725 1889 685.
744 1859 824 1889 705.
851 1856 948 1889 Conf.
967 1857 1068 1890 Voss.
1086 1856 1127 1889 ad
1154 1857 1248 1898 Virg.
1275 1857 1405 1899 Georg.
1433 1868 1465 1899 p.
1482 1859 1551 1888 339
1567 1867 1640 1898 sqq.

293 1923 383 1966 apud
409 1922 511 1955 Indos
536 1932 616 1954 vero
644 1932 774 1963 aurum,
801 1933 968 1964 gemmae,
995 1923 1211 1965 margaritae,
1236 1922 1417 1965 smaragdi,
1443 1922 1487 1955 cf.
1513 1922 1640 1954 Tibull.

294 1989 339 2030 ΙΙ,
363 1991 396 2029 2,
424 1991 478 2022 15.
505 1989 564 2029 lv,
591 1991 625 2029 2,
652 1991 708 2022 19.
736 1989 857 2022 Lmn.
883 1989 945 2031 Ill,
970 1992 1003 2031 3,
1029 1993 1083 2023 17.
1110 1990 1297 2024 Pnoprfflvr.
1316 1989 1342 2031 I,
1368 1992 1402 2027 8,
1422 1992 1480 2022 39.
1507 1991 1561 2029 14,
1586 1992 1639 2022 12.

294 2055 356 2097 111,
381 2057 413 2096 4,
440 2057 473 2088 2.
520 2055 629 2088 Ovm.
656 2055 741 2088 Met.
767 2056 811 2096 ll,
837 2058 892 2088 24.
938 2056 1053 2089 CUR'r.
1080 2056 1210 2089 Histor.
1236 2056 1313 2096 VII,
1337 2058 1371 2096 9,
1398 2057 1454 2088 19.
1503 2056 1640 2088 SnNssc.

294 2119 437 2161 Thyest.
461 2122 542 2154 371.
570 2120 776 2168 CnfflmAN.
804 2121 845 2154 de
861 2122 921 2155 IV·
946 2122 1074 2155 consul.
1103 2122 1233 2155 Honor.
1261 2132 1290 2154 v.
1308 2123 1389 2154 563.
1440 2121 1539 2156 Quae
1563 2131 1639 2153 cum

294 2187 342 2219 ita
367 2186 453 2227 sint,
488 2186 649 2219 discimus
676 2197 718 2220 ex
745 2185 808 2220 hoc
835 2188 910 2220 loco
936 2192 1069 2231 tempus
1094 2188 1237 2230 elegiae.
1298 2187 1343 2220 At
1377 2186 1487 2227 enim,
1525 2185 1639 2218 dicent

293 2253 467 2294 nonnulli,
508 2253 583 2295 quis
619 2253 668 2286 sic
706 2258 828 2296 urgeat
866 2255 969 2287 verba
1012 2254 1159 2295 Tibulli3
1207 2263 1326 2286 aurum
1368 2256 1404 2286 et
1441 2249 1639 2292 smaragdos

292 2317 428 2350 omnino
454 2327 503 2360 pr.
530 2317 657 2360 praeda
682 2317 787 2360 dixit,
814 2329 876 2352 nec
904 2320 1088 2361 loquuntur
1113 2323 1271 2352 accurate
1298 2322 1442 2361 poetae,
1465 2316 1526 2349 sed
1549 2319 1638 2349 stre-

293 2382 400 2426 pitum
425 2382 605 2415 verborum
629 2386 752 2416 amant.
803 2383 970 2416 Nimirum
998 2382 1050 2416 hic
1076 2387 1128 2416 est
1152 2383 1216 2416 iste
1244 2383 1408 2426 pessimus
1431 2391 1546 2421 error,
1581 2381 1638 2422 qui

292 2451 328 2481 et
353 2447 434 2480 olim
461 2447 642 2489 plurimum
667 2448 784 2481 nocuit
808 2452 987 2491 poetarum
1014 2448 1231 2490 explicationi
1257 2451 1291 2480 et
1317 2447 1499 2479 etiamnum
1526 2449 1635 2478 nocet.

292 2511 407 2545 Etiam
439 2516 561 2554 poetae
591 2513 849 2547 accommodant
874 2514 977 2547 verba
1003 2513 1237 2557 praesentibus
1269 2512 1370 2545 rebus
1403 2515 1437 2544 et
1462 2512 1560 2554 plane
1586 2512 1636 2543 in—

291 2579 371 2620 epte
395 2577 572 2618 Tibullus,
608 2579 635 2610 si
662 2589 690 2610 v.
719 2589 747 2612 c.
784 2583 901 2611 contra
927 2579 1044 2611 Gallos
1081 2582 1139 2610 aut
1169 2578 1358 2609 Germanos
1394 2575 1482 2608 istud
1512 2575 1636 2607 bellum

291 2647 444 2686 paratum
470 2649 571 2684 essct,
597 2644 795 2685 smaragdos
822 2648 1052 2678 memorasset.
1103 2643 1265 2676 Ceterum
1288 2641 1362 2674 vide
1387 2639 1428 2673 de
1450 2639 1637 2682 smaragdis
