1721 2953
278 173 358 210 462
593 167 962 213 COMMENTAR.
991 172 1052 214 IN
1082 173 1312 216 TIBULLI

275 283 418 317 Homeri
449 283 660 318 notissimum
692 284 805 318 locum
838 288 872 318 et
895 286 980 319 alios
1014 285 1219 323 laudantem.
1276 289 1405 324 Tibulli
1430 291 1533 326 verba
1557 292 1621 326 im-

275 351 393 394 primis
419 351 533 393 gravia
566 356 654 384 sunt.
704 352 755 386 Ac
787 353 1022 388 recordaberis
1055 365 1143 397 quae
1175 366 1278 400 supra
1309 357 1343 391 in
1373 358 1620 393 Dissertatione

274 418 316 451 de
339 419 441 451 Poesi
461 418 588 452 Tibulli
615 430 689 463 cap.
709 419 735 452 I.
762 419 805 453 de
831 423 1004 464 praeclaro
1031 421 1094 456 hoc
1120 423 1196 456 loco
1222 423 1304 457 dixi.
1355 424 1406 457 De
1427 424 1618 469 anaphorae

274 487 306 519 vi
332 485 456 519 ibidem
481 497 556 530 cap.
581 486 643 521 III.
670 487 809 522 dictum.
832 507 879 513 -
903 490 946 524 V.
975 492 1017 524 14
1045 501 1118 533 sqq.
1145 489 1432 534 deficietque
1458 492 1619 532 Venus,

274 552 500 595 delicientque
525 558 615 586 artes
641 554 805 596 Veneris,
842 565 929 598 quae
956 566 1010 589 me
1035 566 1054 588 a
1081 560 1114 589 te
1145 556 1188 589 ad
1212 557 1310 589 aliam
1337 558 1481 601 puellam
1507 557 1618 590 abdu-

272 631 351 653 cere
376 621 579 654 studuerint.
600 640 648 647 —
682 622 869 657 Iunonis
895 628 1018 666 tuae,
1045 623 1087 658 cf.
1114 624 1229 668 paullo
1254 627 1332 657 ante
1357 635 1460 657 carm.
1486 624 1545 657 VI.
1573 643 1618 650 --

271 686 493 720 Lectionem:
535 687 656 721 Haec
682 688 768 722 tibi
803 693 961 722 sancta
989 708 1034 713 —
1060 690 1236 724 numina
1261 690 1361 723 iuro
1387 700 1436 734 pr.
1466 701 1528 734 per
1552 701 1619 723 nu-

269 754 380 796 mina,
414 753 565 786 defendit
592 758 626 787 et
652 754 797 788 illustrat
824 755 1129 797 Bnoncxnnsms,
1166 766 1267 799 quem
1292 757 1446 799 sequitur
1473 756 1619 789 Huscn-

268 829 363 853 Kms.
412 820 472 853 Sic
497 820 607 854 V1RG.
634 820 718 854 Aen.
744 821 823 863 XII,
853 825 939 855 197:
980 823 1082 853 Haec
1116 821 1254 858 eadem,
1293 822 1436 858 Aenea,
1473 827 1618 860 terram,

267 898 384 924 mare,
418 886 536 920 sidera
559 887 638 920 iuro
662 899 734 930 sqq.
770 889 827 922 ubi
853 889 896 924 cf.
923 890 1113 923 Sunvrmu:
1153 895 1189 921 et
1225 889 1385 922 ornatior
1416 888 1547 922 locutio
1578 894 1615 921 et

267 951 388 986 crebra
419 952 519 997 opud
541 953 707 991 maiores,
743 966 850 999 quam
882 954 914 987 .ςὶ
947 955 1033 988 velis
1067 954 1195 987 addere
1224 955 1539 1000 praepositionem,
1574 961 1617 987 ut

267 1019 387 1052 dicas:
421 1019 500 1052 iuro
532 1031 594 1063 per
630 1020 762 1056 maria,
798 1031 863 1064 per
897 1025 1023 1055 terras.
1083 1021 1172 1054 Vide
1207 1021 1309 1054 etiam
1334 1022 1420 1054 Aen.
1446 1021 1506 1061 VI,
1530 1023 1612 1054 324.

264 1087 348 1120 351.
374 1086 482 1120 Ovm.
498 1086 585 1120 Met.
603 1085 646 1128 ΙΙ,
665 1088 743 1120 101.
771 1086 964 1119 DRAKENB·
986 1086 1028 1118 ad
1053 1086 1114 1118 Sil.
1135 1086 1177 1119 It.
1204 1086 1296 1127 VIII,
1321 1089 1400 1119 105.
1417 1104 1465 1110 —
1488 1086 1613 1121 Quae

264 1151 363 1184 sola
397 1155 502 1185 ante
536 1151 654 1184 alios
687 1155 753 1184 etc.
803 1150 958 1183 Natalem
992 1150 1156 1184 Iunonem
1191 1153 1325 1195 puellae
1358 1162 1440 1185 suae
1474 1151 1540 1185 sibi
1564 1152 1612 1185 ait

264 1219 414 1252 omnium
438 1219 579 1252 deorum
604 1228 679 1252 esse
700 1218 893 1252 maximam.

357 1286 401 1320 V.
435 1286 568 1319 17-ad
594 1287 705 1319 tinem.
765 1285 946 1331 Exitus.
1014 1285 1094 1318 Vel
1138 1284 1246 1319 dura
1289 1285 1332 1318 in
1381 1286 1610 1319 servitute

261 1351 521 1396 profitetur
557 1362 603 1386 se
639 1353 760 1386 velle
797 1352 1063 1396 perdurare.

355 1419 399 1452 V.
427 1421 470 1452 17
495 1429 570 1461 sqq.
605 1429 698 1452 mea
723 1420 917 1462 pignora
944 1419 1074 1460 cedo,
1109 1418 1273 1460 siquidem
1297 1419 1431 1461 puellae
1456 1419 1611 1451 timorem

259 1488 450 1521 iuramento
474 1486 606 1527 adimo,
633 1486 689 1528 qui
716 1487 808 1518 solus
833 1495 907 1517 eam
932 1489 1068 1528 poterat
1093 1485 1124 1517 in
1151 1485 1264 1517 officio
1289 1485 1473 1519 continere.
1524 1484 1610 1517 Erat

258 1555 361 1587 timor
398 1563 441 1586 ne
477 1553 586 1586 abiret
620 1551 801 1594 aliquando
836 1551 1016 1591 Tibullus,
1061 1550 1184 1593 pignus
1219 1550 1297 1582 fidei
1334 1554 1369 1583 et
1402 1551 1536 1582 amoris.
1560 1569 1607 1575 —-

258 1619 382 1653 Nunc
408 1624 453 1653 tu
479 1619 619 1652 fortis
646 1619 755 1658 eris,
783 1617 900 1658 ferox,
926 1617 1098 1660 superba,
1124 1617 1246 1649 timore
1272 1616 1419 1650 ademto.
1448 1634 1493 1641 -—
1519 1617 1608 1650 Iam

257 1686 419 1719 faciam
458 1684 757 1727 quodeunque¹
794 1684 933 1716 voles.
995 1682 1173 1715 Patienter
1207 1691 1244 1715 se
1283 1682 1419 1715 subiicit
1455 1684 1607 1716 necessi-

255 1754 328 1786 tati.
355 1771 402 1776 -
438 1756 595 1793 notae,
632 1752 728 1784 cuius
755 1751 893 1783 servitio
922 1750 1027 1783 semel
1061 1752 1216 1782 assuetus
1242 1759 1327 1783 sum.
1365 1748 1554 1784 Pnopmw.
1580 1749 1607 1790 Ι,

255 1820 288 1859 4,
317 1820 358 1851 4:
399 1823 542 1850 assueto
576 1816 693 1849 rivere
728 1816 884 1848 servilio.
914 1834 959 1839 —-
1001 1815 1043 1849 V.
1070 1817 1126 1848 23.
1162 1817 1219 1847 24.
1269 1815 1459 1858 Superbius
1492 1820 1605 1849 tamen

255 1883 390 1917 habitus
414 1883 603 1927 implorabo
628 1884 821 1923 Venerem,
857 1885 894 1914 ut
920 1882 1008 1914 servi
1034 1881 1121 1914 male
1149 1879 1252 1913 habiti
1279 1892 1298 1913 a
1324 1881 1466 1914 dominis
1493 1881 1606 1923 fugie-

254 1949 337 1982 bant
371 1949 414 1983 ad
450 1960 527 1982 aras
562 1949 713 1982 deorum.
764 1949 836 1981 Res
870 1952 960 1982 nota.
1011 1947 1143 1982 Eume.
1175 1949 1295 1991 Suppl.
1322 1951 1411 1981 267:
1451 1948 1514 1989 ἔχει
1539 1944 1605 1991 γσῖρ

254 2014 455 2061 καϊιιᾳυγήν
482 2013 552 2061 θ’ἡρ
578 2017 637 2054 μὲν
663 2017 808 2059 πέτραν,
835 2015 965 2052 Δοῦλος
991 2016 1029 2047 δὲ
1053 2011 1188 2056 βωμοῦς
1216 2017 1315 2049 θεῶν.
1348 2014 1428 2047 LIV.
1454 2014 1602 2055 XXVII,

253 2086 318 2116 17:
355 2082 420 2116 Ad
443 2082 523 2115 cleos
549 2094 684 2127 quoque
709 2082 899 2127 confitgere
925 2081 1110 2126 supplices,
1136 2081 1197 2127 qui
1222 2084 1398 2126 neqzleant
1423 2080 1601 2113 hominum

253 2148 324 2180 vim
348 2154 458 2193 atque
481 2146 633 2180 iniurias
656 2147 745 2191 poli.
796 2147 883 2181 vide
903 2149 1009 2181 multa
1029 2147 1119 2191 apud
1143 2148 1324 2181 Vunpmn.
1339 2165 1385 2171 —-
1409 2147 1563 2179 vinctu
1574 2156 1602 2187 s,

255 2227 331 2249 cum
357 2216 499 2249 vinculis
523 2216 608 2248 meis
636 2226 666 2248 s.
693 2216 841 2256 catenis,
879 2219 918 2248 ut
952 2225 1068 2248 servus
1103 2215 1224 2255 miser,
1264 2213 1325 2246 nisi
1355 2212 1446 2255 quod
1472 2213 1603 2246 vincula

253 2284 385 2327 tropice
410 2283 591 2324 intelliges,
620 2301 662 2307 —
701 2287 846 2324 notat,
883 2284 997 2325 punit,
1034 2286 1068 2315 et
1103 2281 1238 2324 quidem
1273 2281 1322 2312 sic
1353 2284 1391 2311 ut
1423 2282 1502 2311 nota
1539 2288 1602 2311 ex-

251 2350 351 2382 sistat
386 2350 418 2382 in
456 2359 611 2390 corpore.
661 2348 777 2381 Veluti
813 2347 972 2381 laudante
1007 2348 1148 2381 Vum‘lo
1184 2344 1347 2378 Horatius
1374 2343 1436 2384 111,
1460 2345 1519 2383 26,
1545 2344 1600 2374 11.

251 2414 421 2448 Venerem
449 2417 627 2457 precatur:
665 2412 805 2457 Regina
843 2411 984 2445 sublimi
1008 2410 1160 2456 flagello
1193 2416 1300 2453 tange
1338 2408 1465 2441 Chloen
1498 2406 1603 2440 semel

208 2513 210 2515 ,
254 2487 492 2525 arrogantem.
541 2481 668 2514 Levem
703 2485 817 2514 notam
850 2481 1042 2522 intelliges,
1080 2479 1140 2512 sed
1175 2482 1286 2511 tamen
1322 2480 1435 2509 notam
1460 2476 1492 2508 in
1522 2485 1600 2507 cor-

251 2558 335 2591 pore
361 2547 530 2589 formoso,
570 2557 636 2590 quo
663 2557 790 2590 genere
816 2556 945 2591 poenae
980 2545 1058 2581 nibil
1085 2545 1219 2578 videtur
1245 2544 1356 2587 aptius
1381 2541 1422 2575 ad
1450 2542 1597 2585 puellam

251 2612 456 2647 terrendam.

713 2693 1152 2713 --Q-m,
