<?xml version="1.0" encoding="UTF-8"?>
<!DOCTYPE html PUBLIC "-//W3C//DTD XHTML 1.0 Transitional//EN"
    "http://www.w3.org/TR/xhtml1/DTD/xhtml1-transitional.dtd">
<html xmlns="http://www.w3.org/1999/xhtml" xml:lang="en" lang="en">
 <head>
  <title>
</title>
<meta http-equiv="Content-Type" content="text/html;charset=utf-8" />
  <meta name='ocr-system' content='tesseract 3.04.00' />
  <meta name='ocr-capabilities' content='ocr_page ocr_carea ocr_par ocr_line ocrx_word'/>
</head>
<body>
  <div class='ocr_page' id='page_1' title='image "./carminaexrecensi00tibuuoft_0168.png"; bbox 0 0 1721 2953; ppageno 0'>
   <div class='ocr_carea' id='block_1_1' title="bbox 285 187 1089 230">
    <p class='ocr_par' dir='ltr' id='par_1_1' title="bbox 285 187 1089 230">
     <span class='ocr_line' id='line_1_1' title="bbox 285 187 1089 230; baseline 0.005 -5"><span class='ocrx_word' id='word_1_1' title='bbox 285 201 388 227; x_wconf 68' lang='lat' dir='ltr'>cmxii</span> <span class='ocrx_word' id='word_1_2' title='bbox 831 189 904 228; x_wconf 70' lang='lat' dir='ltr'>Dli</span> <span class='ocrx_word' id='word_1_3' title='bbox 937 187 1089 230; x_wconf 75' lang='lat' dir='ltr'>l&#39;OESl</span> 
     </span>
    </p>
   </div>
   <div class='ocr_carea' id='block_1_2' title="bbox 284 300 1640 2611">
    <p class='ocr_par' dir='ltr' id='par_1_2' title="bbox 284 300 1640 1489">
     <span class='ocr_line' id='line_1_2' title="bbox 372 300 1636 356; baseline -0.001 -16"><span class='ocrx_word' id='word_1_4' title='bbox 372 302 596 356; x_wconf 85' lang='lat' dir='ltr'>Postquam</span> <span class='ocrx_word' id='word_1_5' title='bbox 633 300 682 340; x_wconf 85' lang='lat' dir='ltr'>de</span> <span class='ocrx_word' id='word_1_6' title='bbox 713 302 929 342; x_wconf 82' lang='lat' dir='ltr'>schematiS</span> <span class='ocrx_word' id='word_1_7' title='bbox 960 302 1206 356; x_wconf 84' lang='lat' dir='ltr'>quibusdam</span> <span class='ocrx_word' id='word_1_8' title='bbox 1246 301 1457 355; x_wconf 86' lang='lat' dir='ltr'>patheticis</span> <span class='ocrx_word' id='word_1_9' title='bbox 1493 301 1636 354; x_wconf 86' lang='lat' dir='ltr'>impri-</span> 
     </span>
     <span class='ocr_line' id='line_1_3' title="bbox 287 376 1637 431; baseline 0 -17"><span class='ocrx_word' id='word_1_10' title='bbox 287 376 446 431; x_wconf 88' lang='lat' dir='ltr'>misque</span> <span class='ocrx_word' id='word_1_11' title='bbox 477 376 527 416; x_wconf 89' lang='lat' dir='ltr'>de</span> <span class='ocrx_word' id='word_1_12' title='bbox 557 377 814 430; x_wconf 68' lang='lat' dir='ltr'>repetitionis</span> <span class='ocrx_word' id='word_1_13' title='bbox 844 376 983 428; x_wconf 83' lang='lat' dir='ltr'>figuris</span> <span class='ocrx_word' id='word_1_14' title='bbox 1014 378 1284 430; x_wconf 84' lang='lat' dir='ltr'>explicuimus</span> <span class='ocrx_word' id='word_1_15' title='bbox 1312 379 1351 417; x_wconf 90' lang='lat' dir='ltr'>in</span> <span class='ocrx_word' id='word_1_16' title='bbox 1379 378 1518 428; x_wconf 78' lang='lat' dir='ltr'>vigore</span> <span class='ocrx_word' id='word_1_17' title='bbox 1544 390 1637 415; x_wconf 87' lang='lat' dir='ltr'>ora·</span> 
     </span>
     <span class='ocr_line' id='line_1_4' title="bbox 287 451 1637 503; baseline -0.001 -13"><span class='ocrx_word' id='word_1_18' title='bbox 287 451 410 491; x_wconf 85' lang='lat' dir='ltr'>tionis</span> <span class='ocrx_word' id='word_1_19' title='bbox 446 452 634 503; x_wconf 83' lang='lat' dir='ltr'>augendo</span> <span class='ocrx_word' id='word_1_20' title='bbox 671 452 775 492; x_wconf 83' lang='lat' dir='ltr'>tanti</span> <span class='ocrx_word' id='word_1_21' title='bbox 807 453 1026 502; x_wconf 75' lang='lat' dir='ltr'>momenti,</span> <span class='ocrx_word' id='word_1_22' title='bbox 1064 468 1175 493; x_wconf 87' lang='lat' dir='ltr'>nune</span> <span class='ocrx_word' id='word_1_23' title='bbox 1205 455 1327 493; x_wconf 86' lang='lat' dir='ltr'>etiam</span> <span class='ocrx_word' id='word_1_24' title='bbox 1358 452 1406 492; x_wconf 88' lang='lat' dir='ltr'>‹le</span> <span class='ocrx_word' id='word_1_25' title='bbox 1437 455 1637 491; x_wconf 64' lang='lat' dir='ltr'>variatione.</span> 
     </span>
     <span class='ocr_line' id='line_1_5' title="bbox 287 527 1636 581; baseline -0.001 -16"><span class='ocrx_word' id='word_1_26' title='bbox 287 527 486 568; x_wconf 87' lang='lat' dir='ltr'>orationis</span> <span class='ocrx_word' id='word_1_27' title='bbox 515 527 800 581; x_wconf 87' lang='lat' dir='ltr'>quaerendum</span> <span class='ocrx_word' id='word_1_28' title='bbox 831 527 962 579; x_wconf 84' lang='lat' dir='ltr'>dicas,</span> <span class='ocrx_word' id='word_1_29' title='bbox 1006 542 1111 581; x_wconf 84' lang='lat' dir='ltr'>quae</span> <span class='ocrx_word' id='word_1_30' title='bbox 1142 536 1182 567; x_wconf 89' lang='lat' dir='ltr'>et</span> <span class='ocrx_word' id='word_1_31' title='bbox 1209 528 1299 581; x_wconf 86' lang='lat' dir='ltr'>ipsa</span> <span class='ocrx_word' id='word_1_32' title='bbox 1328 530 1379 568; x_wconf 82' lang='lat' dir='ltr'>ab</span> <span class='ocrx_word' id='word_1_33' title='bbox 1412 528 1489 567; x_wconf 83' lang='lat' dir='ltr'>alia</span> <span class='ocrx_word' id='word_1_34' title='bbox 1520 534 1636 579; x_wconf 84' lang='lat' dir='ltr'>parte</span> 
     </span>
     <span class='ocr_line' id='line_1_6' title="bbox 285 603 1637 656; baseline 0 -16"><span class='ocrx_word' id='word_1_35' title='bbox 285 603 397 642; x_wconf 87' lang='lat' dir='ltr'>hunc</span> <span class='ocrx_word' id='word_1_36' title='bbox 426 603 610 656; x_wconf 85' lang='lat' dir='ltr'>vigorem</span> <span class='ocrx_word' id='word_1_37' title='bbox 641 611 858 652; x_wconf 84' lang='lat' dir='ltr'>sustentat,</span> <span class='ocrx_word' id='word_1_38' title='bbox 893 618 966 644; x_wconf 89' lang='lat' dir='ltr'>nec</span> <span class='ocrx_word' id='word_1_39' title='bbox 995 603 1092 643; x_wconf 83' lang='lat' dir='ltr'>sinit</span> <span class='ocrx_word' id='word_1_40' title='bbox 1118 605 1382 655; x_wconf 80' lang='lat' dir='ltr'><strong>languescere</strong></span> <span class='ocrx_word' id='word_1_41' title='bbox 1411 604 1637 644; x_wconf 86' lang='lat' dir='ltr'>verborum</span> 
     </span>
     <span class='ocr_line' id='line_1_7' title="bbox 287 679 1638 733; baseline -0.001 -15"><span class='ocrx_word' id='word_1_42' title='bbox 287 693 467 720; x_wconf 87' lang='lat' dir='ltr'>cursum.</span> <span class='ocrx_word' id='word_1_43' title='bbox 525 680 685 733; x_wconf 85' lang='lat' dir='ltr'><strong>Nempe</strong></span> <span class='ocrx_word' id='word_1_44' title='bbox 717 681 888 723; x_wconf 80' lang='lat' dir='ltr'>variatio</span> <span class='ocrx_word' id='word_1_45' title='bbox 921 681 1042 719; x_wconf 88' lang='lat' dir='ltr'>etiam</span> <span class='ocrx_word' id='word_1_46' title='bbox 1072 689 1262 720; x_wconf 86' lang='lat' dir='ltr'>ornatum</span> <span class='ocrx_word' id='word_1_47' title='bbox 1296 694 1487 732; x_wconf 83' lang='lat' dir='ltr'>magnum</span> <span class='ocrx_word' id='word_1_48' title='bbox 1517 679 1638 718; x_wconf 82' lang='lat' dir='ltr'>affert</span> 
     </span>
     <span class='ocr_line' id='line_1_8' title="bbox 286 755 1640 807; baseline -0.001 -13"><span class='ocrx_word' id='word_1_49' title='bbox 286 756 488 807; x_wconf 83' lang='lat' dir='ltr'>orationi,</span> <span class='ocrx_word' id='word_1_50' title='bbox 530 764 573 796; x_wconf 90' lang='lat' dir='ltr'>ut</span> <span class='ocrx_word' id='word_1_51' title='bbox 604 764 783 806; x_wconf 79' lang='lat' dir='ltr'>constat,</span> <span class='ocrx_word' id='word_1_52' title='bbox 816 756 888 796; x_wconf 91' lang='lat' dir='ltr'>ubi</span> <span class='ocrx_word' id='word_1_53' title='bbox 921 755 1143 796; x_wconf 73' lang='lat' dir='ltr'>studiosius</span> <span class='ocrx_word' id='word_1_54' title='bbox 1175 764 1396 806; x_wconf 80' lang='lat' dir='ltr'>tractatur,</span> <span class='ocrx_word' id='word_1_55' title='bbox 1429 770 1474 794; x_wconf 86' lang='lat' dir='ltr'>ac</span> <span class='ocrx_word' id='word_1_56' title='bbox 1505 762 1640 807; x_wconf 85' lang='lat' dir='ltr'>potest</span> 
     </span>
     <span class='ocr_line' id='line_1_9' title="bbox 285 829 1639 884; baseline -0.001 -15"><span class='ocrx_word' id='word_1_57' title='bbox 285 831 423 871; x_wconf 83' lang='lat' dir='ltr'>multis</span> <span class='ocrx_word' id='word_1_58' title='bbox 464 830 596 872; x_wconf 87' lang='lat' dir='ltr'>modis</span> <span class='ocrx_word' id='word_1_59' title='bbox 634 832 785 872; x_wconf 80' lang='lat' dir='ltr'>variari</span> <span class='ocrx_word' id='word_1_60' title='bbox 826 832 982 883; x_wconf 82' lang='lat' dir='ltr'>oratio3</span> <span class='ocrx_word' id='word_1_61' title='bbox 1026 831 1137 884; x_wconf 85' lang='lat' dir='ltr'>apud</span> <span class='ocrx_word' id='word_1_62' title='bbox 1165 832 1379 871; x_wconf 88' lang='lat' dir='ltr'>Tibullum</span> <span class='ocrx_word' id='word_1_63' title='bbox 1409 844 1510 870; x_wconf 86' lang='lat' dir='ltr'>vero</span> <span class='ocrx_word' id='word_1_64' title='bbox 1542 829 1639 869; x_wconf 84' lang='lat' dir='ltr'>sim-</span> 
     </span>
     <span class='ocr_line' id='line_1_10' title="bbox 284 908 1640 960; baseline -0.002 -13"><span class='ocrx_word' id='word_1_65' title='bbox 284 908 434 960; x_wconf 86' lang='lat' dir='ltr'>plicior</span> <span class='ocrx_word' id='word_1_66' title='bbox 470 917 549 958; x_wconf 86' lang='lat' dir='ltr'>est,</span> <span class='ocrx_word' id='word_1_67' title='bbox 591 917 630 948; x_wconf 88' lang='lat' dir='ltr'>et</span> <span class='ocrx_word' id='word_1_68' title='bbox 663 909 735 948; x_wconf 92' lang='lat' dir='ltr'>ubi</span> <span class='ocrx_word' id='word_1_69' title='bbox 772 908 1012 958; x_wconf 75' lang='lat' dir='ltr'>adhibetur,</span> <span class='ocrx_word' id='word_1_70' title='bbox 1057 910 1192 948; x_wconf 83' lang='lat' dir='ltr'>minus</span> <span class='ocrx_word' id='word_1_71' title='bbox 1228 915 1399 948; x_wconf 84' lang='lat' dir='ltr'>ornatus</span> <span class='ocrx_word' id='word_1_72' title='bbox 1433 913 1640 958; x_wconf 83' lang='lat' dir='ltr'>spectatur</span> 
     </span>
     <span class='ocr_line' id='line_1_11' title="bbox 289 980 1638 1038; baseline -0.002 -16"><span class='ocrx_word' id='word_1_73' title='bbox 289 998 413 1037; x_wconf 88' lang='lat' dir='ltr'>quam</span> <span class='ocrx_word' id='word_1_74' title='bbox 451 985 511 1025; x_wconf 87' lang='lat' dir='ltr'>vis</span> <span class='ocrx_word' id='word_1_75' title='bbox 551 993 590 1024; x_wconf 88' lang='lat' dir='ltr'>et</span> <span class='ocrx_word' id='word_1_76' title='bbox 629 985 814 1025; x_wconf 83' lang='lat' dir='ltr'>alacritas</span> <span class='ocrx_word' id='word_1_77' title='bbox 854 985 1066 1025; x_wconf 86' lang='lat' dir='ltr'>orationis.</span> <span class='ocrx_word' id='word_1_78' title='bbox 1133 985 1270 1038; x_wconf 86' lang='lat' dir='ltr'><strong>Atque</strong></span> <span class='ocrx_word' id='word_1_79' title='bbox 1301 991 1344 1022; x_wconf 90' lang='lat' dir='ltr'>ut</span> <span class='ocrx_word' id='word_1_80' title='bbox 1377 983 1556 1035; x_wconf 88' lang='lat' dir='ltr'>primum</span> <span class='ocrx_word' id='word_1_81' title='bbox 1588 980 1638 1020; x_wconf 91' lang='lat' dir='ltr'>de</span> 
     </span>
     <span class='ocr_line' id='line_1_12' title="bbox 287 1058 1639 1110; baseline -0.003 -11"><span class='ocrx_word' id='word_1_82' title='bbox 287 1061 456 1110; x_wconf 83' lang='lat' dir='ltr'>singulis</span> <span class='ocrx_word' id='word_1_83' title='bbox 493 1059 673 1100; x_wconf 84' lang='lat' dir='ltr'>distichis</span> <span class='ocrx_word' id='word_1_84' title='bbox 710 1059 863 1110; x_wconf 84' lang='lat' dir='ltr'>dicam,</span> <span class='ocrx_word' id='word_1_85' title='bbox 908 1074 1001 1099; x_wconf 89' lang='lat' dir='ltr'>cum</span> <span class='ocrx_word' id='word_1_86' title='bbox 1033 1059 1078 1098; x_wconf 88' lang='lat' dir='ltr'>in</span> <span class='ocrx_word' id='word_1_87' title='bbox 1107 1059 1171 1099; x_wconf 84' lang='lat' dir='ltr'>his</span> <span class='ocrx_word' id='word_1_88' title='bbox 1204 1074 1351 1110; x_wconf 82' lang='lat' dir='ltr'>magna</span> <span class='ocrx_word' id='word_1_89' title='bbox 1385 1058 1639 1098; x_wconf 70' lang='lat' dir='ltr'>concinnitas</span> 
     </span>
     <span class='ocr_line' id='line_1_13' title="bbox 287 1132 1639 1187; baseline -0.002 -14"><span class='ocrx_word' id='word_1_90' title='bbox 287 1135 570 1174; x_wconf 83' lang='lat' dir='ltr'>membrorum</span> <span class='ocrx_word' id='word_1_91' title='bbox 605 1143 746 1186; x_wconf 83' lang='lat' dir='ltr'>regnet</span> <span class='ocrx_word' id='word_1_92' title='bbox 777 1133 889 1187; x_wconf 86' lang='lat' dir='ltr'>apud</span> <span class='ocrx_word' id='word_1_93' title='bbox 919 1134 1155 1183; x_wconf 80' lang='lat' dir='ltr'>Tibullum,</span> <span class='ocrx_word' id='word_1_94' title='bbox 1196 1147 1293 1173; x_wconf 85' lang='lat' dir='ltr'>raro</span> <span class='ocrx_word' id='word_1_95' title='bbox 1325 1132 1511 1173; x_wconf 82' lang='lat' dir='ltr'>variatur</span> <span class='ocrx_word' id='word_1_96' title='bbox 1545 1146 1639 1172; x_wconf 86' lang='lat' dir='ltr'>ora-</span> 
     </span>
     <span class='ocr_line' id='line_1_14' title="bbox 290 1210 1640 1261; baseline -0.003 -11"><span class='ocrx_word' id='word_1_97' title='bbox 290 1211 368 1261; x_wconf 81' lang='lat' dir='ltr'>tio,</span> <span class='ocrx_word' id='word_1_98' title='bbox 408 1211 482 1250; x_wconf 87' lang='lat' dir='ltr'>ubi</span> <span class='ocrx_word' id='word_1_99' title='bbox 512 1219 648 1250; x_wconf 85' lang='lat' dir='ltr'>autem</span> <span class='ocrx_word' id='word_1_100' title='bbox 678 1211 742 1261; x_wconf 77' lang='lat' dir='ltr'>fir,</span> <span class='ocrx_word' id='word_1_101' title='bbox 782 1211 916 1251; x_wconf 84' lang='lat' dir='ltr'>levior</span> <span class='ocrx_word' id='word_1_102' title='bbox 945 1219 1004 1250; x_wconf 89' lang='lat' dir='ltr'>est</span> <span class='ocrx_word' id='word_1_103' title='bbox 1033 1210 1228 1258; x_wconf 81' lang='lat' dir='ltr'>mutatio,</span> <span class='ocrx_word' id='word_1_104' title='bbox 1268 1210 1358 1249; x_wconf 89' lang='lat' dir='ltr'>talis</span> <span class='ocrx_word' id='word_1_105' title='bbox 1388 1217 1526 1248; x_wconf 84' lang='lat' dir='ltr'>tamen</span> <span class='ocrx_word' id='word_1_106' title='bbox 1558 1222 1640 1261; x_wconf 86' lang='lat' dir='ltr'>qua</span> 
     </span>
     <span class='ocr_line' id='line_1_15' title="bbox 292 1284 1637 1337; baseline -0.004 -11"><span class='ocrx_word' id='word_1_107' title='bbox 292 1287 351 1326; x_wconf 83' lang='lat' dir='ltr'>vis</span> <span class='ocrx_word' id='word_1_108' title='bbox 382 1294 453 1325; x_wconf 87' lang='lat' dir='ltr'>aut</span> <span class='ocrx_word' id='word_1_109' title='bbox 482 1285 721 1337; x_wconf 77' lang='lat' dir='ltr'>magnitudo</span> <span class='ocrx_word' id='word_1_110' title='bbox 751 1286 859 1324; x_wconf 86' lang='lat' dir='ltr'>iusta</span> <span class='ocrx_word' id='word_1_111' title='bbox 888 1286 1033 1325; x_wconf 89' lang='lat' dir='ltr'>ultimo</span> <span class='ocrx_word' id='word_1_112' title='bbox 1063 1286 1248 1325; x_wconf 86' lang='lat' dir='ltr'>membro</span> <span class='ocrx_word' id='word_1_113' title='bbox 1277 1286 1475 1324; x_wconf 80' lang='lat' dir='ltr'>afferatur</span> <span class='ocrx_word' id='word_1_114' title='bbox 1504 1293 1541 1323; x_wconf 85' lang='lat' dir='ltr'>et</span> <span class='ocrx_word' id='word_1_115' title='bbox 1567 1284 1637 1323; x_wconf 70' lang='lat' dir='ltr'>vix</span> 
     </span>
     <span class='ocr_line' id='line_1_16' title="bbox 288 1359 1639 1421; baseline 0 -21"><span class='ocrx_word' id='word_1_116' title='bbox 288 1363 415 1401; x_wconf 83' lang='lat' dir='ltr'>semel</span> <span class='ocrx_word' id='word_1_117' title='bbox 443 1360 734 1400; x_wconf 80' lang='lat' dir='ltr'>detrimentum</span> <span class='ocrx_word' id='word_1_118' title='bbox 758 1360 909 1412; x_wconf 85' lang='lat' dir='ltr'>ceperit</span> <span class='ocrx_word' id='word_1_119' title='bbox 935 1361 1202 1400; x_wconf 84' lang='lat' dir='ltr'>concinnitas.</span> <span class='ocrx_word' id='word_1_120' title='bbox 1243 1359 1490 1421; x_wconf 27' lang='lat' dir='ltr'>Videxlocos</span> <span class='ocrx_word' id='word_1_121' title='bbox 1514 1360 1639 1412; x_wconf 84' lang='lat' dir='ltr'>ipsos.</span> 
     </span>
     <span class='ocr_line' id='line_1_17' title="bbox 289 1439 518 1489; baseline -0.009 -12"><span class='ocrx_word' id='word_1_122' title='bbox 289 1439 330 1489; x_wconf 90' lang='grc'>1,</span> <span class='ocrx_word' id='word_1_123' title='bbox 359 1442 407 1486; x_wconf 82' lang='grc'>2,</span> <span class='ocrx_word' id='word_1_124' title='bbox 440 1440 518 1475; x_wconf 78' lang='lat'>32:</span> 
     </span>
    </p>

    <p class='ocr_par' dir='ltr' id='par_1_3' title="bbox 400 1508 1560 1561">
     <span class='ocr_line' id='line_1_18' title="bbox 400 1508 1560 1561; baseline -0.003 -10"><span class='ocrx_word' id='word_1_125' title='bbox 400 1511 498 1551; x_wconf 90' lang='lat' dir='ltr'>Non</span> <span class='ocrx_word' id='word_1_126' title='bbox 530 1509 631 1548; x_wconf 86' lang='lat' dir='ltr'>mihi</span> <span class='ocrx_word' id='word_1_127' title='bbox 663 1508 778 1561; x_wconf 83' lang='lat' dir='ltr'>pigra</span> <span class='ocrx_word' id='word_1_128' title='bbox 808 1517 958 1548; x_wconf 87' lang='lat' dir='ltr'>nocent</span> <span class='ocrx_word' id='word_1_129' title='bbox 991 1510 1189 1548; x_wconf 78' lang='lat' dir='ltr'>hibernae</span> <span class='ocrx_word' id='word_1_130' title='bbox 1221 1509 1374 1559; x_wconf 81' lang='lat' dir='ltr'>frigora</span> <span class='ocrx_word' id='word_1_131' title='bbox 1408 1508 1560 1557; x_wconf 77' lang='lat' dir='ltr'>noctis,</span> 
     </span>
    </p>

    <p class='ocr_par' dir='ltr' id='par_1_4' title="bbox 291 1582 1640 2611">
     <span class='ocr_line' id='line_1_19' title="bbox 460 1582 1498 1637; baseline -0.002 -12"><span class='ocrx_word' id='word_1_132' title='bbox 460 1586 558 1625; x_wconf 89' lang='lat' dir='ltr'>Non</span> <span class='ocrx_word' id='word_1_133' title='bbox 588 1585 711 1634; x_wconf 81' lang='lat' dir='ltr'>mihi,</span> <span class='ocrx_word' id='word_1_134' title='bbox 754 1598 846 1623; x_wconf 90' lang='lat' dir='ltr'>cum</span> <span class='ocrx_word' id='word_1_135' title='bbox 876 1585 1006 1623; x_wconf 88' lang='lat' dir='ltr'>multa</span> <span class='ocrx_word' id='word_1_136' title='bbox 1037 1582 1186 1624; x_wconf 87' lang='lat' dir='ltr'>decidit</span> <span class='ocrx_word' id='word_1_137' title='bbox 1215 1583 1348 1623; x_wconf 87' lang='lat' dir='ltr'>imber</span> <span class='ocrx_word' id='word_1_138' title='bbox 1377 1598 1498 1637; x_wconf 82' lang='lat' dir='ltr'>aqua.</span> 
     </span>
     <span class='ocr_line' id='line_1_20' title="bbox 291 1663 521 1714; baseline -0.004 -13"><span class='ocrx_word' id='word_1_139' title='bbox 291 1666 329 1714; x_wconf 90' lang='grc' dir='ltr'>Ι,</span> <span class='ocrx_word' id='word_1_140' title='bbox 362 1668 409 1713; x_wconf 85' lang='grc'>9,</span> <span class='ocrx_word' id='word_1_141' title='bbox 445 1663 521 1701; x_wconf 74' lang='lat'>14:</span> 
     </span>
     <span class='ocr_line' id='line_1_21' title="bbox 400 1731 1551 1788; baseline -0.006 -10"><span class='ocrx_word' id='word_1_142' title='bbox 400 1740 486 1778; x_wconf 86' lang='lat' dir='ltr'>lam</span> <span class='ocrx_word' id='word_1_143' title='bbox 521 1736 620 1775; x_wconf 88' lang='lat' dir='ltr'>mihi</span> <span class='ocrx_word' id='word_1_144' title='bbox 654 1736 861 1788; x_wconf 81' lang='lat' dir='ltr'>persolvet</span> <span class='ocrx_word' id='word_1_145' title='bbox 895 1747 1069 1786; x_wconf 80' lang='lat' dir='ltr'>poenas,</span> <span class='ocrx_word' id='word_1_146' title='bbox 1110 1732 1328 1786; x_wconf 80' lang='lat' dir='ltr'>pulvisque</span> <span class='ocrx_word' id='word_1_147' title='bbox 1363 1731 1551 1773; x_wconf 87' lang='lat' dir='ltr'>decorem</span> 
     </span>
     <span class='ocr_line' id='line_1_22' title="bbox 460 1808 1394 1851; baseline -0.005 0"><span class='ocrx_word' id='word_1_148' title='bbox 460 1812 658 1851; x_wconf 86' lang='lat' dir='ltr'>Detrahet</span> <span class='ocrx_word' id='word_1_149' title='bbox 692 1819 732 1849; x_wconf 88' lang='lat' dir='ltr'>et</span> <span class='ocrx_word' id='word_1_150' title='bbox 764 1810 895 1850; x_wconf 85' lang='lat' dir='ltr'>ventis</span> <span class='ocrx_word' id='word_1_151' title='bbox 927 1808 1097 1849; x_wconf 87' lang='lat' dir='ltr'>horrida</span> <span class='ocrx_word' id='word_1_152' title='bbox 1130 1809 1232 1847; x_wconf 85' lang='lat' dir='ltr'>sacta</span> <span class='ocrx_word' id='word_1_153' title='bbox 1264 1821 1394 1848; x_wconf 83' lang='lat' dir='ltr'>coma.</span> 
     </span>
     <span class='ocr_line' id='line_1_23' title="bbox 513 1880 1432 1940; baseline -0.004 -15"><span class='ocrx_word' id='word_1_154' title='bbox 513 1884 600 1940; x_wconf 83' lang='lat' dir='ltr'>(pr.</span> <span class='ocrx_word' id='word_1_155' title='bbox 625 1895 664 1925; x_wconf 88' lang='lat' dir='ltr'>et</span> <span class='ocrx_word' id='word_1_156' title='bbox 693 1886 807 1926; x_wconf 86' lang='lat' dir='ltr'>venti</span> <span class='ocrx_word' id='word_1_157' title='bbox 836 1883 1049 1924; x_wconf 86' lang='lat' dir='ltr'>horridam</span> <span class='ocrx_word' id='word_1_158' title='bbox 1080 1897 1182 1923; x_wconf 90' lang='lat' dir='ltr'>com.</span> <span class='ocrx_word' id='word_1_159' title='bbox 1204 1880 1432 1935; x_wconf 82' lang='lat' dir='ltr'>facientes.)</span> 
     </span>
     <span class='ocr_line' id='line_1_24' title="bbox 291 1964 520 2012; baseline -0.009 -10"><span class='ocrx_word' id='word_1_160' title='bbox 291 1964 331 2012; x_wconf 84' lang='lat' dir='ltr'>l,</span> <span class='ocrx_word' id='word_1_161' title='bbox 363 1968 412 2011; x_wconf 83' lang='lat'>3,</span> <span class='ocrx_word' id='word_1_162' title='bbox 446 1966 496 2001; x_wconf 87' lang='lat'>17</span> <span class='ocrx_word' id='word_1_163' title='bbox 510 1976 520 2000; x_wconf 88' lang='lat'>:</span> 
     </span>
     <span class='ocr_line' id='line_1_25' title="bbox 403 2030 1471 2086; baseline -0.005 -11"><span class='ocrx_word' id='word_1_164' title='bbox 403 2037 487 2075; x_wconf 80' lang='lat' dir='ltr'>Aut</span> <span class='ocrx_word' id='word_1_165' title='bbox 519 2047 593 2086; x_wconf 84' lang='lat' dir='ltr'>ego</span> <span class='ocrx_word' id='word_1_166' title='bbox 624 2047 713 2074; x_wconf 88' lang='lat' dir='ltr'>sum</span> <span class='ocrx_word' id='word_1_167' title='bbox 745 2040 932 2072; x_wconf 86' lang='lat' dir='ltr'>causatus</span> <span class='ocrx_word' id='word_1_168' title='bbox 967 2045 1062 2071; x_wconf 83' lang='lat' dir='ltr'>aves</span> <span class='ocrx_word' id='word_1_169' title='bbox 1092 2039 1163 2071; x_wconf 87' lang='lat' dir='ltr'>aut</span> <span class='ocrx_word' id='word_1_170' title='bbox 1193 2031 1332 2071; x_wconf 86' lang='lat' dir='ltr'>omina</span> <span class='ocrx_word' id='word_1_171' title='bbox 1362 2030 1471 2083; x_wconf 84' lang='lat' dir='ltr'>dira,</span> 
     </span>
     <span class='ocr_line' id='line_1_26' title="bbox 460 2106 1370 2167; baseline -0.004 -17"><span class='ocrx_word' id='word_1_172' title='bbox 460 2110 632 2167; x_wconf 77' lang='lat' dir='ltr'>Saturni</span> <span class='ocrx_word' id='word_1_173' title='bbox 659 2116 729 2148; x_wconf 89' lang='lat' dir='ltr'>aut</span> <span class='ocrx_word' id='word_1_174' title='bbox 758 2122 913 2148; x_wconf 84' lang='lat' dir='ltr'>sacram</span> <span class='ocrx_word' id='word_1_175' title='bbox 946 2122 1008 2147; x_wconf 92' lang='lat' dir='ltr'>me</span> <span class='ocrx_word' id='word_1_176' title='bbox 1038 2107 1219 2147; x_wconf 85' lang='lat' dir='ltr'>tenuisse</span> <span class='ocrx_word' id='word_1_177' title='bbox 1250 2106 1370 2146; x_wconf 84' lang='lat' dir='ltr'>diem.</span> 
     </span>
     <span class='ocr_line' id='line_1_27' title="bbox 291 2189 542 2239; baseline -0.004 -11"><span class='ocrx_word' id='word_1_178' title='bbox 291 2189 352 2239; x_wconf 90' lang='lat'>11,</span> <span class='ocrx_word' id='word_1_179' title='bbox 383 2191 433 2238; x_wconf 85' lang='grc'>5,</span> <span class='ocrx_word' id='word_1_180' title='bbox 464 2191 542 2227; x_wconf 87' lang='lat'>71:</span> 
     </span>
     <span class='ocr_line' id='line_1_28' title="bbox 403 2256 1482 2308; baseline -0.007 -6"><span class='ocrx_word' id='word_1_181' title='bbox 403 2262 492 2302; x_wconf 92' lang='lat' dir='ltr'>Hae</span> <span class='ocrx_word' id='word_1_182' title='bbox 523 2262 612 2301; x_wconf 85' lang='lat' dir='ltr'>sore</span> <span class='ocrx_word' id='word_1_183' title='bbox 644 2258 838 2299; x_wconf 79' lang='lat' dir='ltr'>dixerunt</span> <span class='ocrx_word' id='word_1_184' title='bbox 868 2258 966 2297; x_wconf 84' lang='lat' dir='ltr'>belli</span> <span class='ocrx_word' id='word_1_185' title='bbox 995 2259 1100 2296; x_wconf 87' lang='lat' dir='ltr'>mala</span> <span class='ocrx_word' id='word_1_186' title='bbox 1130 2256 1245 2308; x_wconf 82' lang='lat' dir='ltr'>signa</span> <span class='ocrx_word' id='word_1_187' title='bbox 1274 2264 1482 2306; x_wconf 82' lang='lat' dir='ltr'>cometen,</span> 
     </span>
     <span class='ocr_line' id='line_1_29' title="bbox 459 2332 1408 2386; baseline -0.005 -10"><span class='ocrx_word' id='word_1_188' title='bbox 459 2337 618 2376; x_wconf 84' lang='lat' dir='ltr'>Multus</span> <span class='ocrx_word' id='word_1_189' title='bbox 649 2343 694 2374; x_wconf 89' lang='lat' dir='ltr'>ut</span> <span class='ocrx_word' id='word_1_190' title='bbox 726 2334 770 2373; x_wconf 85' lang='lat' dir='ltr'>in</span> <span class='ocrx_word' id='word_1_191' title='bbox 803 2343 932 2373; x_wconf 85' lang='lat' dir='ltr'>terras</span> <span class='ocrx_word' id='word_1_192' title='bbox 962 2332 1260 2386; x_wconf 82' lang='lat' dir='ltr'>deplueretque</span> <span class='ocrx_word' id='word_1_193' title='bbox 1291 2332 1408 2383; x_wconf 86' lang='lat' dir='ltr'>lapis.</span> 
     </span>
     <span class='ocr_line' id='line_1_30' title="bbox 487 2403 1443 2465; baseline -0.007 -14"><span class='ocrx_word' id='word_1_194' title='bbox 487 2409 617 2465; x_wconf 76' lang='lat' dir='ltr'>(Alias</span> <span class='ocrx_word' id='word_1_195' title='bbox 648 2410 892 2449; x_wconf 84' lang='lat' dir='ltr'>mutationes</span> <span class='ocrx_word' id='word_1_196' title='bbox 921 2406 1142 2447; x_wconf 88' lang='lat' dir='ltr'>modorum</span> <span class='ocrx_word' id='word_1_197' title='bbox 1171 2421 1257 2446; x_wconf 88' lang='lat' dir='ltr'>non</span> <span class='ocrx_word' id='word_1_198' title='bbox 1288 2403 1443 2458; x_wconf 85' lang='lat' dir='ltr'>habet.)</span> 
     </span>
     <span class='ocr_line' id='line_1_31' title="bbox 294 2488 523 2537; baseline -0.004 -10"><span class='ocrx_word' id='word_1_199' title='bbox 294 2489 333 2537; x_wconf 91' lang='grc' dir='ltr'>Ι,</span> <span class='ocrx_word' id='word_1_200' title='bbox 364 2488 412 2537; x_wconf 82' lang='grc'>4,</span> <span class='ocrx_word' id='word_1_201' title='bbox 447 2489 523 2526; x_wconf 84' lang='grc'>11;</span> 
     </span>
     <span class='ocr_line' id='line_1_32' title="bbox 404 2553 1640 2611; baseline -0.006 -12"><span class='ocrx_word' id='word_1_202' title='bbox 404 2561 481 2600; x_wconf 84' lang='lat' dir='ltr'>llic</span> <span class='ocrx_word' id='word_1_203' title='bbox 512 2560 653 2611; x_wconf 84' lang='lat' dir='ltr'>placet,</span> <span class='ocrx_word' id='word_1_204' title='bbox 684 2558 863 2609; x_wconf 82' lang='lat' dir='ltr'>angustis</span> <span class='ocrx_word' id='word_1_205' title='bbox 887 2556 997 2609; x_wconf 87' lang='lat' dir='ltr'>quod</span> <span class='ocrx_word' id='word_1_206' title='bbox 1022 2569 1175 2609; x_wconf 86' lang='lat' dir='ltr'>equum</span> <span class='ocrx_word' id='word_1_207' title='bbox 1206 2553 1423 2605; x_wconf 84' lang='lat' dir='ltr'>compescit</span> <span class='ocrx_word' id='word_1_208' title='bbox 1449 2553 1640 2592; x_wconf 85' lang='lat' dir='ltr'>habenis:</span> 
     </span>
    </p>
   </div>
   <div class='ocr_carea' id='block_1_3' title="bbox 465 2631 1471 2687">
    <p class='ocr_par' dir='ltr' id='par_1_5' title="bbox 465 2631 1471 2687">
     <span class='ocr_line' id='line_1_33' title="bbox 465 2631 1471 2687; baseline -0.008 -12"><span class='ocrx_word' id='word_1_209' title='bbox 465 2636 540 2675; x_wconf 74' lang='lat' dir='ltr'>llic</span> <span class='ocrx_word' id='word_1_210' title='bbox 573 2633 773 2687; x_wconf 82' lang='lat' dir='ltr'>placidam</span> <span class='ocrx_word' id='word_1_211' title='bbox 805 2633 924 2674; x_wconf 77' lang='lat' dir='ltr'>niveo</span> <span class='ocrx_word' id='word_1_212' title='bbox 957 2641 1122 2684; x_wconf 84' lang='lat' dir='ltr'>pectore</span> <span class='ocrx_word' id='word_1_213' title='bbox 1156 2631 1266 2681; x_wconf 88' lang='lat' dir='ltr'>pellit</span> <span class='ocrx_word' id='word_1_214' title='bbox 1298 2643 1471 2681; x_wconf 79' lang='lat' dir='ltr'>aquam:</span> 
     </span>
    </p>
   </div>
  </div>
 </body>
</html>
