1721 2953
300 158 379 193 305
608 148 980 194 COMMENTAR.
1006 152 1067 194 IN
1096 153 1326 196 TIBULLI

299 274 375 315 post
410 267 549 301 verbum
583 264 703 299 iurare
739 265 803 299 hoc
837 267 974 302 factum.
1001 286 1047 292 -—
1085 268 1199 303 bene
1236 270 1404 313 iuravi,
1441 275 1480 306 ut
1513 274 1636 317 passim

299 336 379 366 bene
420 337 472 366 est
507 332 627 374 valde,
666 341 885 375 magnopere.
952 333 1005 367 Ad
1039 336 1241 368 sententiam
1278 336 1458 371 conferunt
1493 338 1636 373 Hous'r.

296 401 406 446 Epod.
429 400 493 442 XI,
520 402 562 432 19
590 410 663 442 sqq.
704 400 892 433 Pnopssnr.
916 400 961 443 11,
986 404 1044 444 25,
1073 405 1127 436 19.
1177 403 1307 437 Ultimo
1332 405 1408 438 loco
1440 406 1542 439 etiam
1565 406 1639 450 ipse

293 472 342 502 sic
368 469 493 511 legitur
517 472 556 501 ut
581 466 644 500 hic.

387 535 428 569 V.
457 536 599 567 15-28.
649 532 842 566 Medium
879 544 1067 567 carmen.
1125 535 1273 569 Prima
1310 548 1422 581 pars.
1473 539 1634 574 Queri-

292 605 362 634 tur
385 601 560 634 Amoris
586 600 843 642 cruciatus,
868 604 910 633 et
935 611 1018 643 quo
1044 601 1186 634 minus
1210 603 1346 636 vitam
1370 605 1463 638 leto
1489 605 1635 647 finiat,

289 667 385 700 sola
409 677 505 710 spe,
543 677 657 709 quae
691 670 862 700 tantum
894 668 1050 701 valeat
1083 667 1125 700 in
1150 668 1285 702 rebus
1310 668 1533 713 humanis,
1568 683 1634 706 re-

288 736 459 765 tentum
487 743 530 765 se
555 731 787 774 hucusque
813 731 938 765 dicit.

381 798 424 831 V.
451 800 495 831 15
521 809 594 840 sqq.
645 799 758 830 Acer
793 798 943 839 Amor,
977 808 1117 839 saevuS‚
1141 799 1267 832 acriter
1291 809 1392 833 urens
1415 802 1570 845 flamma,
1596 808 1633 836 ut

289 862 375 896 infra
400 863 462 904 IV,
485 865 519 905 2,
538 866 571 896 6.
597 863 705 896 Ovm.
731 861 875 896 Heroid.
900 862 960 903 IV,
985 866 1039 895 70.
1077 863 1220 896 VALER.
1247 864 1379 898 FLAcc.
1403 867 1464 909 ΙΙΙ,
1490 871 1571 902 367.
1587 888 1633 893 -

286 935 364 963 tua
388 930 499 970 tela,
526 930 739 972 sagittas.
788 928 919 961 Eadem
944 929 1146 972 compositio
1172 931 1310 972 gravior
1334 935 1387 964 est
1413 933 1521 965 Ovm.
1545 934 1631 967 Met.

284 995 329 1038 II,
355 998 435 1030 616.
468 995 565 1037 XIII,
587 997 666 1028 401.
718 994 878 1028 Ceterum
908 996 950 1028 ad
975 996 1178 1029 senteutiam
1202 997 1525 1032 Wuunnnmcmus
1552 1001 1632 1033 Me-

286 1063 393 1105 leagri
418 1062 537 1106 Epigr.
564 1061 641 1095 LlI.
678 1061 830 1102 confert,
866 1061 925 1103 qui
950 1062 1000 1094 ira
1025 1062 1186 1094 incensus
1211 1062 1467 1096 combusturum
1492 1074 1529 1097 se
1555 1075 1630 1098 esse

283 1128 351 1160 tela
377 1126 553 1171 Cupidinis
579 1126 691 1159 onmia
725 1126 883 1159 minatur.
910 1143 956 1148 —
995 1125 1189 1159 nefanda
1225 1127 1370 1170 loqui,
1405 1127 1438 1163 h.
1462 1139 1493 1162 e.
1529 1140 1631 1164 exse-

282 1194 450 1227 crationes
475 1194 508 1226 in
534 1193 617 1225 deos
645 1201 822 1231 evomere,
857 1190 1052 1233 iracundia,
1093 1190 1208 1225 surore
1234 1192 1433 1236 abreptum,
1468 1201 1628 1231 monente

281 1260 459 1302 Hm'mo,
484 1259 529 1293 cf.
554 1258 616 1300 ΙΙΙ,
638 1261 673 1300 5,
700 1259 754 1291 14.
779 1257 840 1299 IV,
866 1259 900 1299 4,
927 1259 981 1290 14.
1007 1273 1051 1281 -
1082 1257 1124 1291 V.
1152 1261 1196 1290 19
1220 1269 1293 1301 sqq.
1343 1260 1507 1294 Succedit
1531 1262 1627 1296 locus

281 1327 494 1359 dulcissimus
520 1325 562 1358 de
589 1326 682 1368 Spe,
716 1328 754 1357 ut
779 1324 952 1357 HssYNms
976 1325 1081 1366 dicit,
1115 1324 1311 1367 felicitatis,
1350 1328 1624 1371 quandoquidem

283 1403 357 1426 eam
384 1392 456 1424 dari
481 1391 680 1424 mortalibus
707 1391 757 1423 fas
783 1401 849 1423 non
876 1395 960 1432 erat,
985 1391 1208 1433 succedanea,
1234 1396 1272 1424 ut
1297 1403 1363 1433 ego
1387 1397 1502 1426 autem
1527 1395 1627 1427 dixe-

281 1461 365 1500 rim,
402 1459 445 1491 ‹le
470 1460 536 1501 Spe
562 1456 673 1489 vitam
697 1462 947 1488 sustentante:
988 1455 1050 1488 huc
1085 1457 1172 1489 enim
1199 1458 1310 1489 omnIa
1336 1456 1399 1490 hoc
1425 1459 1499 1491 loco
1525 1470 1625 1491 revo-

280 1527 399 1557 cantur
424 1534 442 1555 a
472 1526 575 1566 poeta
599 1526 633 1555 et
659 1521 811 1554 revocari
838 1520 1038 1553 debuerunt.
1089 1522 1138 1553 Ac
1168 1522 1242 1553 talis
1276 1526 1328 1555 est
1361 1525 1462 1557 etiam
1496 1525 1621 1558 Ovum

281 1591 375 1623 locus
399 1589 511 1633 Epist.
542 1598 584 1621 ex
610 1588 723 1621 Ponto
747 1586 774 1627 1,
800 1588 833 1627 6,
858 1588 900 1618 31
929 1596 1003 1627 sqq.
1038 1596 1100 1618 uec
1135 1586 1263 1618 abludit
1289 1589 1427 1629 elegans
1453 1590 1564 1632 elegia
1589 1592 1621 1623 iu

278 1659 510 1692 Ctmnucrms
534 1658 619 1688 vett·
642 1657 749 1697 poett.
771 1652 845 1684 libr.
868 1651 894 1691 Ι,
923 1653 977 1683 18.
1004 1654 1038 1683 et
1066 1651 1098 1682 in
1123 1652 1286 1684 ANTHOL.
1314 1653 1406 1686 Lm.
1437 1655 1619 1691 Burmann.

277 1726 320 1759 Τ.
345 1725 372 1758 Ι.
400 1724 475 1757 libr.
498 1721 561 1755 ΙΙΙ.
585 1721 692 1765 epigr.
719 1721 798 1760 82„
833 1728 920 1760 quae
944 1716 1124 1749 laudarunt
1149 1717 1430 1752 BRoncKflthms
1459 1725 1493 1753 et
1519 1722 1623 1755 Hur-

276 1801 373 1826 Nms.
425 1791 598 1825 Quaeram
625 1786 768 1827 deiude,
794 1795 882 1828 quae
908 1785 952 1817 sit
977 1784 1107 1817 utilitas
1130 1795 1210 1818 vera
1234 1784 1332 1819 huius
1357 1797 1376 1819 a
1402 1786 1540 1820 Tibullo
1565 1788 1621 1821 in·-

278 1862 389 1891 sertae
415 1855 665 1899 descriptionis.
715 1853 831 1895 Vulgo
857 1852 993 1894 quidem
1018 1852 1098 1884 talia
1121 1852 1169 1884 ita
1193 1862 1255 1895 pro
1285 1853 1387 1886 meris
1412 1855 1620 1888 ornamentis

277 1933 422 1967 poeseos
459 1921 600 1963 liabent,
639 1924 677 1954 ut
712 1919 884 1962 quomodo
922 1930 1054 1953 summo
1088 1920 1253 1962 cuiusque
1286 1920 1445 1954 carminis
1476 1923 1617 1956 consilio

276 1989 409 2032 prosint
441 1998 507 2021 non
543 1989 727 2029 quaerant,
766 1990 800 2018 et
837 1985 970 2018 rideant
1007 1996 1089 2027 e05,
1129 1986 1187 2028 qui
1225 1987 1456 2029 quaerendum
1490 1988 1614 2024 dicant.

274 2055 502 2088 Nihilominus
538 2052 601 2085 hoc
637 2056 671 2085 et
700 2052 733 2084 iu
767 2053 841 2085 aliis
874 2052 1010 2096 scriptis
1047 2053 1196 2085 classicis
1231 2052 1422 2088 faciendum
1447 2058 1499 2087 est
1524 2055 1616 2088 etin

276 2120 325 2152 liis
358 2119 582 2159 carminibus,
622 2118 787 2160 siquidem
819 2129 983 2160 nusquam
1020 2118 1153 2151 inanem
1191 2123 1345 2152 ornatum
1379 2119 1491 2152 vidisti
1525 2121 1616 2164 apud

274 2185 458 2218 Tibullum.
511 2184 602 2219 Quid
637 2184 740 2226 igitur
774 2185 890 2218 inest?
942 2185 1076 2229 Nempe
1102 2185 1182 2218 dum
1208 2185 1251 2218 ob
1280 2187 1398 2218 oculos
1424 2168 1506 2219 dura
1532 2198 1616 2220 cou-

273 2250 358 2283 ditio
383 2250 549 2283 variorum
573 2240 742 2282 homiuum
770 2250 918 2293 ponitur,
944 2250 1001 2292 qui
1027 2252 1129 2283 vitam
1155 2261 1216 2294 spe
1241 2255 1442 2294 sustentant,
1467 2253 1616 2286 illustra-

273 2322 328 2350 tur
353 2318 451 2351 simul
476 2317 604 2350 Tibulli
630 2318 735 2350 tristis
761 2317 917 2359 fortuna,
952 2318 1118 2361 siquidem
1144 2317 1334 2354 huiusmodi
1361 2320 1549 2354 homiuibus
1575 2332 1612 2354 se

273 2387 468 2428 comparat,
493 2387 529 2417 et
553 2384 706 2417 videmus
731 2386 825 2427 quasi
858 2395 1062 2427 unoquoque
1088 2384 1208 2419 horum
1234 2386 1452 2420 distichorum
1481 2388 1608 2430 repeti-

275 2456 342 2483 tam
369 2451 551 2492 imaginem
577 2450 787 2483 infelicitatis
812 2461 906 2492 suae,
929 2451 984 2492 qui
1011 2454 1046 2483 et
1072 2450 1144 2494 ipse
1170 2452 1242 2484 sola
1268 2462 1330 2494 spe
1355 2454 1470 2494 pascat
1495 2452 1610 2485 vitam.

274 2519 325 2551 lta
359 2528 439 2550 vero
474 2518 675 2559 permultum
701 2522 849 2560 augetur
877 2518 1037 2560 querelae
1064 2518 1123 2550 vis.
1150 2536 1194 2542 -
1232 2518 1273 2551 V·
1303 2519 1344 2549 19
1370 2528 1443 2559 sqq.
1477 2518 1611 2552 vitam

273 2583 386 2626 Spes
422 2583 567 2623 fovet,
610 2587 789 2617 sustentat.
852 2585 903 2617 De
942 2584 1195 2617 constructione
1233 2583 1437 2616 finissem
1462 2604 1508 2610 --
1533 2586 1609 2619 sed

272 2649 393 2682 fovet
431 2659 479 2692 pr.
515 2649 575 2681 nisi
602 2648 750 2691 foveret,
788 2651 1107 2684 WUNnunmcmus
1138 2648 1269 2681 confert
1296 2649 1402 2683 Ovm.
1431 2651 1502 2683 Art.
1532 2652 1606 2684 Am.
