1721 2953
511 149 656 189 LIBR.
686 150 736 188 ll.
795 148 954 190 ELEG.
985 152 1055 193 IV.
1371 163 1448 196 257

96 264 237 307 patitur.
287 264 375 297 Tum
401 265 434 297 in
462 264 609 297 medio
635 267 838 299 carmine
871 267 904 299 id
929 269 1000 309 agit
1025 269 1189 311 affectus,
1217 273 1253 303 u't
1279 271 1390 305 sontes
1416 276 1449 305 et

96 339 216 361 causas
236 329 394 362 miseriae
415 330 604 372 impugnet,
627 340 667 362 ac
687 341 764 363 cum
786 332 927 364 avaritia
949 337 983 366 et
1005 334 1159 368 luxuriae
1180 337 1284 369 malas
1307 337 1449 371 fecerint

96 395 229 436 puellas
256 398 290 427 et
315 395 461 427 maxime
485 394 682 436 Nemesim,
720 396 751 428 in
779 394 838 428 has
865 407 918 429 res
943 398 1110 433 invehitur
1138 402 1250 434 iratus.
1302 404 1352 436 Ac
1377 403 1448 446 pri-

95 469 186 492 mum
221 459 358 502 quidem
392 461 566 493 avaritiam
599 461 826 495 insatiabilem
853 462 1011 497 Nemesis
1044 477 1166 509 magna
1191 478 1265 501 cum
1292 467 1448 511 indigna—

95 526 188 558 tione
222 525 373 558 ostendit
405 530 441 558 et
475 528 645 569 exagitat,
680 531 751 560 tum
787 532 965 562 crescente
999 531 1124 564 affectu
1159 537 1375 575 exsecratur,
1408 541 1447 570 ut

95 592 323 633 narravimus,
369 592 505 625 omnino
540 597 699 625 auctores
736 595 900 627 avaritiae
937 597 1098 638 puellaris
1135 602 1169 631 et
1202 599 1342 632 Nemesi
1378 600 1444 644 ipsi

95 668 224 702 poenas
250 658 457 701 imprecatur
481 669 612 701 graves.
664 661 743 695 Quo
769 661 846 693 loco
870 672 1013 704 moneo,
1036 674 1076 696 ne
1102 664 1152 697 his
1175 667 1277 699 rebus
1303 678 1446 710 magno-

95 734 177 767 pere
203 724 366 757 offensam
399 724 519 757 credas
552 725 738 759 Nemesim.
788 726 866 759 Non
892 731 970 760 sunt
995 730 1094 762 alieni
1121 732 1206 764 tales
1231 733 1375 766 affectus
1401 733 1445 766 ab

97 791 281 822 amantium
308 790 554 823 consuetudine
579 791 641 823 sub
663 792 874 825 meridionali
901 794 1008 834 caelo,
1034 798 1139 828 testes
1165 797 1327 831 luculenti
1347 810 1443 832 amo-

94 855 140 887 ris
165 855 410 897 ardentissimi,
445 857 568 899 quibus
593 858 668 890 fieri
702 869 767 891 nou
802 863 937 903 poterat
971 862 1050 903 quin
1077 872 1180 906 saepe
1212 869 1441 909 moverentur,

96 924 308 954 terrerentur
342 923 477 964 puellae
515 927 550 956 et
587 924 741 957 mitiores
777 926 908 959 fierent.
970 926 1090 969 Neque
1128 932 1239 962 tamen
1278 929 1327 964 liis
1363 932 1446 965 solis

95 987 234 1020 confidit
259 987 438 1029 TibulluS,
464 999 528 1022 nec
554 990 641 1022 finiri
675 1001 810 1023 carmen
838 990 902 1024 lioc
928 992 1029 1025 modo
1058 997 1213 1038 poterat;
1246 996 1305 1029 sed
1331 1001 1444 1030 muta-

94 1056 150 1085 tur
186 1057 359 1096 postremo
393 1055 573 1087 sententia.
631 1055 787 1088 Revocat
822 1067 859 1088 se
895 1067 982 1090 nunc
1020 1058 1062 1090 ab
1101 1060 1166 1092 ista
1198 1061 1372 1095 iracundia
1410 1067 1445 1096 et

93 1130 284 1161 agnoscens
322 1121 530 1153 voluntatem
571 1122 704 1164 puellae
738 1133 902 1156 summam
941 1124 1004 1156 sibi
1045 1125 1155 1167 legem
1194 1137 1268 1159 esse
1305 1128 1443 1170 debere,

94 1187 262 1219 submittit
286 1197 323 1219 se
349 1187 495 1229 denique
528 1186 604 1220 liuic
638 1189 793 1231 penitus,
826 1194 981 1232 paratum
1006 1201 1043 1224 se
1069 1191 1239 1226 affirmans
1265 1194 1306 1226 ad
1333 1196 1445 1228 onmia

94 1262 182 1293 quae
209 1252 376 1294 postulet,
411 1253 438 1284 si
465 1252 565 1284 modo
592 1252 706 1285 favore
734 1254 806 1286 eius
831 1254 975 1288 fruatur.
1026 1257 1159 1291 Quibus
1185 1259 1296 1292 verbis
1323 1271 1445 1302 quem-

97 1318 281 1350 admodum
307 1319 485 1351 consilium
513 1319 646 1360 elegiae
672 1319 877 1360 absolvitur,
911 1331 987 1353 cum
1012 1321 1092 1355 nihil
1118 1327 1212 1356 esset
1235 1324 1277 1356 ad
1304 1325 1444 1358 flecten-

93 1383 170 1416 dam
192 1383 367 1416 Nemesim
392 1383 576 1425 efficacius,
601 1385 648 1417 ita
674 1385 829 1418 exitus
853 1386 962 1418 iustus
991 1387 1181 1430 adducitur,
1207 1390 1334 1423 sedatis
1361 1403 1445 1434 poen

91 1454 147 1484 tae
171 1451 241 1484 iris.
292 1451 422 1484 Tamen
451 1452 500 1484 vis
526 1452 669 1485 affectus
695 1463 817 1494 magna
849 1454 950 1485 etiam
977 1454 1008 1486 iu
1038 1455 1174 1488 ultimis.
1226 1456 1359 1501 Nempe
1384 1470 1444 1491 va-

93 1518 263 1551 ledixerat
296 1518 466 1559 libertati,
500 1522 538 1551 ut
571 1519 637 1552 iam
664 1518 745 1552 nihil
772 1523 880 1552 restet
904 1531 1003 1562 quam
1030 1523 1142 1564 perire
1167 1524 1201 1556 in
1226 1523 1291 1557 hoc
1318 1536 1445 1568 amore,

91 1585 182 1628 quod
213 1585 352 1619 factum.
403 1585 563 1618 Mortuus
588 1579 644 1618 est⁸
666 1587 755 1618 enim
781 1587 941 1619 Tibullus
967 1588 1001 1619 in
1028 1599 1144 1622 amore
1169 1590 1347 1633 Nemesis,
1383 1603 1445 1626 nec

91 1652 211 1684 mirum
245 1652 278 1683 in
310 1651 369 1683 tali
404 1655 499 1683 motu
525 1651 625 1682 animi
651 1650 878 1683 valetudinem
905 1651 1058 1684 fractam.
1119 1654 1334 1698 Magnopere
1359 1668 1442 1691 vero

90 1719 194 1750 miror
217 1718 398 1758 Vossmn,
423 1717 479 1758 qui
507 1716 608 1749 etiam
633 1714 687 1749 hic
711 1717 833 1750 iterum
859 1721 1017 1759 annotat,
1057 1720 1148 1761 quod
1174 1731 1279 1765 saepe
1304 1725 1442 1766 repetit,

91 1796 158 1818 nou
184 1785 280 1818 nimis
306 1784 396 1817 serio
429 1784 520 1826 loqui
550 1787 706 1827 poetam,
743 1784 803 1816 sed
830 1785 939 1818 lusum
964 1787 1075 1820 inesse
1101 1789 1224 1823 verbis.
1274 1790 1340 1823 Ubi
1367 1795 1442 1824 tan-

91 1852 169 1886 dem
195 1862 312 1886 verum
337 1851 499 1885 affectum
525 1851 706 1894 agnoscis,
731 1851 759 1884 si
785 1850 837 1885 liic
863 1862 929 1886 non
955 1854 1038 1887 est?

588 2199 942 2241 EXPLICATIO.

187 2370 229 2404 V.
266 2371 381 2402 1-12.
431 2368 692 2403 Exordium.
742 2371 970 2406 Queritur
1013 2372 1255 2406 servitium
1301 2374 1440 2406 triste

94 2436 298 2470 Nemesis
331 2440 374 2469 et
406 2435 611 2477 dolores,
647 2446 758 2478 quos
792 2437 986 2480 patitur,
1022 2436 1257 2473 describit.

188 2501 229 2534 V.
257 2503 273 2533 1
303 2511 375 2543 sqq.
425 2501 530 2542 Hic,
565 2501 760 2539 δεικτικῶς,
795 2502 826 2533 in
865 2500 914 2534 liis
947 2503 1138 2545 amoribus,
1177 2504 1209 2537 iu
1240 2504 1302 2538 liae
1328 2515 1440 2538 rerum

94 2568 288 2601 conditione
313 2569 370 2601 ubi
394 2579 521 2601 versor.
572 2570 636 2601 Alii
673 2569 715 2601 de
750 2574 904 2613 tempore
937 2581 1121 2613 pronomen
1157 2573 1312 2616 capiunt,
1350 2573 1439 2616 (mod

92 2636 119 2666 si
156 2635 318 2667 voluisset
354 2638 474 2678 poeta,
510 2635 580 2667 iam
619 2636 772 2671 dixisset.
806 2655 850 2661 —
903 2638 1140 2671 servitium
1178 2650 1254 2672 cum
1292 2639 1440 2682 emphasi

1021 2707 1068 2742 17
