1721 2953
503 116 646 157 LIBR.
674 117 723 156 II.
784 115 942 157 ELEG.
972 120 1023 160 V.
1354 125 1433 160 281

92 232 149 275 qui
175 233 275 267 etiam
301 223 397 275 εὖχος
422 233 553 268 confert
580 233 613 267 in
645 233 845 278 epigramm.
881 233 1045 269 Pmmon.
1082 235 1141 269 Br.
1168 235 1267 271 Anal.
1292 235 1319 278 Ι,
1345 237 1435 269 17οε

88 298 206 342 χαλκῷ
229 295 410 344 μορφώσας
433 310 486 335 τις
512 293 690 342 ὅδοιπόρος
717 288 815 340 εὖχος
839 298 971 343 ἔθηκεν.
1020 301 1130 334 Porro
1156 300 1247 345 quod
1273 300 1438 334 fistula

92 363 203 397 dicata
228 374 331 408 saepe
364 367 416 398 est
448 363 490 396 ab
517 362 580 404 iis,
617 363 676 405 qui
702 366 815 397 artem
840 364 983 398 canendi
1008 366 1227 408 abiurabant‚
1264 369 1302 399 ut
1326 366 1437 400 Vmc.

25 440 34 448 ·
92 429 213 473 Eclog.
240 430 316 472 VII,
341 431 417 472 21.,
450 430 598 463 alienum
632 433 685 463 est
717 429 760 463 ab
791 428 857 463 hoc
891 431 980 465 loco,
1031 432 1098 465 Hic
1123 433 1165 466 de
1190 431 1287 465 donis
1311 432 1437 475 agitur,

92 506 180 538 quae
204 498 358 538 pastores
383 506 444 540 pro
470 497 706 530 incolumitate
732 500 792 530 aut
817 497 902 531 flore
929 499 1045 541 gregis
1076 499 1256 533 vovebant.
1279 517 1326 523 —
1360 499 1438 532 sil·

89 561 234 594 vestri
269 561 369 605 deo,
405 563 565 605 Silvano,
598 567 636 596 ut
669 563 827 597 viderunt
859 563 1033 598 Hermus
1058 569 1093 598 et
1121 565 1292 606 Vossms3
1333 574 1438 607 aegre

91 628 179 662 enim
212 628 247 661 in
281 629 339 662 tali
372 630 587 673 antiquorum
618 634 812 675 temporum
847 630 1075 675 descriptione
1107 632 1234 665 Silvani
1268 631 1437 664 mentione

102 697 272 730 caruerint
306 701 452 733 veteres.
500 698 656 733 Vidimus
692 698 735 732 de
768 709 810 732 eo
840 698 935 740 adl,
964 701 994 740 1,
1022 700 1076 732 14.
1124 698 1242 732 Ieiune
1274 699 1330 732 alii
1365 699 1439 732 col*

98 763 221 796 lective
245 762 374 795 Tibulli
399 763 502 796 verba
529 764 703 807 explicant
727 763 770 797 de
796 763 860 797 diis
885 765 1078 806 agrestibus
1103 765 1312 806 generatim3
1351 775 1438 808 poe-

97 832 152 861 tae
175 832 286 862 certas
316 839 478 873 personas
506 829 713 873 praeferunt.
762 831 903 864 Sciebat
927 841 1008 864 vero
1034 830 1122 864 haud
1148 831 1249 865 dubie
1274 832 1435 865 Silvanus

92 896 204 928 fistula
238 904 362 928 cauere
386 896 586 939 pastoritia,
619 900 660 930 ut
693 897 921 931 delectaretur
945 897 1009 931 boc
1039 898 1129 931 dono
1164 898 1228 930 sibi
1259 907 1436 942 suspenso.

92 961 145 996 Cf.
172 963 276 996 Voss.
301 962 344 995 ad
371 963 466 1005 Virg.
491 961 566 996 Ecl.
584 962 629 1005 X,
654 965 711 1006 24,
735 976 767 1009 p.
788 967 866 999 191.
916 965 1095 999 Postremo
1120 965 1312 999 memineris
1337 965 1439 998 silvas

91 1030 253 1072 lucosque
288 1029 369 1062 olim
403 1029 529 1072 ubique
562 1029 667 1063 fuisse
700 1030 735 1063 in
769 1030 940 1064 montibus
964 1030 1140 1064 Romanis.
1188 1031 1248 1064 Sic
1272 1031 1305 1063 in
1330 1031 1438 1064 inter-

89 1095 218 1127 montio
244 1093 403 1137 Capitolii
430 1095 497 1128 duo
522 1101 686 1139 querceta
714 1102 834 1140 erant,
871 1098 937 1131 alia
970 1108 1090 1131 versus
1115 1097 1268 1130 Tiberim
1293 1097 1439 1131 descen-

92 1160 240 1203 debant,
280 1165 318 1195 ut
352 1172 471 1196 nemus
504 1164 662 1206 Argileti.
711 1165 848 1199 Caelius
875 1165 956 1198 olim
985 1165 1287 1207 Querquetulanus
1313 1163 1438 1204 dictus,

91 1226 180 1259 inter
215 1227 369 1261 Caelium
407 1231 442 1262 et
474 1227 647 1271 Esquilias
683 1233 756 1263 erat
787 1230 956 1272 Fagutal,
992 1234 1027 1263 et
1060 1229 1233 1272 Esquiliae
1267 1230 1361 1273 ipsae
1395 1228 1438 1261 ab

91 1293 229 1325 aesculo
257 1303 379 1326 nomen
414 1296 603 1327 traxerunt.
655 1294 843 1327 Aventinus
867 1298 980 1327 autem
1007 1295 1107 1328 etiam
1133 1295 1322 1338 posteriore
1350 1297 1440 1327 tem«

94 1368 178 1401 pore
204 1359 370 1391 lauretum
405 1357 552 1392 babebat
586 1360 618 1392 in
654 1361 832 1402 superiore
866 1364 984 1403 parte,
1025 1364 1059 1393 et
1090 1360 1309 1393 descendenti
1343 1360 1439 1393 ilices

91 1424 272 1457 umbrosae
305 1434 343 1458 se
376 1425 564 1458 offerebant
589 1425 632 1458 ad
657 1426 786 1460 fontem
811 1430 941 1460 stantes
965 1426 1086 1459 Fauno
1112 1426 1267 1468 Picoque
1292 1436 1438 1458 sacrum.

87 1489 241 1522 Fuerunt
274 1490 420 1534 denique
454 1491 555 1524 etiam
588 1491 623 1524 in
657 1491 814 1524 Palatino
849 1491 938 1533 luci,
974 1495 1013 1525 ut
1038 1491 1166 1525 Vestae
1200 1491 1295 1524 lucus
1320 1501 1438 1523 versus

90 1555 212 1598 forum,
238 1556 324 1590 alius
349 1567 469 1590 versus
492 1557 693 1600 Velabrum,
718 1569 782 1591 nec
806 1558 946 1591 dubium
973 1558 1075 1590 etiam
1103 1558 1183 1590 olim
1210 1558 1243 1590 in
1270 1567 1310 1590 eo
1336 1557 1439 1590 silvas

90 1623 236 1655 stetisse.
304 1623 412 1657 Vides
458 1623 540 1656 satis
580 1623 733 1655 locorum
781 1622 839 1655 ubi
882 1621 1026 1664 degeret
1068 1622 1225 1654 silvester
1261 1621 1355 1654 deus.
1392 1640 1438 1646 —

90 1687 132 1720 V.
159 1689 216 1720 31.
242 1689 300 1720 32.
334 1687 524 1720 Fistula.
574 1686 753 1730 Repetitio
788 1686 882 1720 vocis
907 1685 961 1719 hic
986 1686 1122 1728 quidem
1150 1686 1328 1719 manifesto
1354 1696 1439 1719 con-

95 1752 277 1785 tinuandae
303 1752 705 1795 descriptionilinservit,
740 1761 816 1785 cum
842 1751 1020 1784 relativum
1046 1751 1170 1784 nudum
1197 1752 1359 1784 minorem
1386 1751 1437 1783 vi-

88 1829 209 1862 gorem
243 1818 426 1853 habuisset.
484 1820 614 1852 Similis
652 1818 849 1852 Homssch
885 1818 974 1851 ratio
1015 1818 1055 1851 Il.
1081 1818 1126 1860 Il,
1154 1820 1235 1852 838.
1272 1818 1331 1860 vl,
1357 1820 1438 1851 396.

88 1887 164 1928 VII,
191 1889 268 1919 138.
308 1886 433 1928 Odyss.
458 1885 485 1928 I,
510 1888 568 1927 23,
594 1886 638 1920 al.
686 1885 797 1918 Porro
832 1885 986 1919 Vmort..
1014 1886 1144 1927 Georg.
1170 1885 1197 1926 Ι,
1221 1887 1303 1918 246.
1354 1886 1438 1918 Aliis

90 1953 173 1986 locis
206 1947 322 1988 πάθος
357 1953 464 1992 inest,
513 1953 552 1984 ut
589 1951 779 1984 Pnovssm.
812 1949 840 1992 I,
865 1953 899 1992 3,
924 1953 981 1983 25.
1008 1952 1065 1982 32.
1117 1953 1171 1991 11,
1199 1953 1254 1982 19.
1298 1953 1354 1991 16,
1381 1952 1435 1982 17.

87 2016 188 2060 Apud
214 2016 387 2050 Tibullum
413 2016 530 2050 confer
555 2016 645 2048 dicta
680 2014 724 2048 ad
748 2015 775 2057 I,
800 2017 834 2057 3,
859 2018 892 2049 5.
952 2015 1113 2049 Ceterum
1139 2016 1302 2049 describit
1335 2020 1437 2060 poeta

88 2082 142 2116 bic
184 2094 229 2117 ex
272 2084 386 2117 cannis
429 2081 664 2126 inaequalibus
706 2084 918 2124 compactam
960 2091 1038 2115 cera
1084 2082 1241 2115 fistulam.
1311 2081 1437 2114 Confer

89 2151 244 2183 Aenum.
269 2150 361 2183 TA'r.
386 2150 480 2191 VIII,
505 2160 535 2182 c.
555 2152 586 2182 6.
613 2159 690 2191 pag.
713 2150 791 2183 174.
818 2147 899 2181 edit.
925 2148 1071 2189 Jacobs„
1100 2149 1207 2181 Ovm.
1234 2147 1321 2180 Met.
1342 2147 1437 2189 VIII,

91 2219 159 2249 189
186 2227 259 2258 sqq.
292 2217 444 2258 aliosque
470 2216 561 2248 locos
588 2225 641 2258 ap.
667 2215 976 2248 BRoucxuusmM.
1028 2214 1115 2247 Add.
1144 2215 1243 2249 Voss.
1270 2213 1313 2247 ad
1338 2214 1434 2255 Virg.

90 2283 212 2326 Eclog.
238 2283 284 2324 Il,
308 2285 364 2316 35.
415 2284 459 2315 At
484 2281 666 2325 particulas
699 2292 880 2325 semper
902 2285 936 2314 et
961 2291 1105 2323 usquc
1132 2280 1175 2313 de
1202 2280 1320 2314 ordine
1346 2288 1433 2323 pau-

90 2349 184 2382 latim
219 2352 254 2382 et
287 2349 482 2382 continuate
516 2348 734 2382 decrescente
770 2349 898 2392 positas
935 2348 1147 2380 Hos-camus
1183 2350 1309 2380 monet.
1366 2346 1438 2379 Po-

89 2419 216 2449 stremo
254 2427 320 2450 non
353 2416 501 2449 ieiunum
536 2417 629 2450 dices
664 2421 913 2461 pentametrum
952 2426 1015 2448 nec
1048 2419 1157 2448 totum
1184 2414 1372 2456 distichon,
1407 2414 1436 2446 si

90 2484 282 2517 memineris
306 2484 454 2518 suaviter
479 2484 601 2516 morari
628 2488 751 2527 poetae
776 2483 1022 2526 cogitationem
1048 2483 1081 2515 in
1107 2481 1325 2525 simplicitate
1349 2481 1434 2513 isto-

91 2558 163 2580 rum
191 2551 391 2592 temporum.
443 2549 531 2582 Hinc
559 2550 659 2582 etiam
696 2549 842 2581 fistulam
877 2547 1029 2581 studiose
1061 2546 1224 2581 describit
1258 2551 1292 2580 et
1324 2545 1434 2589 expli-

91 2617 163 2654 cat,
198 2617 235 2647 ut
259 2613 350 2657 quod
376 2615 519 2649 libenter
546 2621 579 2650 et
606 2626 727 2659 magna
754 2626 829 2649 cum
857 2616 1029 2659 voluptate
1056 2614 1207 2649 facimus.
1269 2612 1433 2646 Similiter
