1721 2953
614 139 856 180 TIBULLI.
1320 154 1411 178 omn

64 253 104 291 iu
148 251 452 292 Commentario
497 249 712 291 docuimus
754 251 943 291 consulto
986 248 1037 290 ad
1078 263 1208 289 unum
1245 248 1410 288 titulum

64 328 247 380 praefixo
288 326 497 366 communi
531 326 782 378 pronomine
817 327 929 366 Haec
968 333 1230 374 revocatum,
1274 332 1318 363 ut
1357 324 1413 363 sic

63 411 295 457 opponatur
318 401 575 442 antecedenti
600 401 796 455 distic1103
824 401 1014 454 repetitio
1039 401 1297 454 pronominis
1321 408 1413 438 ante

60 480 180 533 tepido
219 478 407 517 turbaret
445 492 594 518 verum
634 492 813 517 sensum.
884 476 1008 526 Quod
1041 478 1164 528 igitur
1199 475 1415 515 W'under-

60 554 205 593 lichius
236 554 330 591 haec
362 552 557 592 omissum
597 561 734 593 censet
772 561 864 592 ante
897 554 1040 606 lepido,
1081 553 1124 590 in
1154 566 1202 591 eo
1237 552 1415 600 fallitur3

62 628 140 666 alio
180 626 224 665 in
263 628 356 666 loco
398 626 527 668 dividi
571 637 710 680 posset
752 629 831 667 hoc
872 627 994 667 modo
1034 626 1261 675 distichon,
1305 641 1415 665 nunc

61 710 198 740 autem
228 715 312 741 non
342 711 501 754 potest,
535 717 622 743 non
648 702 805 743 debuit.
861 702 968 743 Vide
996 716 1106 742 nunc
1133 703 1257 740 alium
1280 703 1414 741 locum

60 776 100 826 Ι,
132 782 169 827 ’7,
197 780 250 815 29
279 790 396 831 sqq.:

173 853 338 893 Primus
369 861 503 892 aratra
532 867 657 891 mauu
694 853 849 893 sollerti
882 851 976 892 fecit
1008 848 1139 891 Osiris

229 929 283 968 Et
313 938 498 968 teneram
534 929 646 968 ferro
677 928 911 969 sollicitavit
939 928 1136 976 humum,

173 1003 335 1043 Primus
369 1005 610 1057 inexpertae
640 1005 841 1045 commisit
870 1005 1026 1043 semina
1054 1012 1187 1042 terrae

230 1082 442 1134 Pomaque
474 1095 561 1121 non
593 1081 702 1120 notis
731 1080 827 1131 legit
858 1081 908 1119 ab
942 1079 1177 1119 arboribus,

64 1154 143 1194 Hic
170 1169 246 1207 per
277 1170 318 1195 se
347 1164 511 1208 poterat
543 1165 706 1209 quatter
734 1156 836 1207 poni
860 1158 1022 1208 primns,
1058 1162 1105 1193 ut
1130 1154 1161 1203 I,
1190 1157 1226 1204 9,
1252 1153 1420 1191 31-34.

68 1237 268 1281 quattuor
300 1231 355 1269 sic
386 1229 516 1271 divisa
545 1232 731 1270 membra
761 1229 888 1270 vides.
946 1228 1026 1269 Sed
1054 1229 1136 1268 illic
1165 1237 1259 1280 apta
1284 1241 1350 1266 res
1377 1228 1420 1265 iu

69 1305 356 1355 obiurgatione
385 1306 642 1356 gravissima,
672 1307 796 1356 vulgo
828 1312 983 1353 autem,
1020 1305 1093 1343 ubi
1122 1305 1251 1343 multa
1279 1317 1422 1342 recen-

67 1387 228 1428 sentur,
272 1388 317 1418 ut
352 1394 462 1419 nunc
499 1388 595 1420 sunt
626 1378 800 1420 Osiridis
833 1378 999 1430 laudes,
1041 1386 1223 1431 praestat
1263 1378 1421 1429 singula

67 1454 217 1493 arctius
255 1455 498 1494 contrahere
530 1456 574 1494 in
608 1455 784 1494 unitates
821 1456 1012 1494 maiores.
1082 1453 1148 1493 Sic
1188 1467 1293 1507 quae
1335 1453 1422 1492 aliis

66 1530 108 1568 in
141 1531 239 1570 locis
276 1533 424 1571 fortius
462 1531 639 1584 disiungi
675 1539 848 1584 possunt
880 1532 1054 1585 repetita
1087 1532 1323 1583 anaphora,
1367 1540 1425 1570 est

67 1606 141 1644 ubi
182 1608 328 1646 melius
374 1607 680 1659 coniungantur
718 1608 881 1660 copula.
962 1605 1078 1655 Quae
1119 1620 1185 1646 res
1224 1604 1422 1644 iudicium

70 1690 301 1720 accuratum
341 1684 537 1734 postulat.
609 1683 722 1722 Haec
761 1683 974 1722 hactenus.
1005 1704 1061 1710 ——
1131 1684 1322 1721 Postremo
1364 1680 1425 1718 di-

70 1757 232 1807 stinguo
271 1770 342 1795 eos
382 1758 519 1806 locos,
561 1759 635 1796 ubi
673 1758 843 1796 omnino
883 1771 969 1796 non
1006 1758 1099 1796 licet
1138 1770 1214 1808 per
1250 1756 1423 1806 logicam

68 1841 258 1885 repetere
289 1833 566 1884 anaphoram,
602 1846 693 1870 cum
725 1830 887 1872 diversa
915 1831 966 1871 sit
992 1831 1099 1871 ratio
1130 1833 1424 1879 membrorum,

71 1915 117 1947 ut
149 1908 190 1956 Ι,
217 1911 267 1956 2,
295 1911 363 1946 22.
396 1907 488 1946 loco
521 1920 646 1958 supra
677 1908 825 1945 allato:

184 1983 259 2022 Illa
288 1981 378 2023 viro
409 1995 548 2021 coram
584 1990 710 2020 nutus
741 1982 928 2021 conferre
957 1982 1152 2033 loquaces

237 2056 481 2110 Blandaque
512 2057 748 2110 compositis
787 2055 938 2095 abdere
969 2056 1097 2096 verba
1126 2054 1249 2094 notis.

72 2132 155 2171 Aut
190 2133 230 2180 I,
264 2137 309 2180 6,
339 2136 421 2170 22;

183 2206 277 2245 Neu
313 2215 352 2245 te
387 2204 565 2258 decipiat
599 2213 724 2253 nutu,
767 2203 977 2259 digitoque
1013 2205 1220 2258 liquorem

243 2281 307 2320 Ne
341 2281 477 2319 trahat·
512 2289 549 2320 et
585 2294 751 2320 mensae
788 2279 910 2320 ducat
944 2281 988 2319 in
1023 2281 1122 2319 orbe
1160 2286 1300 2327 notas,

75 2357 147 2395 ubi
179 2371 263 2397 non
294 2357 560 2396 continuatur
588 2355 734 2396 divisio
761 2370 903 2395 rerum
930 2357 1060 2407 logica
1090 2354 1139 2394 ad
1172 2355 1317 2405 finem,
1359 2355 1425 2393 scd

79 2431 219 2471 ultimo
257 2432 445 2472 membro
481 2430 727 2471 antecedens
763 2431 965 2471 sententia
996 2431 1084 2470 aliis
1120 2431 1258 2471 verbis
1291 2428 1429 2469 reddi-

78 2514 157 2545 tur.
222 2507 309 2545 Iam
343 2505 523 2545 diximus
554 2514 755 2559 quantum
788 2506 883 2545 satis
912 2505 961 2545 de
995 2507 1058 2545 his
1088 2507 1228 2546 rebus.
1288 2504 1428 2545 Redeo

78 2582 119 2619 in
156 2582 276 2621 viam.
333 2581 474 2621 Utitur
503 2582 712 2631 Tibullus,
744 2589 789 2621 ut
819 2580 923 2631 dixi,
958 2583 1170 2634 anaphora
1194 2583 1236 2621 in
1263 2581 1429 2623 divisio-
