1721 2953
466 121 707 167 TIRULLI
756 121 865 167 LIB.
895 122 947 167 ΙΙ.
974 131 1012 168 3.
1329 121 1392 168 45

73 250 148 295 5O
173 267 269 311 ego,
300 264 398 293 cum
419 245 663 310 aspicerem
688 244 931 303 dominam,
963 263 1096 309 quam
1116 244 1290 292 fortiter
1307 244 1396 292 illic

176 337 403 380 Versarem
442 330 589 377 valido
626 331 794 396 pingue.
830 330 1011 377 bidente
1047 330 1190 378 solum

101 416 425 481 Agricolaeque
459 416 595 463 modo
631 435 812 464 curvum
846 428 1038 463 sectarer
1069 428 1289 474 aratrum,

165 505 285 550 Dum
322 503 539 566 subigunt
570 501 740 549 steriles
775 521 876 548 arva
915 502 1105 549 serenda
1138 502 1299 550 boves!

104 592 195 636 Nec
233 607 468 654 quererer,
508 589 631 654 quod
667 588 733 635 sol
770 588 957 652 graciles
996 601 1195 635 exureret
1232 600 1378 646 artus,

52 688 95 722 10
173 675 389 721 Laederet
426 687 465 721 et
501 686 674 722 teneras
712 673 892 739 pustula
929 686 1060 739 rupta
1093 693 1264 721 manus.

104 761 230 807 Pavit
266 773 307 807 et
341 761 521 807 Admeti
558 772 709 807 tauros
745 760 970 807 formosus
1002 759 1191 824 Apollo⁷

170 848 262 895 Nec
294 848 464 895 cithara
502 847 706 894 intonsae
743 846 1064 912 profueruntve
1099 864 1278 907 comae,

105 935 196 981 Nec
232 935 377 1000 potuit
416 953 544 981 curas
579 952 737 980 sanare
775 931 1034 980 salubribus
1070 931 1249 978 herbis:

178 1020 410 1085 Quicquid
447 1032 538 1067 erat
571 1020 770 1067 medicae
802 1019 967 1066 vicerat
999 1019 1106 1064 artis
1144 1037 1282 1065 amor.

102 1108 202 1171 Ipse
240 1106 350 1153 deus
387 1105 543 1154 solitus
581 1104 768 1153 stabulis
805 1103 1020 1169 expellere
1053 1123 1206 1152 vaccas

106 1252 162 1299 Et
198 1253 383 1299 miscere
422 1271 537 1298 novo
575 1252 781 1298 docuisse
820 1251 1007 1315 coagula
1040 1252 1178 1308 lacte,

153 1340 341 1385 Lacteus
377 1349 417 1383 et
452 1337 612 1383 mixtus
645 1336 897 1400 obriguisse
934 1336 1095 1401 liquor.

58 1425 228 1470 15Τ11111
261 1421 427 1469 fiscella
466 1422 546 1468 levi
585 1422 757 1469 detexta
795 1434 859 1469 est
890 1422 1053 1469 vimine
1089 1422 1234 1479 iunci‚

173 1511 382 1574 Raraque
419 1527 500 1574 per
535 1527 674 1555 nexus
705 1520 770 1555 est
808 1508 877 1555 via
909 1508 1025 1555 facta
1061 1527 1173 1555 sero.

109 1596 149 1641 O
188 1595 395 1660 quotiens
432 1594 508 1641 illo
544 1593 727 1641 vitulum
769 1606 967 1657 gestante
1002 1613 1084 1659 per
1120 1613 1252 1658 agros

176 1682 354 1727 Dicitur
389 1699 629 1727 occurrens
667 1680 900 1726 erubuisse
934 1680 1085 1726 soror!

113 1766 154 1811 Ο
190 1767 395 1831 quotiens
435 1784 591 1821 ausae,
641 1776 817 1811 caneret
851 1764 959 1811 dum
997 1764 1106 1811 valle
1143 1764 1227 1810 sub
1265 1763 1373 1822 alta,

58 1868 103 1901 20
182 1855 409 1917 Rumpere
447 1851 620 1914 mugitu
659 1851 857 1897 carmina
895 1850 1024 1898 docta
1062 1851 1221 1897 hoves!

116 1941 257 2004 Saepe
291 1938 426 1985 duces
463 1936 650 2002 trepidis
684 1937 849 2002 petiere
887 1936 1069 1984 oracula
1099 1937 1258 1993 rebus,

177 2025 310 2074 Venit
345 2036 385 2071 et
418 2043 441 2071 a
474 2023 649 2088 templis
685 2023 810 2070 irrita
842 2023 975 2070 turba
1012 2023 1221 2070 domum:

153 2184 244 2217 V.5.
280 2183 373 2216 Male
411 2183 467 2216 alii
497 2182 590 2217 dum.
615 2201 660 2206 —
710 2182 963 2225 aspicerem
999 2180 1232 2215 dominam.
1294 2180 1409 2222 Vulgo

58 2251 191 2282 incerto
220 2252 360 2281 auctore
384 2247 557 2279 dominam
581 2246 806 2291 adspicerem.

152 2325 268 2358 V.10.
302 2328 356 2357 et.
407 2324 521 2365 Vulgo
547 2329 613 2355 aut
645 2323 721 2356 inde
750 2323 792 2355 ab
821 2322 922 2355 Anno
950 2324 1055 2356 1515.
1078 2340 1125 2346 —
1181 2322 1267 2356 Post
1302 2333 1332 2357 v,
1350 2325 1405 2357 14.

59 2390 163 2432 vulgo
189 2390 392 2422 omittuntur
421 2387 450 2421 hi
482 2393 571 2421 tres:
611 2388 713 2431 lpse
746 2387 854 2419 deus
887 2391 974 2426 cet.‚
1007 2387 1061 2419 Et
1094 2387 1289 2421 miscere
1321 2399 1406 2430 sqq.‚

61 2454 255 2487 Lacteus
280 2466 352 2496 sqq.
372 2473 418 2478 —
469 2454 509 2486 V.
529 2455 580 2485 19.
610 2452 723 2495 dum,
748 2456 852 2485 recte.
905 2451 1006 2487 Quod
1030 2452 1221 2495 Hamus,
1246 2454 1408 2494 Vossms,

62 2519 222 2551 BAcmus
267 2519 500 2562 praetulerunt
547 2530 678 2564 quarn,
733 2521 934 2562 spreverunt
977 2521 1070 2552 recte
1113 2528 1190 2552 cum
1233 2518 1289 2552 alii
1334 2522 1403 2551 tum

63 2583 280 2617 Huscuxms.
