1721 2953
290 187 367 223 368
601 177 970 222 COMMENTAR.
1000 179 1061 222 IN
1091 181 1318 223 TIBULLI

289 310 364 335 cum
397 299 529 332 incaute
567 294 738 337 locutum,
775 293 836 328 sed
870 305 936 329 non
971 294 1074 330 debet·
1105 299 1289 340 propterea
1323 296 1475 342 spurium
1511 295 1628 332 haberi

289 365 466 401 distichon.
492 381 539 388 -—

381 432 422 465 V.
444 427 574 462 21—ad
594 427 707 461 finem.
755 426 914 460 Altera
939 437 1045 471 pars
1070 428 1294 462 carminis.
1341 428 1508 463 Iterum
1535 439 1629 473 pre-

290 503 419 535 catur
443 501 489 530 ut
515 499 670 541 parcat
694 495 835 528 Orcus
860 495 983 529 vitae
1006 507 1089 529 non
1114 500 1314 530 maturae
1337 497 1494 539 morti,
1519 507 1630 530 man-

289 565 453 607 datque
484 563 527 595 in
559 561 654 595 sine
687 560 821 593 etiam
855 561 1016 593 amicis
1049 560 1335 604 valedicens,
1370 565 1418 595 ut
1449 572 1631 596 succur-

291 635 390 666 rant
414 634 457 664 et
482 628 772 663 sacrificium
796 627 1072 671 promittant
1095 628 1298 661 Plutoni.

382 698 426 733 V.
443 699 487 730 21
509 707 560 739 sq·
586 695 848 739 quicunque
875 694 1057 727 tenetis,
1105 693 1217 726 Antea
1240 694 1484 737 Proserpinam
1510 703 1631 737 preca-

290 770 345 799 tus
370 767 464 806 erat,
497 772 586 795 nunc
612 762 646 794 in
671 761 818 804 repetita
842 760 1042 803 precatione
1066 759 1228 792 intentior
1251 769 1369 793 omnes
1395 759 1478 792 deos
1505 759 1633 794 inferos

290 835 377 867 orat.
425 829 513 863 Erat
537 839 653 862 eorum
678 837 821 870 magnus
840 836 1070 867 uurnerus.—-
1107 826 1340 870 pallentes
1364 825 1523 868 undas,
1546 836 1634 869 quae

290 898 466 933 includunt
490 896 631 930 Orcum.
677 893 860 926 Pallentes
885 897 923 926 ut
948 903 1050 937 supra
1071 883 1133 935 111,
1156 895 1188 935 l,
1207 896 1274 926 28:
1296 893 1439 937 pallida
1465 905 1575 939 aqua,
1593 912 1632 918 —

290 967 411 999 Dura
435 962 577 996 tertia
610 970 722 1003 regn
733 970 766 993 a.
813 960 932 1002 Agunt
957 958 1010 992 hic
1035 959 1238 1003 interpretes
1263 959 1305 992 de
1331 958 1464 992 duobus
1490 959 1632 993 adiecti-

291 1031 340 1066 vis
367 1028 491 1063 diversi
515 1028 651 1071 generis
676 1027 734 1059 uni
759 1026 970 1060 substantivo
1003 1026 1150 1068 iunctis,
1186 1026 1490 1068 Buoucxnusms,
1526 1027 1632 1059 Hmr-

290 1106 393 1138 Nms,
415 1095 597 1132 BAcums,
621 1103 764 1136 quorum
793 1093 922 1136 primus
946 1103 1103 1135 magnam
1128 1092 1262 1135 copiam
1287 1093 1519 1135 exemplorum
1543 1096 1634 1126 attu-

291 1164 341 1197 lit.
390 1163 490 1196 Talia
513 1172 546 1198 v.
572 1172 601 1195 c.
627 1163 705 1194 sunt
730 1159 894 1192 Lucnu'r.
920 1159 964 1200 V,
988 1161 1055 1191 33:
1083 1156 1278 1202 Aureaque
1303 1157 1536 1200 Hesperidum
1561 1170 1636 1191 ser-

290 1242 380 1265 vans
405 1227 587 1275 fulgentia
610 1226 705 1259 mala
729 1245 777 1251 —
800 1237 960 1269 serpens,
986 1225 1096 1259 VIRG.
1122 1224 1207 1257 Aen.
1230 1223 1291 1266 VI,
1318 1226 1408 1257 603:
1434 1223 1553 1256 lacent
1572 1236 1635 1270 ge-

291 1296 446 1330 nialibus
484 1294 571 1327 altis
602 1293 729 1327 Aurea
759 1292 890 1338 falcra
925 1291 1026 1325 toris.
1081 1290 1155 1325 Nos
1189 1290 1232 1323 de
1268 1286 1380 1324 care
1414 1290 1560 1324 diximus
1592 1290 1637 1324 ad

291 1364 452 1397 PrNDAR.
484 1360 574 1403 Pyth
615 1360 678 1402 IX,
712 1370 792 1403 pag.
818 1363 900 1393 305.
949 1359 1038 1394 vide
1071 1359 1172 1392 etiam
1208 1358 1351 1392 Censor.
1379 1358 1412 1390 in
1440 1358 1636 1392 Epnmmn.

294 1430 402 1463 Lwr.
431 1428 579 1461 mmm-s.
607 1428 708 1458 1812.
733 1425 795 1459 Nr.
823 1427 902 1458 160.
929 1436 962 1467 p.
981 1426 1062 1456 247.
1111 1423 1272 1455 Ceterum
1299 1422 1352 1455 hic
1375 1433 1456 1455 usus
1482 1423 1546 1455 etsi
1574 1433 1635 1466 per

293 1506 332 1529 se
355 1494 493 1527 minime
526 1492 630 1524 mirus
657 1493 759 1532 atque
785 1489 888 1522 etiam
918 1488 952 1520 in
984 1498 1085 1531 prosa
1109 1488 1284 1529 oratione,
1322 1491 1360 1520 ut
1387 1497 1447 1531 par
1471 1491 1546 1529 est,
1582 1487 1637 1521 liic

292 1560 362 1595 illic
381 1558 513 1599 obvius,
538 1556 774 1598 frequentatur
793 1558 906 1587 tamen
929 1553 1092 1596 imprimis
1114 1553 1146 1585 in
1168 1552 1355 1586 sublimiori
1380 1553 1486 1596 poesi.
1535 1554 1637 1597 Apud

294 1624 509 1668 Lygdamum
535 1620 626 1654 aliud
651 1619 846 1662 exemplum
872 1618 1017 1660 legimus
1042 1618 1131 1659 eleg.
1156 1619 1190 1658 3,
1217 1618 1293 1657 fin.,
1332 1617 1424 1650 aliud
1449 1618 1638 1652 videbimus

295 1694 384 1736 eleg.
410 1695 443 1733 6,
474 1692 530 1724 fin.
580 1688 736 1721 Tibullus
761 1695 833 1718 rem
857 1695 925 1717 non
962 1682 1075 1716 habet.
1100 1701 1148 1707 -—
1187 1684 1228 1718 V.
1254 1686 1300 1716 23
1326 1694 1401 1728 sqq.
1451 1684 1639 1727 Elysios

294 1766 492 1801 campos3
517 1764 594 1787 nam
620 1752 706 1786 dixit
727 1761 830 1794 supra
854 1748 960 1783 vitam
984 1759 1082 1782 suam
1107 1749 1208 1792 culpa
1233 1760 1385 1783 vacuam.
1402 1769 1449 1775 —
1475 1761 1587 1794 cogn
1599 1762 1638 1785 o-

294 1832 446 1864 scere,
482 1820 598 1862 adire,
634 1819 756 1851 visere.
799 1817 988 1852 Puopun'r.
1019 1815 1046 1858 I,
1080 1818 1112 1858 6,
1148 1818 1210 1849 13:
1249 1828 1312 1849 nec
1346 1816 1432 1849 milii
1462 1817 1511 1850 sit
1543 1818 1641 1851 tanti

296 1890 418 1923 doctas
443 1897 646 1933 cognoscere
671 1885 850 1918 Athenas.
900 1884 1091 1916 PINDARUS
1118 1883 1254 1927 Olymp.
1280 1883 1377 1926 Xlll,
1402 1886 1444 1918 32
1468 1881 1641 1926 γνώσομαι,

298 1954 362 1991 τάν
389 1953 508 1998 ὀλβίαν
532 1950 722 1998 Κόρινθον.
773 1951 955 1994 Aptissima
982 1949 1110 1982 locutio
1143 1950 1202 1982 ubi
1234 1960 1346 1983 sermo
1379 1950 1424 1984 de
1457 1952 1640 1994 praeclaris

296 2023 392 2057 locis,
419 2038 466 2046 —
508 2019 778 2052 Cimmerios
816 2018 963 2059 lacus,
1003 2017 1142 2050 flumina
1179 2016 1345 2060 paludosa
1382 2021 1461 2051 ante
1499 2019 1640 2052 Orcum.

296 2090 472 2122 ALmNov.
492 2085 537 2127 ΙΙ,
563 2088 605 2118 6:
641 2084 678 2115 It
705 2082 796 2115 redit
820 2082 856 2115 in
882 2088 1004 2115 vastos
1028 2093 1161 2125 semper
1185 2087 1314 2115 onusta
1341 2081 1462 2118 lacus,
1499 2082 1542 2116 de
1566 2087 1640 2117 rate

295 2157 448 2188 mortuos
473 2148 721 2184 transvehente.
774 2145 988 2183 Cimmerios,
1016 2145 1047 2179 11.
1075 2157 1104 2180 e.
1131 2146 1278 2188 inferos3
1312 2157 1387 2179 cum
1416 2145 1469 2180 hic
1493 2149 1641 2191 populus

295 2217 466 2252 habitaret
497 2219 576 2249 ante
610 2215 749 2247 Orcum.
799 2213 957 2246 Tibullus
989 2222 1057 2245 non
1091 2215 1181 2245 amat
1215 2211 1406 2246 doctrinam
1432 2212 1642 2257 mythologi-

298 2296 385 2320 cam.
408 2302 455 2310 ·—
496 2282 598 2315 Cum
630 2291 719 2314 mea
753 2291 921 2323 rugosa
944 2290 1018 2322 sqq.
1067 2279 1135 2312 Ubi
1163 2279 1313 2313 Vossws
1341 2278 1498 2312 didicerit
1524 2279 1642 2313 laetari

299 2353 437 2395 poetam
461 2349 556 2391 rugis
582 2351 615 2380 et
641 2347 769 2391 pallore
794 2345 990 2387 senectutis,
1015 2345 1143 2378 nescio.
1168 2362 1217 2371 —
1241 2344 1297 2377 Et
1321 2344 1516 2378 referam
1541 2354 1642 2387 pue-

300 2418 363 2451 r1s
388 2419 453 2450 etc.
501 2415 634 2448 Similia
660 2414 764 2446 verba
788 2413 946 2446 Tibullus
971 2412 998 2453 1,
1027 2415 1083 2453 10,
1109 2413 1165 2445 44.
1200 2410 1324 2453 habet,
1359 2410 1420 2444 sed
1446 2419 1562 2443 sensus
1588 2410 1641 2443 lo-

300 2493 417 2518 corum
443 2481 605 2515 diversus.
654 2480 792 2514 Tibullo
818 2480 887 2514 illic
912 2479 1048 2513 hilarior
1077 2479 1279 2512 obversatur
1304 2477 1417 2518 imago
1443 2475 1642 2517 senectutis,

301 2547 499 2592 Lygdamus
525 2546 568 2579 (le
594 2546 730 2578 tristitia
765 2546 838 2580 eius
865 2545 948 2588 agit.
998 2545 1092 2578 Dicit
1118 2544 1224 2577 enim:
1264 2541 1318 2576 Ad
1345 2541 1470 2574 inscros
1495 2540 1640 2574 descen-

303 2615 401 2657 dam,
436 2613 495 2646 ubi
527 2612 632 2645 tristis
666 2616 824 2645 senectus
848 2611 978 2652 aderit,
1013 2610 1069 2643 ubi
1097 2619 1202 2652 rugae
1227 2607 1362 2640 venient
1387 2607 1436 2639 ori
1463 2610 1497 2640 et
1521 2607 1642 2649 pallor,

307 2692 369 2715 nec
401 2678 481 2721 quid
516 2688 613 2721 again
650 2677 780 2712 habebo
814 2677 878 2711 nisi
910 2679 947 2710 ut
982 2675 1095 2720 [tueris
1123 2679 1273 2718 tempora
1300 2672 1413 2715 prisca
1440 2671 1640 2705 describam
