1721 2953
624 115 863 159 TIBULLI.
1265 135 1404 160 lxxxv

69 237 272 285 solutum,
311 241 350 273 et
376 245 453 285 pro
482 230 645 284 templis
677 231 922 272 habitaverit
952 231 995 272 in
1023 233 1169 274 humili
1200 249 1300 274 casa.
1359 238 1405 274 In

68 327 151 368 quo
181 309 457 353 Tibullianam
487 307 730 350 divisionem
759 322 898 347 rerum
932 323 1118 360 agnosco.
1186 309 1265 349 Sed
1297 324 1405 351 nunc

67 387 280 430 considera
307 385 410 424 mihi
437 384 537 424 haec
567 383 762 423 disticha:

175 461 210 503 O
243 463 432 515 quotiens
460 461 531 500 illo
563 461 741 501 vitulum
770 468 949 512 gestante
978 475 1053 513 per
1085 474 1201 513 agros

226 537 390 576 Dicitur
420 549 638 576 occurrens
669 535 881 576 erubuisse
913 534 1056 576 soror!

176 611 211 653 Ο
244 613 433 665 quotiens
465 624 610 662 ausae,
650 619 812 650 caneret
842 610 940 650 dum
969 611 1072 652 valle
1103 612 1179 649 sub
1214 611 1313 658 alta,

228 688 436 740 Rumpere
468 687 625 738 mugitu
662 687 842 726 carmina
872 685 990 726 docta
1018 683 1170 726 boves!

172 763 302 817 Saepe
334 763 455 803 duces
484 763 654 816 trepidis
686 764 840 817 petiere
872 764 1038 802 oracula
1065 763 1211 808 rebus,

229 841 358 880 Venit
386 849 426 880 et
455 855 479 879 a
504 840 668 893 templis
698 840 816 880 irrita
848 840 970 878 turba
1000 837 1191 877 domum:

170 915 301 968 Saepe
330 917 501 956 horrere
531 929 668 955 sacros
700 915 830 955 doluit
859 914 1020 954 Latona
1053 912 1241 964 capillos,

227 992 342 1042 Quos
373 991 571 1032 admirata
600 1000 658 1032 est
688 993 778 1044 ipsa
805 1005 984 1032 noverca
1012 991 1141 1042 prius.

61 1069 165 1109 Dixi
192 1072 235 1109 iu
266 1071 454 1124 sequenti
486 1070 614 1122 capite
649 1069 698 1108 de
734 1069 946 1121 anaphora
982 1067 1204 1118 explicate,
1243 1063 1317 1103 ubi
1345 1064 1406 1102 vi-

62 1144 176 1184 debis
214 1160 303 1185 eam
340 1147 572 1186 conformes
608 1145 828 1185 sententias
865 1143 1078 1196 requirere
1115 1150 1153 1180 et
1184 1139 1404 1179 divisiones

61 1229 267 1259 accuratas
305 1234 459 1260 rerum.
515 1220 638 1260 Nunc
677 1229 813 1260 autem
850 1233 955 1272 quae
991 1226 1051 1257 est
1082 1217 1188 1265 ratio
1227 1216 1402 1254 horum:

62 1296 98 1338 Ο
129 1297 317 1349 quotiens
345 1298 521 1336 vitulum
551 1298 742 1347 gestavit,
776 1310 799 1335 o
824 1296 1014 1348 quotiens
1039 1292 1219 1331 carmina
1245 1290 1403 1341 mugitu

57 1380 261 1423 ruperunt
288 1369 436 1411 boves!
493 1370 778 1423 Imprimisque
807 1370 932 1408 haec:
963 1368 1092 1419 Saepe
1121 1366 1287 1405 oracula
1315 1365 1404 1402 sru-

58 1455 142 1486 stra
163 1448 372 1498 petierunt
393 1445 528 1495 duces,
558 1459 677 1496 saepe
703 1445 869 1497 capillos
890 1444 1060 1482 horrere
1083 1438 1211 1480 doluit
1230 1440 1402 1488 Latona,

0 1515 1 1558 ἶ
58 1520 209 1573 quibus
241 1521 344 1559 nihil
372 1519 595 1568 diversius,
627 1533 709 1573 qua
735 1519 823 1569 lege
855 1518 1079 1571 composita
1107 1514 1231 1557 sunt?
1289 1516 1403 1554 Mhil

0 1586 1 1650 j
56 1596 295 1637 huiusmodi
329 1598 426 1636 alias
462 1611 635 1649 usquam
668 1594 777 1648 apud
807 1595 1020 1635 Tibullum
1056 1592 1254 1632 invenias.
1321 1590 1401 1629 Sed

59 1671 313 1710 emendasset
346 1672 518 1723 opinor,
561 1672 594 1710 si
625 1672 712 1723 ipse
750 1671 902 1710 librum
937 1668 1160 1709 secundum
1200 1666 1402 1706 edidisset.

56 1746 168 1785 Haec
198 1748 407 1785 hactenus·
464 1746 644 1785 Omnino
676 1746 724 1785 (le
756 1745 1052 1797 compositione
1082 1742 1400 1795 (lescripliomun

58 1821 168 1875 apud
199 1823 410 1862 Tibullum
441 1823 537 1862 satis
568 1821 732 1862 (lictum.

139 1898 220 1938 Sed
266 1899 460 1951 expositis
507 1898 634 1950 copiis
681 1899 827 1937 'harum
875 1897 1095 1948 elegiarum
1144 1894 1277 1935 statim
1324 1895 1400 1934 alia

56 1977 190 2016 oritur
224 1978 423 2029 quaestio.
491 1977 602 2015 Haec
633 1975 808 2016 varietas
839 1989 978 2014 rerum
1010 1988 1150 2013 annon
1178 1972 1222 2012 fit
1250 1972 1400 2025 passim

55 2061 101 2091 ut
139 2062 293 2105 pugnet
325 2067 461 2092 secum
492 2053 533 2091 in
569 2051 711 2092 eadem
741 2049 900 2103 elegia?
958 2052 1021 2091 Ita
1049 2052 1192 2090 saltem
1223 2051 1400 2102 vulgaris

56 2128 196 2179 opinio
235 2129 326 2167 sert.
394 2126 472 2166 Sed
514 2127 679 2166 minime
717 2128 784 2178 fit,
830 2127 894 2167 aio
935 2125 1149 2180 equidem3
1197 2140 1399 2179 nusquam

55 2201 221 2242 dissidet
259 2203 363 2241 male
403 2211 440 2241 et
480 2211 634 2254 pugnat
674 2216 810 2241 secum
847 2202 947 2241 haec
976 2202 1150 2242 varietas
1181 2211 1221 2240 et
1249 2200 1399 2240 discre-

53 2286 198 2330 pantes
228 2291 371 2317 sensus
400 2278 525 2316 infert
553 2276 798 2325 iniucunde,
828 2276 897 2316 sed
928 2275 1150 2316 concordat
1179 2277 1330 2328 optime
1362 2286 1398 2315 et

53 2355 246 2406 pulchras
275 2355 454 2394 rationes
483 2354 763 2407 oppositarum
794 2368 934 2392 rerum
970 2354 1105 2391 habet.
1174 2352 1234 2392 Ut
1261 2352 1400 2393 ordiar

55 2431 104 2468 ab
136 2430 206 2479 iis,
250 2443 354 2481 quae
388 2430 615 2481 apertiora,
657 2430 729 2468 ubi
761 2429 852 2481 quis
891 2428 1096 2468 molestias
1128 2438 1197 2468 aut
1226 2431 1398 2469 vulnera

55 2511 93 2541 et
125 2502 265 2544 caedes
294 2504 394 2542 belli
424 2505 694 2558 conqueritur
723 2513 761 2542 et
791 2502 983 2555 praedam
1014 2518 1058 2542 ac
1087 2505 1296 2544 luxuriam
1329 2504 1398 2544 de-

54 2585 248 2629 testatur,
301 2578 400 2632 quid
444 2580 608 2621 suavius
649 2578 907 2631 oppositione
951 2579 1217 2631 simplicitatis
1257 2579 1396 2632 paucis
