1721 2953
625 121 870 165 TIBULLI.
1287 144 1410 169 cxmn

65 242 171 283 Nam
201 249 248 284 ut
280 256 388 282 nunc
419 241 546 281 verbo
575 237 708 279 dicam
737 238 850 293 quod
884 254 948 280 res
979 249 1050 293 est,
1083 242 1263 295 primum
1294 260 1413 298 aper-

65 326 152 357 tum
182 317 395 358 discrimen
426 315 533 353 inter
567 315 841 355 elocutionem
861 315 1018 356 Tibulli
1047 325 1086 357 et
1104 317 1306 372 Lygdami
1334 322 1413 362 hoc

67 402 188 446 puta,
218 389 328 445 quo'd
363 390 557 442 proprius
589 390 706 440 vigor
733 390 993 442 Tibullianae
1028 391 1218 435 dictionis
1249 398 1361 436 abest
1391 412 1415 437 a

66 466 265 521 Lygdami
288 465 436 505 verbis.
491 464 700 517 Loquitur
717 466 884 518 quaevis
905 467 1073 518 pagina3
1104 477 1241 509 tamen
1264 485 1415 524 operae

65 542 243 595 pretium
274 540 472 592 exemplis
503 541 660 593 aliquot
688 554 778 579 rem
806 540 1012 581 illustrare
1044 542 1246 585 disertius.
1311 546 1415 588 Cum

65 615 210 654 flebilis
240 616 292 653 sit
321 615 538 667 utriusque
567 622 713 666 poetae
743 615 887 666 Musa⁷
931 616 1022 656 vide
1052 619 1153 656 mihi
1182 635 1221 660 v.
1241 636 1275 660 c.
1304 623 1416 661 hunc

65 691 321 742 praeclarum
350 691 488 728 locum
516 689 673 728 Tibulli
702 690 762 738 ΙΙ,
785 691 832 739 4,
860 696 882 729 7
907 704 1019 744 sqq.;
1059 693 1212 732 frustra
1242 709 1416 747 quaeras

65 765 176 818 apud
197 765 455 819 Lygdamum
480 767 546 806 vel
572 779 623 804 ex
651 774 766 817 parte
796 766 942 805 similia
962 768 1024 806 his
1048 770 1235 810 nervosis
1260 772 1417 811 verbis:

176 839 211 882 O
245 855 318 892 ego
351 855 402 879 ne
435 841 590 893 possim
621 841 722 879 tales
752 841 903 880 sentire
937 840 1122 892 dolores,

235 913 371 962 Quam
399 916 563 953 mallem
591 914 636 953 in
666 913 808 965 gelidis
837 915 1058 955 montibus·
1081 931 1166 957 esse
1197 918 1323 971 lapis,

174 989 291 1029 Stare
321 991 387 1030 vel
417 990 572 1028 insanis
602 998 738 1029 cautes
765 991 947 1030 obnoxia
976 993 1122 1042 ventis,

234 1064 447 1116 Naufraga
477 1078 600 1118 quam
629 1065 735 1105 vasti
765 1064 961 1104 tunderet
987 1065 1101 1105 unda
1130 1065 1276 1106 maris!

177 1139 300 1178 Nunc
334 1148 373 1178 et
403 1153 541 1177 amara
573 1138 657 1178 dies
690 1148 730 1178 et
758 1141 889 1179 noctis
920 1142 1100 1180 amarior
1129 1143 1278 1181 umbra
1309 1152 1390 1183 est:

237 1212 388 1254 Omnia
418 1228 513 1252 uam
542 1213 650 1252 tristi
679 1222 868 1265 tempora
898 1216 993 1254 selle
1024 1214 1203 1256 madent.

67 1286 149 1328 Sed
178 1289 508 1340 comparabimus
539 1288 697 1340 aliquot
733 1289 847 1327 locos
877 1290 1095 1342 utriusque
1138 1299 1284 1342 poetae
1313 1293 1420 1332 inter

65 1376 122 1415 se,
155 1371 200 1401 ut
231 1363 378 1401 clarius
407 1361 547 1400 videas
571 1360 805 1402 discrimen.
862 1363 1053 1402 Tibullus
1085 1363 1181 1404 dicit
1210 1366 1260 1417 ΙΙ,
1285 1371 1321 1417 6,
1342 1370 1418 1407 15:

175 1439 282 1476 Acer
311 1438 464 1487 Amor,
507 1437 656 1475 fractas
686 1437 845 1475 utinam
874 1445 946 1476 tua
978 1439 1058 1477 tela
1088 1441 1270 1490 sagittas,

233 1512 277 1551 Si
308 1512 426 1558 licet,
469 1512 689 1550 exstinctas
720 1511 1024 1567 adspiciamque
1055 1513 1183 1554 faces!

177 1587 243 1626 Tu
272 1587 469 1627 miserum
492 1595 683 1640 torques,
721 1594 767 1626 tu
796 1601 862 1626 me
892 1589 994 1627 mihi
1025 1587 1115 1627 dira
1144 1590 1305 1643 precari

234 1661 354 1713 Cogis
387 1670 425 1700 et
457 1662 603 1700 insana
631 1670 767 1700 mente
798 1661 977 1701 nefanda
1004 1664 1136 1716 loqui.

176 1738 262 1776 Iam
295 1738 404 1775 mala
431 1736 613 1774 finissem
641 1737 743 1785 leto,
783 1735 855 1775 sed
886 1737 1051 1776 credula
1080 1738 1208 1778 vitam

233 1809 335 1862 Spes
366 1811 480 1849 fovet
510 1818 546 1848 et
574 1811 662 1849 fore
695 1822 782 1848 cras
810 1823 975 1863 semper
1003 1811 1060 1850 ait
1088 1812 1250 1851 melius.

65 1883 299 1938 Lygdamus
331 1885 409 1934 ΙΙΙ,
437 1889 484 1933 2,
512 1885 627 1924 inin:

177 1957 260 2008 Qui
289 1958 448 2011 primus
479 1972 616 1998 caram
646 1958 789 1999 iuveni
820 1973 1042 2012 carumque
1075 1959 1236 2011 puellae

236 2035 399 2087 Eripuit
428 2036 644 2085 iuvenem,
681 2035 841 2074 ferreus
870 2035 940 2074 ille
970 2035 1062 2074 fuit.

175 2111 320 2150 Durus
355 2118 395 2149 et
423 2110 492 2149 ille
525 2111 624 2160 suit,
658 2110 730 2164 qui
759 2118 921 2150 tantum
951 2111 1060 2150 ferre
1095 2110 1301 2164 dolorem,

231 2186 386 2225 Vivere
418 2194 458 2225 et
487 2195 628 2238 erepta
661 2187 833 2237 coniuge
866 2186 939 2239 qui
968 2188 1116 2238 potuit.

176 2260 273 2301 Non
305 2274 379 2312 ego
412 2261 554 2300 firmus
584 2262 627 2300 in
658 2262 759 2312 1106,
806 2275 892 2300 uon
921 2262 1022 2300 haec
1050 2263 1248 2314 patientia
1278 2274 1420 2305 nostro

230 2337 421 2387 Ingenio:
463 2336 616 2387 frangit
642 2337 766 2375 sortia
797 2335 921 2375 corda
951 2335 1093 2376 dolor:

177 2410 264 2450 Nec
294 2410 396 2449 mihi
427 2424 525 2450 vera
554 2411 671 2463 loqui
700 2409 838 2462 pudor
867 2419 927 2449 est
955 2412 1145 2464 vitaeque
1179 2412 1299 2452 fateri

232 2486 314 2525 Tot
344 2487 451 2524 mala
481 2499 698 2537 perpessae
731 2484 863 2524 taedia
892 2493 988 2525 nata
1020 2500 1149 2525 meae.

180 2559 288 2611 Ergo
320 2575 414 2600 cum
442 2569 608 2600 tenuem
638 2561 757 2600 suero
786 2569 965 2601 mutatus
995 2561 1039 2600 in
1070 2562 1258 2601 umbram
1279 2584 1347 2601 —-.
