1721 2953
240 102 317 137 136
548 89 830 132 COMMENT
837 90 919 131 AR.
947 91 1005 132 IN
1037 91 1262 133 TIBULLI

240 218 396 245 matrem.
459 207 546 242 Vide
580 208 892 250 Bnoucmmsmn,
936 207 1126 250 Vunmnm,
1174 207 1368 242 Hermum.
1438 210 1586 243 Omnino

240 276 420 320 suspirare
445 273 488 306 de
513 273 703 306 amantibus
729 273 1023 322 notissimumkcf.
1048 274 1282 308 Mrrscnnm..
1308 274 1351 308 ad
1376 275 1498 309 Horat.
1524 275 1586 318 111,

240 348 272 384 7,
303 346 355 375 10.
381 360 428 366 —
472 341 660 374 simulat
685 345 749 373 etc.
799 339 846 373 Et
871 341 1084 383 repentinum
1112 340 1266 373 dolorem
1292 342 1412 384 capitis
1439 341 1586 383 simulat,

242 414 277 442 nt
300 408 447 450 gemitus
471 411 614 440 excuset
636 407 695 440 tibi
722 407 953 450 percunctanti
974 406 1055 448 quid
1075 410 1202 448 gemat.
1251 406 1305 439 Ad
1325 406 1465 440 verbum
1486 417 1588 440 con-

241 473 448 506 doluisse
477 472 520 506 cf.
545 473 685 505 Pmm.
710 471 849 504 Trucul.
877 471 923 513 Il,
947 474 979 513 8,
1005 473 1047 503 2:
1086 471 1192 503 Nunc
1218 471 1303 503 milri
1329 471 1369 503 (Ze
1393 478 1497 504 vento
1521 472 1586 505 mi-

240 550 337 572 serae
362 538 541 571 condoluit
566 543 746 582 caputm-
770 537 811 571 V.
837 539 882 570 37
902 547 952 579 sq.
994 538 1044 569 At
1070 535 1176 569 mihi
1200 537 1468 570 servandam
1494 548 1588 571 cre-

241 607 326 640 das.
376 606 482 639 Redit
516 605 558 638 ad
593 615 621 637 v.
648 607 706 638 23.
755 603 996 647 Repetitiones
1021 602 1107 634 tales
1141 602 1200 635 ubi
1226 603 1437 646 pergendum
1467 606 1519 636 est
1544 603 1587 636 ad

242 678 377 715 cetera,
411 673 558 706 maxime
583 672 786 704 conveniunt
811 670 964 713 elegiae,
999 679 1065 702 non
1091 670 1297 702 conveniunt
1321 668 1420 702 odae.
1478 670 1589 702 Porro

244 739 480 772 coniunctivus
506 736 671 769 hortantis
697 740 768 778 est,
801 746 864 769 nec
894 734 1121 779 supplendum
1146 734 1187 767 si.
1238 735 1290 774 De
1316 736 1497 768 omissione
1528 734 1590 768 hu-

242 806 295 837 ius
320 804 507 848 particulae
532 802 618 835 infra
644 802 832 834 videbimus
859 801 901 834 ad
927 811 957 833 v.
984 803 1064 842 53.,
1102 811 1190 833 nune
1215 801 1281 833 alia
1310 811 1364 833 res
1390 805 1453 834 est.
1502 799 1590 833 Nam

243 876 282 904 nt
305 871 411 905 semel
437 869 500 903 lioc
524 879 689 910 moneam,
723 868 780 900 ubi
805 877 846 900 ea
870 871 922 899 est
947 866 1032 899 ratio
1059 866 1135 907 loci,
1176 871 1213 898 ut
1237 865 1383 898 hortatio
1414 870 1449 899 et
1474 876 1593 909 preca-

244 938 292 970 tio
315 938 413 978 insit,
449 946 530 970 cave
557 935 819 968 conditionalem
854 934 1044 967 sententiae
1070 932 1210 966 formam
1236 933 1361 966 inferas
1386 933 1417 965 in
1444 936 1591 976 poetam,

245 1002 336 1045 quod
362 1003 660 1036 wmnnnmcmo
689 1000 814 1033 accidit
839 999 879 1032 ad
908 999 935 1040 I,
962 1002 1018 1041 10,
1042 1002 1116 1041 11.,
1152 1009 1229 1032 cum
1262 998 1315 1032 hie
1350 1009 1465 1032 verum
1498 999 1593 1032 vide—

246 1070 301 1103 rit.
326 1086 371 1092 —-
409 1078 491 1101 non
513 1078 646 1100 saeva
672 1076 833 1099 recuso
858 1065 1074 1106 verbera,
1109 1064 1141 1098 h.
1169 1075 1197 1098 e.
1225 1065 1332 1097 offero
1357 1064 1446 1097 servi
1471 1064 1595 1097 ianito-

247 1137 293 1169 ris
319 1135 450 1177 ol'ficia,
491 1139 525 1168 et
558 1135 586 1168 si
610 1134 649 1166 iis
674 1144 742 1166 non
773 1133 973 1166 satisfecero
999 1133 1180 1174 religiose,
1217 1133 1271 1165 vel
1302 1142 1430 1176 poenas
1455 1132 1594 1165 serviles

248 1213 314 1236 non
349 1212 481 1235 recuso.
539 1200 752 1243 Supplicium
787 1199 908 1232 servile
943 1198 1122 1232 verberum
1158 1202 1193 1230 et
1227 1198 1437 1231 vinculorum
1472 1198 1594 1232 iterum

249 1272 414 1302 memorat
438 1267 482 1306 ΙΙ,
508 1269 540 1307 3,
567 1268 624 1298 80.
651 1283 697 1290 -
735 1264 968 1304 detracto,
1005 1263 1113 1296 forma
1148 1274 1248 1306 quam
1285 1265 1411 1307 passim
1446 1264 1596 1297 offerunt

251 1335 408 1375 codices,
448 1337 486 1365 ut
517 1333 626 1364 Ovm.
664 1331 747 1363 Met.
784 1331 827 1372 V,
865 1332 946 1363 246.
995 1330 1181 1363 Pnopssm.
1217 1330 1260 1372 ll,
1295 1333 1329 1372 3,
1363 1333 1420 1364 47.
1461 1330 1519 1362 ubi
1554 1329 1597 1363 cf.

251 1401 553 1434 Bnoucsfflusum.
603 1395 702 1429 Adde
729 1396 921 1428 DRAKENB.
947 1394 990 1427 ad
1016 1395 1090 1428 Liv.
1118 1395 1280 1436 XXXIV,
1309 1399 1364 1437 15,
1389 1398 1422 1428 9.
1445 1413 1488 1419 —-
1515 1407 1598 1429 non

253 1476 347 1509 ogo.
411 1465 463 1497 De
500 1462 700 1507 pronomine
738 1462 836 1494 alteri
874 1462 1026 1495 membro
1063 1462 1155 1495 illato
1190 1463 1510 1496 Wtffinssnmcnms
1545 1463 1599 1497 hic

252 1537 387 1573 monet,
424 1542 486 1564 nos
518 1530 666 1562 diximus
700 1528 742 1562 ad
770 1529 793 1570 Ι,
822 1531 852 1570 1,
878 1532 934 1562 37.
961 1548 1008 1553 —
1045 1528 1085 1562 V.
1112 1531 1168 1561 39.
1193 1531 1249 1562 40.
1298 1529 1405 1562 Tum
1440 1531 1599 1573 procul

254 1598 442 1640 absitis,
465 1601 536 1630 tum
562 1600 640 1630 ante
667 1606 783 1629 omnes
807 1596 930 1629 iubebo
958 1606 1016 1628 ros
1044 1595 1244 1628 delicatulos
1267 1587 1399 1638 abesse,
1424 1597 1479 1639 qui
1506 1598 1599 1630 cultu

256 1675 428 1697 comarum
455 1668 490 1696 et
514 1664 655 1696 vestitus
682 1663 854 1705 elegantIa
880 1663 1003 1707 puellis
1030 1672 1111 1706 prae
1136 1662 1209 1694 aliis
1235 1663 1386 1705 placetis.
1412 1680 1455 1688 —
1482 1665 1601 1706 quis-

257 1733 354 1776 quis
391 1732 513 1765 colit.
565 1730 615 1764 Ad
651 1731 785 1763 tertiam
812 1740 992 1774 personam
1027 1731 1168 1772 transit,
1202 1731 1267 1764 vid.
1293 1731 1335 1764 ad
1359 1731 1386 1771 I,
1411 1734 1446 1773 2,
1471 1733 1528 1764 35.
1554 1751 1601 1757 -—

258 1783 311 1833 Et
346 1800 463 1832 fluit.
520 1799 586 1831 Ubi
615 1798 792 1831 relatirum
826 1798 1029 1841 praecessit,
1058 1801 1116 1830 aut
1140 1800 1261 1842 copula
1284 1800 1356 1832 sine
1382 1801 1523 1833 relativo
1548 1810 1603 1832 se-

259 1867 390 1909 quitur,
416 1869 453 1897 ut
478 1865 505 1906 Ι,
531 1867 563 1905 3,
592 1869 631 1897 7:
673 1877 739 1896 non
765 1877 863 1897 soror
892 1864 1058 1910 Assyrios
1085 1865 1192 1898 cineri
1226 1877 1316 1911 qnae
1341 1866 1447 1897 dedat
1472 1866 1603 1901 odores,

259 1938 289 1962 el
315 1932 401 1974 flea!
428 1929 554 1974 effusis
580 1936 663 1962 ante
688 1931 851 1975 sepulcra
880 1931 1002 1966 comis,
1039 1938 1097 1966 aut
1131 1933 1308 1966 relativum
1332 1934 1498 1977 repetitur
1522 1933 1601 1967 abs-

259 2009 325 2040 que
351 1998 484 2041 copula,
509 2001 546 2029 ut
568 1997 595 2038 I,
623 1999 654 2038 l,
680 2000 724 2029 3:
753 2007 853 2041 quem
879 1995 978 2029 labor
1004 1998 1172 2030 assiduus
1198 1997 1309 2030 vicino
1335 2005 1468 2032 terreat
1496 1999 1604 2031 hoste,

260 2065 401 2098 Illa-flia
427 2063 484 2095 cui
505 2075 640 2095 somnos
667 2062 815 2095 classica
840 2063 948 2107 pulsa
968 2063 1115 2109 fiaegenl,
1141 2069 1198 2098 aut
1223 2065 1368 2108 denique
1387 2066 1509 2109 copula
1529 2075 1605 2099 cum

261 2130 402 2163 relativo
430 2130 574 2173 ponitur,
600 2128 689 2176 qnod
717 2128 803 2161 male
829 2133 933 2171 negat
959 2129 1180 2163 Huscsnuus.
1231 2131 1290 2164 Sic
1316 2130 1402 2163 infra
1422 2130 1483 2172 ΙΙΙ,
1505 2133 1540 2172 2,
1564 2132 1605 2163 4:

261 2199 295 2223 ct
327 2191 408 2237 qui,
448 2192 555 2224 Ov1n.
590 2192 672 2224 Met.
698 2191 759 2233 XI,
785 2194 874 2224 729:
908 2198 942 2223 et
969 2203 1078 2237 quae,
1114 2197 1147 2225 et
1174 2193 1345 2235 obliquum
1371 2203 1483 2225 casum
1511 2193 1604 2234 leges

211 2275 215 2278 ·
266 2257 348 2289 {nfra
374 2257 434 2298 lv,
469 2259 499 2298 l,
527 2259 594 2289 184
618 2267 712 2299 sqq.:
761 2255 824 2288 Cui
853 2257 1007 2301 sueram!
1035 2257 1132 2301 stat-i
1167 2257 1323 2290 ditantes
1362 2257 1480 2289 ordine
1515 2255 1605 2288 sulm?

275 2324 407 2354 'Iorrea
441 2322 624 2367 secundas
664 2323 713 2353 ml
751 2323 950 2366 deficientia
991 2335 1139 2364 messes,
1188 2324 1319 2369 (Ἶιιίμιε
1358 2335 1466 2367 pecus
1504 2321 1607 2353 densa

265 2388 457 2433 pascebant
493 2389 631 2433 agmine
665 2389 783 2421 colles.
844 2391 956 2432 Atque
991 2391 1055 2425 lioc
1094 2392 1169 2425 loco
1205 2392 1316 2435 aptior
1350 2391 1471 2434 copula
1509 2400 1608 2432 quam

269 2455 464 2498 Asyndeton
494 2455 729 2499 emphaticam,
757 2456 993 2491 disiunctivum
1021 2460 1053 2491 in
1080 2458 1320 2501 descriptione,
1355 2456 1412 2489 ubi
1440 2460 1608 2498 ponuntur

269 2533 355 2565 quac
381 2523 477 2555 simul
504 2528 580 2555 sunt
607 2527 640 2555 ct
674 2525 873 2556 coniunctae
901 2529 1015 2568 partes
1051 2529 1189 2558 ornatus
1215 2524 1335 2556 mollis.
1388 2526 1503 2558 Quare
1519 2521 1611 2566 Jluit

269 2589 388 2632 probo,
416 2598 479 2620 non
506 2587 631 2630 «effluis,
660 2594 693 2621 ut
721 2590 859 2623 S‘m‘rm
886 2595 1022 2623 notante
1049 2591 1243 2623 Canthus
1261 2591 1316 2631 64,
1340 2592 1405 2623 68:
1422 2588 1612 2632 fluitantis

1699 723 1709 829 μ-ῥμ

1715 2078 1721 2110 .-Δ
1709 1931 1721 2064 ‚ma-tn*
1711 1896 1721 1922 n„
1717 1878 1721 1886 Δ
1712 1843 1721 1870 ,Α

1709 2384 1721 2515 namt-
1712 2294 1721 2362 Αᾉι.
1714 2230 1721 2287 η...
