1721 2953
608 118 850 159 TlssULLI.
1221 132 1393 157 mxxxvii

55 242 258 281 bellorum
284 235 458 277 Veneris
491 232 731 286 descriptio,
772 241 881 286 patet
915 232 1135 273 iucundam
1169 245 1254 271 csse
1287 231 1394 270 mix-

55 319 211 359 tionem
241 326 394 354 rerum.
450 311 500 350 In
529 311 709 349 maximo
741 322 881 349 errore
911 308 1109 357 versaris,
1150 307 1183 345 si
1215 306 1264 346 ad
1298 307 1393 346 sim-

54 394 270 446 pliciorum
300 388 521 439 elegiarum
549 385 889 438 compositionem
909 385 1064 424 Tibulli
1092 385 1227 436 copias
1255 383 1396 433 exigis.

55 472 127 510 Est
169 480 269 509 vero
313 464 574 516 ingeniorum
617 464 794 503 aliorum
837 463 916 501 alia
958 461 1116 500 indoles
1160 469 1199 499 et
1240 460 1395 499 habent

56 546 175 584 etiam
209 542 424 582 liberiores
460 548 595 580 motus
632 539 865 579 animorum
901 539 964 577 ius
1001 552 1142 587 suum,
1185 550 1289 591 quos
1324 536 1396 589 qui

55 620 234 658 sublatos
260 618 425 667 volunt,
454 614 507 656 ad
532 615 724 654 miseram
750 614 972 654 exilitatem
996 621 1191 654 revocant
1220 613 1394 664 optimos

53 702 208 747 poetas.
264 693 332 731 Tu
360 690 454 732 vide
483 705 645 731 mecum
677 691 776 730 alias
806 690 1003 744 quasdam
1035 689 1272 728 harmonias
1301 702 1395 740 per-

54 769 244 821 pulchras
271 766 556 820 oppositarum
581 780 735 805 rerum.
792 766 903 805 Talis
928 774 988 804 cst
1013 763 1252 817 compositio
1279 765 1397 803 belli-

0 874 1 877 =
54 860 192 885 carum
238 853 278 884 et
318 853 557 897 pacatarum
597 857 737 883 rerum
778 844 877 894 eleg.
915 842 952 891 I,
987 847 1048 890 7.,
1105 840 1179 879 ubi
1215 841 1395 891 primum

0 930 1 979 ᾗ
52 920 224 961 victoria
261 928 301 959 et
335 920 569 972 triumphus
606 919 808 958 Messalae
844 917 893 957 de
922 917 1138 971 Aquitanis
1171 916 1395 968 ceterisque

0 994 1 1016 ³
53 996 171 1036 sociis
199 996 364 1049 populis
395 995 575 1045 canitur,
607 1002 693 1033 tum
722 1008 799 1046 per
823 1000 952 1032 terras
981 1000 1020 1032 et
1047 992 1232 1030 nationes
1260 991 1397 1030 orien—

0 1070 2 1127 ξ
52 1076 174 1124 tales,
213 1086 314 1127 quas
349 1071 497 1111 deinde
532 1079 817 1123 composuerat
846 1071 1043 1119 Messala,
1082 1070 1139 1109 ita
1175 1081 1251 1108 nos
1287 1066 1398 1106 (lucit

52 1160 175 1204 poeta
197 1159 244 1190 ut
266 1158 455 1203 pacatum
477 1157 626 1188 statum
646 1151 833 1187 locorum
859 1146 1085 1196 adumbret,
1114 1145 1396 1198 imprimisque

55 1225 103 1265 de
125 1227 298 1279 Aegypti
324 1225 533 1264 fertilitate
564 1233 603 1263 et
629 1223 789 1265 Osiride
820 1224 937 1262 dicat.
994 1224 1080 1262 Iam
1107 1221 1207 1275 quid
1231 1222 1397 1261 suavius

52 1303 307 1356 proeliorum
331 1300 505 1351 strepitu
529 1307 567 1338 et
591 1307 829 1350 pacatarum
847 1299 1063 1348 regionum
1079 1297 1187 1334 laeta
1210 1296 1398 1346 imagine,

52 1377 198 1415 bellica
233 1374 356 1414 laude
387 1383 426 1413 et
454 1373 623 1426 pacifica
652 1380 788 1411 mente
816 1372 1016 1411 Messalae
1054 1371 1096 1410 in
1136 1371 1277 1411 eodem
1310 1385 1397 1409 car-

51 1452 162 1490 mine
197 1446 447 1503 propositis!
505 1446 585 1487 Sed
622 1447 868 1486 luculentius
902 1447 1024 1485 etiam
1057 1447 1101 1485 in
1136 1448 1214 1486 hoc
1250 1460 1398 1497 genere

53 1541 218 1568 carmen
255 1528 315 1576 II,
351 1531 390 1566 5.
431 1533 514 1576 est,
570 1525 645 1564 ubi
682 1524 849 1577 politica
886 1521 1123 1574 magnitudo
1164 1522 1319 1561 Romae
1361 1530 1396 1560 et

52 1605 203 1643 rustica
229 1602 315 1644 vita
345 1607 673 1653 componuntur,
707 1608 746 1638 et
776 1597 875 1652 quid
903 1597 1030 1649 magis
1058 1597 1291 1636 Romanum
1322 1597 1398 1636 hac

54 1677 367 1725 coniunctione,
427 1689 519 1715 cum.
561 1675 627 1713 hie
670 1676 848 1726 populus
891 1674 1007 1712 urbis
1049 1672 1312 1725 splendorem
1361 1683 1398 1712 et

54 1753 352 1806 simplicitatem
381 1751 489 1790 ruris
519 1751 674 1802 pariter
706 1758 872 1788 amaret.
928 1749 1107 1786 Tantum
1137 1749 1260 1798 igitur
1288 1751 1399 1787 abest

56 1839 101 1870 ut
144 1826 397 1882 reprehendi
438 1827 503 1866 hic
548 1826 775 1880 quidquam
820 1826 971 1876 possit,
1028 1832 1076 1863 ut
1115 1824 1398 1865 suavissimum

56 1913 299 1944 concentum
333 1903 620 1955 oppositorum
659 1903 845 1940 locorum
886 1899 937 1939 ad
975 1914 1100 1939 unam
1138 1899 1269 1939 ideam
1305 1915 1401 1941 con-

55 1983 297 2035 spirantium
324 1993 563 2032 expressum
586 1978 811 2020 videamus.
868 1978 1042 2030 Propria
1068 1986 1127 2017 est
1145 1980 1235 2017 laus
1257 1979 1401 2017 Tibul-

53 2060 185 2098 lianae
215 2071 387 2110 poeseos
416 2058 516 2096 haec
547 2056 827 2108 oppositarum
852 2069 993 2095 rerum
1017 2056 1213 2105 varietas,
1242 2063 1281 2095 et
1309 2070 1397 2095 cum

54 2134 232 2173 maxime
271 2147 415 2173 cavere
456 2131 600 2172 debeat
640 2132 765 2183 elegia
802 2146 854 2171 ne
884 2134 1117 2184 languescat
1155 2134 1324 2172 affectus
1358 2133 1398 2171 in

54 2223 271 2262 processu,
314 2209 416 2248 nihil
451 2211 575 2261 magis
614 2216 812 2248 sustentat
847 2209 929 2250 vim
962 2224 1006 2249 ac
1036 2209 1217 2260 vigorem
1257 2217 1400 2249 tracta-

55 2288 191 2327 tionis.
262 2287 313 2325 Et
353 2296 488 2326 tamen
529 2286 632 2325 nihil
673 2287 907 2338 perversius
947 2295 1158 2338 acceptum
1192 2294 1252 2326 est
1292 2286 1398 2340 apud

55 2364 291 2412 Tibullum,
333 2377 455 2416 quem
485 2370 705 2414 propterea
735 2362 831 2400 artis
860 2361 1048 2411 ignarum
1079 2359 1286 2401 dixerunt.

142 2441 364 2493 Postquam
397 2440 446 2478 de
481 2447 565 2478 tota
602 2437 760 2477 ratione
799 2438 958 2488 poetica
987 2436 1306 2491 descriptionum
1342 2439 1402 2477 di-

58 2516 274 2556 sertissime
306 2518 555 2568 explicatum
586 2523 664 2563 est,
692 2515 982 2567 persequimur
1011 2515 1149 2567 paucis
1176 2515 1335 2567 reliqua
1365 2522 1401 2552 ct

60 2594 328 2643 absolvimus,
371 2607 474 2645 quae
512 2590 561 2631 dc
601 2600 806 2631 structura
840 2588 963 2630 medii
1003 2590 1192 2631 carminis
1230 2588 1400 2629 dicenda
