1721 2953
304 164 423 189 cxmi
847 148 923 187 DE
956 146 1117 189 POESI

300 263 453 304 Notavi
498 276 623 315 supra
670 260 857 313 ineptum
905 261 1230 314 amplificationis
1275 262 1479 311 studium,
1538 277 1647 302 nunc

301 341 379 380 alia
416 339 618 379 nonnulla
658 337 763 377 male
805 334 910 375 dicta
947 349 1114 388 ponam.
1187 337 1253 377 Sic
1293 339 1373 389 ΙΙΙ,
1406 342 1449 387 1,
1483 342 1548 378 19.
1578 344 1647 378 20.

297 415 472 466 legitur:

411 490 484 534 Illa
511 486 614 525 mihi
642 485 814 535 referet,
853 485 888 524 si
919 486 1051 526 nostri
1081 494 1224 526 mutua
1254 501 1352 527 cura
1381 496 1440 527 est

463 561 529 600 An
559 561 719 609 minor,
760 574 813 598 an
844 569 932 600 toto
963 570 1128 613 pectore
1160 559 1395 601 deciderim.

297 637 399 676 Tres
446 634 595 687 gradus
645 636 686 673 in
739 648 878 674 amore
925 635 1226 688 displicuerunt
1270 637 1353 676 iam
1396 635 1561 689 Heynio
1607 642 1648 674 et

296 710 546 751 Eichstadio.
605 710 721 749 Alius
754 710 994 762 simpliciter
1027 710 1218 751 dixisset:
1261 711 1306 751 Si
1338 712 1470 750 nostri
1503 719 1647 750 mutua

299 802 397 827 cura
423 795 479 826 est
505 800 557 826 an
587 785 811 825 exciderim
839 793 1020 837 pectore.
1078 786 1316 839 Lygdamus
1343 795 1480 825 autem
1504 784 1646 838 putide

298 864 437 903 omnia
467 870 700 911 enumerat,
743 870 788 900 ut
820 862 942 911 alias,
984 876 1090 914 quae
1122 862 1290 912 cogitari
1323 869 1516 913 possunt,
1561 875 1646 901 non

298 938 377 978 dici
407 936 570 977 debent.
589 958 646 965 —-
700 936 794 975 Alio
824 937 915 975 loco
946 937 1025 986 ΙΙΙ,
1054 941 1102 986 2,
1139 940 1203 976 11.
1238 940 1302 976 12.
1333 935 1453 976 dicit:

409 1014 514 1052 Ante
545 1025 682 1051 meum
713 1012 851 1051 veniat
880 1011 1026 1062 longos
1056 1011 1267 1063 incompta
1296 1011 1464 1063 capillos

463 1088 513 1125 Et
542 1086 637 1124 ssent
665 1093 759 1125 ante
788 1099 927 1125 meum
956 1095 1110 1125 maesta
1137 1086 1299 1125 Neaera
1327 1099 1497 1136 rogum,

295 1162 370 1201 ubi
406 1169 491 1200 ante
523 1175 643 1199 meum
673 1161 779 1199 male
800 1160 1021 1212 repetitum
1043 1159 1178 1210 vides,
1212 1174 1304 1199 cum
1331 1161 1410 1198 alia
1435 1159 1529 1200 voci
1543 1160 1646 1213 fleat

297 1237 391 1276 addi
423 1236 636 1275 deberent.
693 1235 786 1273 Alia
816 1235 956 1287 inepta
984 1235 1176 1287 repetitio
1210 1243 1270 1274 est
1299 1236 1379 1285 ΠΙ,
1408 1236 1451 1284 4,
1480 1237 1547 1274 49.
1567 1239 1642 1274 50:

408 1310 546 1359 Quare
579 1323 676 1360 ego,
719 1323 825 1362 quae
857 1308 947 1348 dieo
972 1324 1065 1350 non
1096 1311 1223 1350 fallax
1255 1310 1393 1362 accipe
1422 1318 1556 1360 vates,

462 1383 668 1437 Quodque
701 1382 801 1422 deus
830 1397 929 1423 vero
963 1383 1167 1438 Cynthius
1199 1399 1271 1424 ore
1306 1387 1448 1425 seram.

294 1462 428 1500 Porro
462 1460 543 1507 ΠΙ,
576 1463 620 1509 6,
653 1461 722 1498 47.
751 1459 819 1498 48.
854 1457 974 1498 dicit:

408 1534 494 1574 Etsi
522 1547 680 1587 perque
710 1547 805 1573 suos
841 1532 968 1571 fallax
996 1532 1148 1573 iuravit
1178 1534 1331 1573 ocellos

463 1613 749 1663 Iunonemque
780 1601 896 1648 suam
926 1623 1085 1663 perque
1116 1623 1234 1650 suam
1262 1611 1493 1660 Venerem,

409 1687 533 1726 Nulla
566 1685 665 1726 fides
698 1685 846 1724 inerit:

296 1764 368 1801 ubi
390 1760 628 1800 Huschkius
654 1760 812 1799 notavit
835 1759 938 1798 mire
964 1757 1139 1798 dictum:
1170 1760 1245 1798 etsi
1267 1759 1393 1798 fallax
1414 1759 1568 1799 iuravit
1585 1781 1643 1787 —

296 1839 410 1875 nulla
454 1845 589 1875 tamen
634 1834 732 1875 fides
779 1833 903 1873 inerit
950 1833 1087 1873 fallaci
1132 1842 1203 1873 aut
1249 1834 1480 1873 iuramento
1524 1834 1642 1873 falso.

295 1915 399 1953 Mox
432 1911 585 1951 ibidem
616 1911 715 1960 legiS
747 1924 786 1949 v.
804 1914 870 1948 53.
902 1910 981 1947 54:

407 1987 537 2037 Quam
570 1988 715 2025 vellem
746 1993 880 2023 tecum
909 1985 1052 2034 longas
1084 1984 1343 2036 requiescere
1374 1993 1515 2024 noctes

465 2062 515 2100 llt
544 2070 679 2100 tecum
707 2061 852 2110 longos
882 2058 1127 2111 pervigilare
1159 2057 1270 2097 dies!

295 2140 367 2179 ubi
404 2138 470 2176 cui
504 2138 665 2188 placere
695 2142 850 2186 potest,
893 2131 1005 2186 quod
1038 2133 1310 2184 oppositionis
1342 2139 1484 2170 acutae
1515 2146 1641 2186 quae-

292 2217 394 2255 sitae
427 2226 548 2251 causa
576 2211 698 2250 dixit:
734 2211 879 2260 longos
908 2208 1153 2260 pervigilare
1184 2204 1302 2247 dies?
1361 2205 1525 2256 Quanto
1555 2222 1640 2247 me—

295 2293 374 2331 lius
403 2289 593 2328 Tibullus
623 2286 784 2337 scripsit
813 2284 852 2332 Ι,
880 2288 927 2333 2,
958 2287 1036 2323 73;

407 2365 498 2415 Ipse
528 2364 679 2410 boves,
717 2373 806 2399 mea
836 2359 912 2397 sim
943 2366 1077 2397 tecum
1106 2355 1230 2396 modo
1260 2355 1405 2406 Delia,
1442 2357 1595 2408 possim

463 2439 635 2487 Iungere
666 2443 705 2474 et
736 2436 780 2474 in
810 2435 898 2473 solo
932 2446 1099 2486 pascere
1128 2440 1269 2471 monte
1300 2442 1446 2483 pecus:

408 2513 458 2551 Et
487 2520 526 2551 ie
559 2511 655 2550 dum
682 2510 803 2548 liceat
833 2508 984 2548 teneris
1014 2509 1192 2546 retinere
1221 2506 1406 2553 lacertis,

460 2586 599 2625 Mollis
633 2593 671 2624 ct
700 2584 853 2623 inculta
882 2584 931 2623 sit
960 2582 1061 2622 mihi
1090 2594 1259 2620 somnus
1292 2580 1433 2619 humo.
