1721 2953
246 124 322 160 122
559 111 929 154 COMMENTAR.
959 114 1018 154 IN
1049 113 1275 154 TIBULLI

242 231 371 272 Simul,
397 229 464 270 ait,
499 230 649 260 terreant
674 229 709 258 et
732 227 941 259 insectentur
968 236 1042 260 eam
1069 226 1207 260 umbrae
1234 231 1443 260 mortuorum
1470 235 1586 259 aman-

241 297 346 337 tium,
371 302 512 336 quorum
541 301 673 324 amores
699 291 796 324 laesit
820 292 987 335 corruptis
1014 292 1156 336 puellis,
1183 296 1217 325 et
1243 297 1385 326 mortem
1412 292 1586 326 accelera-

240 365 287 397 vit
321 371 476 396 moerore
512 360 606 392 illato
640 359 801 392 maximo.
861 358 949 393 Nam
984 363 1212 402 peremtornm
1250 360 1379 392 animas
1417 359 1585 392 violenter

241 427 396 461 insectari
426 437 503 468 eos,
539 437 559 459 a
583 427 706 469 quibus
731 426 829 459 morti
856 425 926 459 dati
951 429 1087 468 essent,
1112 427 1261 468 vulgaris
1287 426 1350 459 fuit
1374 426 1584 468 antiquitatis

238 495 362 539 opinio.
411 493 478 527 Hic
511 493 636 526 multos
665 492 707 525 de
738 502 778 524 ea
811 501 848 524 re
883 491 976 525 locos
1012 491 1173 525 indicavit
1199 492 1502 533 Bnoucrfflusms,
1540 490 1583 524 cs.

237 573 266 594 v.
293 571 320 594 c.
347 559 490 594 Honi'r.
524 559 635 603 Epod.
662 560 704 601 V,
729 561 776 591 92
799 569 873 602 sqq.
914 559 1024 592 Vina.
1049 559 1134 591 Aen.
1158 558 1218 596 IV,
1243 561 1324 592 385.
1362 558 1467 591 Ovm.
1493 557 1578 591 lbid.

238 629 316 660 145.
353 627 494 660 VALER.
519 625 651 659 chc.
681 624 742 666 ΙΙΙ,
767 626 838 657 378
861 634 936 666 sqq.
974 624 1086 657 Sm'r.
1111 622 1224 657 Theb.
1248 624 1310 667 111,
1335 627 1392 658 75.
1417 643 1464 650 -
1503 635 1582 658 sua

236 694 331 727 fata
356 696 622 736 querentes,
650 695 897 735 praematuram
922 695 1138 724 mortem.—
1162 690 1370 734 Semper,
1394 689 1424 724 h.
1439 701 1467 724 e.
1493 701 1582 724 nun-

234 770 334 802 quam
359 760 473 792 vetula
498 760 634 803 placare
668 759 774 802 possit
809 767 866 791 eas
891 762 930 791 ut
954 757 1109 790 desinant
1133 757 1286 798 saevire3
1323 756 1468 790 durabat
1491 757 1579 791 enim

233 829 310 861 talis
343 827 494 860 Manium
528 827 668 861 saevitia
701 826 810 860 donec
844 826 957 868 aliquo
987 825 1090 858 modo
1115 825 1239 869 placati
1265 828 1300 858 et
1325 825 1498 868 propitiati
1524 835 1579 858 es-

232 898 328 936 sent,
351 893 393 928 cf.
421 894 582 927 Sun'roN.
609 893 719 935 Calig.
745 895 804 926 59.
831 891 957 927 Othon.
983 903 1015 926 c.
1039 896 1097 934 7.,
1122 902 1208 935 quos
1232 892 1327 925 locos
1351 892 1579 925 Bnoucmm-

232 971 306 993 sius
334 959 459 993 laudat.
488 979 532 984 —
573 959 690 992 strix
724 958 925 991 violenta
959 961 1113 999 canat,
1145 957 1286 997 infesta,
1322 961 1360 989 ut
1392 957 1577 999 Harmas,

232 1025 400 1067 Vossms,
439 1026 755 1059 WUNDERMCHIUS
789 1024 1065 1067 interpretantur.
1126 1022 1194 1056 Hic
1229 1022 1338 1056 Vino..
1374 1023 1458 1056 Aen.
1497 1023 1577 1065 XII,

229 1095 309 1126 864.
335 1096 529 1136 comparat,
562 1092 621 1124 ubi
644 1090 686 1124 de
712 1091 846 1124 bubone
872 1094 943 1124 est:
984 1089 1081 1122 canit
1105 1088 1309 1132 importuna
1329 1099 1394 1132 per
1421 1086 1576 1121 umbras.

229 1160 370 1192 Constat
391 1169 469 1191 vero
494 1157 635 1200 strigem
655 1156 842 1190 fabulosam
867 1155 971 1188 fuisse
990 1164 1098 1196 avem,
1123 1154 1168 1188 cf.
1182 1154 1288 1187 Pam.
1308 1153 1370 1196 XI,
1389 1155 1447 1188 95.
1475 1158 1576 1187 cantu

228 1225 373 1257 funesto.
422 1224 569 1265 Augeat,
594 1222 677 1255 dicit
701 1221 871 1263 Tibullus,
895 1221 997 1254 etiam
1023 1219 1105 1253 haec
1131 1220 1203 1253 dira
1228 1229 1313 1253 voce
1338 1229 1400 1252 sua
1424 1224 1575 1252 terrores

229 1291 336 1322 lenae.
362 1307 406 1313 —
440 1289 482 1322 V.
509 1291 553 1321 53
578 1298 628 1330 sq.
671 1286 784 1330 Ipsa.
834 1287 938 1319 Suavi
966 1286 1152 1319 variatione
1177 1296 1363 1330 pronomen
1390 1287 1575 1329 opponitur

228 1355 344 1396 strigi3
381 1354 430 1386 sic
464 1363 531 1386 non
569 1362 656 1395 opus
691 1351 808 1384 eadem
847 1352 1047 1395 pronomina
1085 1356 1252 1395 repetere.
1314 1352 1367 1384 De
1406 1352 1573 1385 sententia

227 1419 310 1452 haec
335 1423 433 1452 tene:
470 1419 556 1452 Cum
582 1428 684 1462 snpra
714 1418 877 1451 dixisset:
910 1417 1124 1460 Sanguineas
1149 1417 1228 1450 edat
1252 1418 1309 1450 illa
1332 1418 1458 1462 dapes»,
1482 1429 1570 1452 nunc

225 1486 291 1519 alia
316 1485 436 1519 similia
460 1484 588 1518 addens
613 1484 745 1527 pergit:
778 1486 921 1525 quaerat
953 1481 1076 1515 herbas
1100 1484 1265 1527 sepulcris
1290 1487 1325 1516 et
1349 1494 1427 1517 ossa
1451 1485 1571 1517 relicta

225 1553 324 1595 lupis.
372 1551 479 1585 Vides
514 1552 619 1594 igitur
653 1549 734 1593 quid
767 1559 823 1582 res
856 1550 910 1583 sit.
959 1552 1067 1584 Orsus
1101 1551 1143 1583 ab
1178 1551 1424 1594 imprecatione
1461 1551 1570 1593 famis,

223 1619 346 1652 deinde
377 1619 540 1651 subiectis
573 1619 667 1659 aliis,
704 1628 793 1651 nunc
826 1628 912 1651 nova
938 1628 1015 1651 cum
1038 1619 1070 1650 vi
1099 1618 1143 1650 ad
1168 1617 1266 1650 famis
1291 1618 1569 1662 imprecationem

223 1686 323 1726 redit,
348 1696 491 1727 eamque
517 1685 690 1718 continuat
720 1684 845 1718 additis
870 1685 945 1717 aliis
971 1688 1006 1717 et
1029 1683 1184 1725 absolvit,
1210 1682 1436 1727 pulcherrima
1459 1683 1570 1717 forma

222 1750 498 1793 compositionis,
533 1760 620 1792 quae
646 1751 782 1784 Graeco
809 1760 904 1783 more
928 1750 1090 1783 illustrari
1117 1754 1232 1793 potest
1255 1753 1373 1783 notato
1401 1760 1422 1782 a
1446 1760 1500 1783 me
1526 1749 1568 1783 ad

219 1817 330 1849 in.
356 1814 457 1858 Pyth.
482 1815 544 1857 XI,
572 1827 605 1858 p.
631 1817 711 1848 341.
762 1815 834 1849 Sed
859 1815 1092 1860 deprehendas
1118 1816 1260 1849 eandem
1285 1827 1362 1850 cum
1386 1816 1470 1849 alias
1495 1821 1567 1851 tum

219 1892 322 1925 supra
347 1881 374 1922 l,
401 1884 432 1923 1,
457 1884 502 1914 65
528 1892 600 1923 sqq.
636 1885 672 1913 et
705 1891 759 1924 ap.
795 1881 982 1914 Pnopmzm.
1008 1881 1071 1923 111,
1095 1885 1129 1923 7,
1154 1884 1273 1915 7-12.
1309 1882 1366 1914 ubi
1400 1883 1567 1915 sententia

219 1946 419 1979 verborum:
458 1946 507 1977 Et
532 1956 624 1978 nova
649 1944 851 1991 longinquis
870 1944 1029 1989 piscihus
1053 1957 1133 1979 esca
1157 1952 1285 1982 natat,
1310 1951 1389 1990 post
1413 1947 1566 1990 interpo-

218 2013 318 2044 situm
344 2010 509 2045 distichon
535 2022 564 2044 v.
586 2014 618 2044 9.
646 2014 712 2053 10.,
737 2013 803 2045 alio
828 2012 931 2046 modo
954 2012 1110 2046 redditur
1132 2017 1168 2047 et
1192 2014 1408 2047 continuatur
1432 2013 1564 2047 verbis:

219 2076 289 2107 Sed
319 2082 386 2108 tua
411 2087 504 2107 nunc
529 2075 686 2109 volucres
711 2076 862 2109 adstant
894 2089 1000 2122 super
1033 2090 1113 2111 ossa
1139 2079 1316 2115 marinae,
1342 2089 1417 2122 sqq.
1474 2079 1565 2113 Vide

220 2142 321 2174 etiam
358 2142 498 2175 Dissert.
534 2141 714 2176 de.Poesi
747 2143 874 2177 Tibulli
908 2156 981 2188 cap.
1006 2145 1052 2179 ΙΙ.
1109 2146 1256 2189 Semper
1289 2155 1370 2179 vero
1405 2146 1563 2180 eximiam

218 2206 285 2239 vim
311 2205 412 2239 habet
438 2205 639 2241 rhetoricam
664 2213 699 2241 et
724 2210 893 2252 poeticam
918 2211 995 2243 talis
1020 2209 1141 2243 divisio
1166 2221 1301 2253 rerum,
1336 2212 1415 2245 talis
1441 2210 1563 2245 fortior

217 2272 259 2305 ad
286 2273 485 2316 principium
510 2273 640 2306 reditus
665 2277 743 2317 post
775 2274 973 2318 interposita
1007 2275 1074 2308 alia
1107 2276 1297 2318 quaedam,
1342 2285 1431 2319 quae
1457 2275 1561 2308 inter-

217 2343 377 2382 ruperant
401 2350 549 2374 cursum.
573 2358 620 2365 —
659 2342 910 2384 sepulcris,
935 2341 1025 2376 unde
1049 2352 1092 2375 ne
1120 2343 1235 2386 pecori
1261 2342 1399 2385 quidem
1426 2341 1561 2383 impune

218 2404 281 2436 suit
306 2404 473 2447 carpsisse
498 2403 630 2447 herbas,
657 2405 700 2439 ct'.
718 2406 827 2439 Ovu).
853 2406 935 2440 Fast
955 2407 1027 2450 ,lv‚
1044 2409 1132 2441 751.
1169 2407 1266 2441 Adde
1293 2408 1476 2449 varmum,
1500 2409 1559 2450 qui

218 2480 235 2501 c
258 2469 344 2503 Cod.
364 2469 590 2504 Theodosian.
617 2472 690 2506 libr.
714 2474 752 2506 V.
779 2474 913 2506 titulum
939 2474 982 2507 de
1007 2475 1163 2518 sepulcro
1190 2475 1314 2508 violato
1338 2474 1456 2507 affert:
1484 2477 1559 2506 La-

211 2534 329 2578 pidem
367 2547 384 2568 e
421 2535 536 2569 busti-5
573 2550 722 2575 moi-ere,
764 2547 895 2572 terram
932 2540 1124 2573 sollicitare
1160 2546 1194 2570 et
1236 2539 1397 2583 cespilem
1435 2539 1559 2572 vellere

212 2602 412 2645 proximum
437 2603 622 2649 sacrilegio
649 2606 795 2639 maiores
821 2619 952 2651 semper
978 2606 1190 2640 habuerunt.
1219 2624 1262 2629 -—
1290 2606 1457 2639 saevis.
1492 2604 1559 2648 Ipsi
