1721 2953
660 107 898 149 TIBULLI.
1384 121 1408 144 x-
1418 123 1425 144 ι
1434 122 1458 144 x

103 232 227 271 vitam
258 227 404 275 redire,
445 234 486 265 et
514 224 716 276 cogitabat
746 237 855 263 nunc
888 223 1009 262 etiam
1039 220 1215 271 Deliam,
1246 221 1280 260 si
1309 234 1455 260 recon-

102 308 314 356 valuisset,
355 318 492 344 secum
531 303 679 342 ducere
709 303 753 341 in
783 300 997 354 praedium
1038 309 1077 339 et
1116 314 1207 340 cum
1238 313 1283 339 ea
1314 300 1454 339 vivere

103 398 279 436 semper,
321 379 670 436 quemadmodum
706 380 879 432 pulchre
919 377 1111 418 describit
1152 378 1184 428 I,
1215 382 1250 428 5,
1285 380 1334 415 19
1367 390 1456 431 sqq.

102 463 260 500 Verum
291 460 400 499 enim
432 471 531 499 vero
563 459 662 497 haec
691 458 774 496 iam
803 456 912 495 inter
943 456 1169 496 absentiam
1198 455 1370 505 Tibulli,
1410 463 1457 494 ut

99 535 273 585 videtur,
302 534 424 574 fidem
451 541 612 573 mutare
645 540 685 572 et
714 532 891 572 aliorum
921 532 1133 585 promissis
1164 544 1306 571 aurem
1336 545 1456 583 prae-

100 616 197 653 bere
227 620 438 666 coeperat3
481 619 604 665 poeta
641 611 840 663 recipitur
878 610 1041 665 quidem
1073 618 1167 662 post
1198 609 1378 649 reditum
1411 618 1457 648 ut

101 698 194 728 aute
223 697 264 729 et
294 689 524 740 aegrotanti
553 702 674 741 opem
704 689 795 738 fert,
823 686 895 727 sed
924 686 1046 737 Delia
1075 687 1144 727 vix
1166 686 1356 725 restituta
1384 700 1456 727 va-

99 766 280 806 letudine
302 767 504 805 relabitur
534 764 585 804 ad
611 764 818 805 levitatem
849 772 887 804 et
913 762 1104 803 ditiorem
1131 771 1357 803 amatorem
1383 762 1456 802 ad·

99 842 233 881 mittit.
290 842 480 881 Tibullus
511 854 594 894 quo
624 849 712 879 tum
742 839 884 880 dolore
918 848 1132 892 correptus
1162 840 1297 889 fuerit,
1329 841 1457 891 elegia

98 916 276 956 indicata
310 915 473 956 abunde
512 916 652 967 docet3
692 916 907 970 hucusque
941 930 983 956 se
1021 916 1191 955 unicum
1230 924 1456 956 amatorem

101 991 327 1032 crediderat
354 1000 394 1031 et
418 992 661 1043 imaginatus
684 1000 772 1032 erat
799 1005 1001 1032 summam
1026 992 1270 1043 felicitatem,
1301 993 1335 1032 si
1358 1007 1456 1032 rure

101 1082 238 1108 secum
275 1071 447 1109 haberet
488 1068 653 1109 Deliam
695 1077 937 1122 perpetuam
977 1071 1084 1109 vitae
1123 1071 1296 1119 sociam,
1347 1085 1455 1109 nunc

102 1154 312 1186 mutantur
347 1145 510 1194 omnia,
548 1159 623 1184 nec
659 1145 872 1185 miraberis
907 1147 1230 1186 exsecrationem
1266 1148 1457 1198 gravissi-

102 1239 210 1263 mam
240 1225 357 1263 lenae
387 1223 670 1275 corruptricis,
713 1237 819 1276 quae
856 1232 1010 1262 tantam
1047 1225 1317 1263 calamitatem
1352 1234 1457 1264 attu-

101 1302 215 1339 lerat.
273 1299 474 1338 Notamus
502 1299 581 1336 hoc
610 1298 701 1335 loco
737 1310 829 1335 oum
860 1298 1015 1337 Bachio
1049 1305 1089 1336 et
1119 1297 1307 1350 Spolmio
1341 1314 1457 1340 erro·

100 1388 189 1414 rem
218 1373 369 1412 mirum
402 1373 559 1421 Vossii,
595 1373 732 1412 lenam
760 1373 880 1411 istam
909 1373 1127 1424 pessimam
1159 1376 1340 1426 putantis
1370 1390 1458 1415 ma-

101 1458 206 1489 trem
236 1449 380 1488 Deliae
409 1449 547 1499 fuisse,
578 1449 691 1503 quod
724 1450 846 1489 etiam
875 1450 1071 1492 Passovio
1099 1452 1255 1503 placuit
1280 1452 1322 1491 in
1350 1452 1457 1492 Cen-

102 1540 197 1566 sura
229 1540 354 1578 supra
382 1525 561 1565 laudata.
630 1525 790 1578 Nempe
821 1526 991 1577 elegiam
1020 1535 1178 1567 sextam
1209 1536 1302 1567 ante
1335 1529 1457 1581 quin-

100 1612 183 1641 tam
214 1601 435 1642 credebant
469 1602 680 1654 scriptam,
714 1600 827 1655 quod
863 1616 1000 1652 secus3
1043 1603 1193 1655 scripta
1225 1611 1283 1641 est
1313 1604 1458 1656 quinta

104 1688 195 1719 ante
226 1688 401 1727 sextam,
442 1687 487 1718 ut
522 1679 658 1717 statim
688 1676 838 1726 dicam,
877 1692 952 1716 nec
983 1679 1121 1730 potuit
1151 1687 1294 1730 postea
1333 1693 1458 1717 aurea

105 1769 206 1795 anus
242 1754 322 1793 dici
350 1763 389 1792 et
421 1753 602 1792 maxima
630 1752 752 1792 laude
789 1754 950 1802 ornari,
999 1768 1104 1806 quae
1134 1763 1226 1793 ante
1259 1754 1356 1793 diris
1388 1754 1458 1793 de-

105 1839 200 1872 vota
231 1838 347 1869 esset.
404 1829 533 1879 Igitur
562 1829 641 1866 alia
670 1826 784 1865 haud
814 1827 937 1866 dubie
964 1828 1115 1866 mulier
1141 1828 1220 1866 suit
1247 1829 1322 1867 ista
1352 1844 1458 1881 saga.

105 1908 216 1946 Inter
248 1903 462 1944 Tibullum
498 1916 597 1943 vero
638 1911 676 1942 et
711 1902 875 1942 Deliam
914 1901 1129 1942 discidium
1162 1912 1312 1943 ortum.
1381 1907 1457 1944 Vi-

106 1982 188 2033 des,
217 1990 261 2022 ut
291 1979 561 2029 narravimus,
592 1979 701 2019 clara
731 1979 870 2018 onmia
899 1986 939 2019 et
969 1978 1156 2018 ordinem
1189 1994 1329 2019 rerum
1360 1994 1457 2020 con-

104 2068 359 2100 sentaneum.
417 2056 555 2106 Quare
580 2070 718 2109 pergo.
775 2055 874 2096 Non
897 2055 966 2095 diu
991 2058 1129 2097 tulisse
1150 2057 1314 2098 videtur
1336 2067 1459 2111 poeta

106 2134 321 2176 discidium
351 2133 464 2188 quod
499 2133 607 2184 dixi,
646 2143 685 2173 et
713 2134 849 2186 potuit
881 2134 963 2173 iam
995 2148 1092 2174 vere
1121 2143 1190 2174 aut
1220 2137 1297 2175 sub
1327 2144 1458 2175 aesta-

107 2223 188 2254 tem
218 2214 316 2252 anui
350 2217 444 2252 725.
479 2213 602 2252 scribi
633 2213 731 2264 eleg.
762 2213 793 2260 I,
828 2216 877 2262 5.,
910 2212 981 2251 ubi
1010 2212 1054 2250 in
1084 2212 1256 2263 gratiam
1288 2226 1379 2251 cum
1412 2226 1460 2251 ea

107 2289 242 2329 redire
277 2287 402 2339 cupit.
472 2285 595 2336 Quod
632 2297 765 2327 tamen
802 2302 887 2328 non
925 2288 1060 2328 statim
1096 2289 1218 2340 plane
1256 2289 1460 2328 successit.

108 2368 187 2406 Iste
217 2363 384 2419 quidem
418 2363 531 2404 dives
566 2373 724 2404 amator
759 2373 902 2417 postea
936 2364 1054 2413 abiit,
1099 2363 1170 2404 sed
1206 2364 1287 2403 iam
1320 2364 1462 2403 aderat

111 2443 231 2494 alius,
259 2442 293 2480 si
326 2454 421 2481 vere
457 2439 560 2479 dixit
588 2440 632 2478 in
660 2441 740 2480 fine
771 2440 984 2480 carminis:
1017 2437 1218 2493 quidquid
1248 2440 1345 2488 suit,
1376 2441 1461 2478 De-

110 2519 164 2556 lia
193 2520 297 2557 circa
326 2520 404 2557 hoc
434 2525 596 2570 tempus
626 2518 812 2570 nupsisse
842 2518 931 2559 viro
963 2519 999 2558 ei
1028 2517 1202 2566 videtur,
1232 2520 1304 2571 qui
1334 2519 1375 2557 iu
1400 2533 1460 2556 se-

115 2594 331 2644 quentibus
365 2593 610 2634 carminibus
643 2593 671 2643 I,
698 2598 735 2632 2.
768 2602 804 2632 et
834 2594 863 2636 Ι,
895 2599 931 2633 6.
963 2602 1227 2634 memoratur.
1288 2592 1365 2632 Sed
1392 2595 1461 2631 'si-

1008 2668 1069 2709 b*
