1721 2953
529 150 670 190 LlBR.
703 151 733 189 Ι.
792 150 948 191 ELEG.
980 152 1029 191 ΙΙ.
1385 155 1438 192 55

97 268 223 299 stremo
254 265 439 305 erraveris,
476 264 503 297 si
531 274 573 297 ex
598 262 648 296 his
674 262 826 296 distichis
858 264 1061 304 concludas,
1099 263 1228 296 Deliam
1256 266 1325 295 tuni
1352 273 1437 295 non-

96 331 175 366 dum
201 336 338 376 nuptam
364 331 479 373 fuisse,
503 331 711 364 utv0ss1us
734 330 855 364 fecisse
881 331 1014 364 videtur
1039 341 1116 364 cum
1141 331 1227 372 aliis,
1253 329 1334 363 haec
1357 333 1436 362 ante

95 398 238 431 reditum
267 397 394 430 Tibulli
420 407 439 430 e
464 397 554 430 bello
579 397 706 440 scripta
729 406 881 429 censens,
932 397 1009 432 Qua
1034 397 1123 430 mala
1148 396 1342 429 coniectura
1369 405 1434 427 non

95 474 192 507 opus,
241 463 372 496 Tantus
395 467 448 496 est
472 463 600 496 Tibulli
625 473 730 505 amor,
757 465 794 495 nt
819 462 847 495 si
874 463 926 495 vel
951 473 1038 495 nunc
1062 462 1253 505 relinquere
1279 461 1433 494 maritum

95 535 129 564 et
152 538 226 562 culn
254 529 326 572 ipso
351 529 465 561 vivere
490 528 586 561 Delia
609 528 701 568 velit,
726 526 859 569 quidvis
885 527 1090 561 toleraturus
1114 527 1158 560 sit
1182 536 1244 571 pro
1271 525 1332 559 hae
1359 525 1435 559 feli-

94 597 205 629 citate.
257 594 359 630 Quod
385 595 431 626 ita
456 593 538 626 dicit
561 593 603 626 ad
630 592 896 636 magnitudinem
923 594 1047 626 amoris
1073 593 1332 634 declarandam,
1369 603 1435 626 non

93 663 187 706 quasi
213 662 330 696 credat
353 662 401 695 ita
426 661 585 694 futurum.
635 661 706 694 Sed
729 661 920 703 laetabitur,
946 662 974 694 si
1000 661 1100 694 modo
1121 660 1204 694 illud
1229 662 1437 704 impetrave-

93 729 137 761 rit
165 727 214 760 lnis
239 727 417 770 precibus,
457 731 496 760 ut
520 725 664 759 subinde
687 725 778 759 fores
804 726 937 769 aperiat
963 726 1060 759 Delia
1084 729 1207 760 iterum
1233 729 1267 759 et
1292 725 1434 769 recipiat

91 799 272 829 amantem.
336 794 399 827 Est
436 795 541 837 igitur
579 805 680 828 verus
717 805 858 827 sensus:
899 794 1026 827 utinam
1065 804 1174 827 esseni
1207 813 1254 819 —
1287 803 1433 837 possem.

93 860 194 895 Quod
221 871 302 893 vero
326 860 502 894 nervosius
523 859 654 893 directa
677 859 926 902 significatione
951 860 1022 892 voti
1049 871 1109 903 per
1134 861 1327 904 praeseutia
1348 864 1436 893 tem-

92 938 175 971 pora
200 937 280 960 usus
305 930 377 969 est,
414 937 482 960 non
515 925 735 970 hypothetica
770 937 831 970 per
856 926 1075 970 imperfecta,
1114 926 1157 959 de
1182 936 1223 958 eo
1247 926 1324 958 vide
1350 936 1437 968 quae

91 993 234 1036 exposui
262 993 296 1025 in
321 993 388 1025 fine
419 992 677 1026 Dissertationis
708 992 751 1025 de
784 992 991 1026 Elocutione
1016 992 1155 1025 Tibulli.
1205 991 1301 1025 Adde
1327 993 1435 1025 Ovm.

90 1059 177 1092 Met.
202 1058 297 1100 XIV,
325 1060 394 1091 192
417 1069 510 1101 sqq.:
546 1058 575 1089 Ο
600 1059 632 1090 si
658 1057 737 1103 quis
762 1056 900 1102 referat
924 1056 1010 1089 milli
1035 1074 1082 1083 —
1108 1069 1215 1103 quam
1239 1056 1305 1093 sit,
1331 1067 1381 1100 pr.
1407 1058 1436 1089 si

92 1125 167 1166 quis
186 1124 331 1157 referret
353 1142 401 1148 —
426 1134 527 1167 quam
552 1128 655 1158 esset.
678 1143 726 1149 —
750 1125 792 1159 V.
819 1128 865 1158 77
889 1135 963 1167 sqq.
1014 1124 1106 1161 Quid
1130 1124 1270 1157 divitiae
1296 1128 1437 1167 prosunt

91 1192 163 1224 sine
196 1191 321 1224 amoris
353 1190 494 1224 fructu?
555 1191 713 1224 Suaviter
747 1200 830 1223 vero
865 1190 1006 1232 Tyriam
1041 1200 1225 1234 purpuram
1260 1194 1436 1231 memorat,

90 1269 167 1292 cuni
204 1258 306 1291 modo
342 1257 386 1290 de
421 1257 641 1290 orientalibus
677 1256 779 1290 rebus
815 1267 927 1290 sermo
960 1257 1074 1289 suerit.
1098 1275 1146 1282 —-
1192 1256 1327 1298 fletu,
1363 1257 1436 1290 sine

90 1325 354 1371 praepositione,
380 1329 418 1358 ut
437 1325 548 1359 Vme.
577 1325 659 1357 Aen.
686 1324 748 1365 Ill,
772 1325 861 1356 664:
888 1322 1050 1357 dentibus
1069 1321 1275 1367 infrendens
1297 1323 1433 1368 gemilu

92 1392 190 1432 dixit,
213 1395 246 1423 et
271 1391 396 1425 Graeci
422 1391 584 1437 στοναχῇ,
612 1397 807 1432 στοναχαῖς,
834 1389 976 1434 οἰμωγῇ,
1002 1390 1126 1433 μυγμῷ
1150 1389 1278 1431 dicunt,
1303 1390 1346 1424 cf.
1373 1400 1434 1423 nos

88 1458 132 1492 ad
157 1460 266 1493 Piun.
293 1459 394 1493 Nem.
418 1458 463 1501 X,
488 1462 547 1494 75.
571 1475 618 1483 —
646 1459 772 1491 venit
796 1457 1042 1500 significantius
1068 1461 1198 1501 ponunt
1223 1468 1274 1501 pr.
1300 1463 1372 1493 est,
1399 1462 1436 1490 ut

88 1528 132 1562 de
157 1528 312 1572 personis
337 1528 384 1560 ita
409 1527 452 1561 de
478 1527 580 1560 rebus
602 1526 758 1561 iucundis
783 1529 819 1559 et
843 1525 1054 1567 iniucundis,
1080 1525 1178 1558 bonis
1203 1529 1238 1558 et
1261 1526 1378 1567 malis,
1405 1537 1434 1559 v.

88 1606 118 1628 c.
142 1595 330 1628 PROPERT.
356 1594 382 1635 I,
414 1595 469 1634 18,
502 1594 565 1626 14:
604 1604 672 1624 non
706 1591 761 1623 ita
796 1603 905 1623 saeva
940 1597 1058 1623 tamen
1090 1591 1224 1624 venerit
1257 1591 1313 1624 ira
1348 1604 1434 1626 meu.

88 1659 177 1694 Add.
214 1661 308 1693 locos
343 1669 398 1702 ap.
436 1657 567 1691 Hnms.
602 1657 644 1690 ad
683 1656 783 1690 Ovid.
819 1656 914 1691 Fast.
941 1657 982 1697 V,
1008 1658 1087 1690 648.
1125 1657 1358 1690 Mmscfflm..
1392 1659 1435 1691 ad

90 1724 210 1758 Horat.
233 1725 261 1765 1,
289 1726 345 1766 19,
369 1725 426 1756 fin.
476 1721 642 1756 Coni'eras
667 1721 768 1754 etiam
795 1721 968 1754 Graecum
993 1716 1063 1765 ἥκει
1088 1723 1217 1766 φέρων,
1242 1723 1433 1757 Vinctum.

89 1791 132 1824 ad
165 1791 341 1825 Phoeniss.
376 1793 458 1824 260.
498 1794 534 1823 et
569 1790 806 1822 STALLBAUM.
847 1788 890 1821 ad
924 1789 1011 1822 Plat.
1043 1789 1204 1832 sympoS.
1241 1801 1274 1832 p.
1307 1792 1363 1822 68.
1389 1807 1430 1815 --

88 1858 296 1901 stragula
321 1856 447 1900 picta
472 1853 652 1898 (kostbare
677 1854 815 1886 Dea-ken
840 1853 904 1886 mit
928 1854 1124 1897 Stickerei).
1158 1855 1235 1888 Cle.
1261 1855 1366 1889 Tusc.
1393 1857 1435 1898 V,

91 1926 156 1957 21:
193 1921 363 1956 Collocari
387 1921 494 1955 iussit
520 1920 692 1954 hominem
716 1920 754 1954 in
778 1933 887 1954 aureo
911 1920 1021 1957 lecto,
1045 1927 1164 1954 stralo
1185 1921 1434 1965 pulcherrimo.

88 1988 209 2021 textili
240 1987 405 2033 stragulo
440 1986 640 2032 tnagrzfficis
675 1985 837 2031 operibus
863 1987 974 2030 picto.
1022 1986 1110 2021 Add.
1144 1987 1354 2021 Hammona.
1391 1990 1435 2022 ad

89 2055 212 2090 Horat.
235 2056 309 2089 Sat.
335 2055 379 2097 II,
405 2057 438 2095 3,
467 2056 546 2087 118.
566 2072 613 2078 —-
638 2054 819 2087 sonitus
846 2053 1051 2097 placidae
1073 2065 1222 2097 aquae.
1270 2054 1436 2097 Intelligit

88 2123 235 2163 silanos,
269 2131 354 2164 quos
380 2119 501 2154 divites
525 2120 671 2154 Romani
699 2120 731 2153 in
756 2119 898 2154 aedibus
923 2119 1103 2155 habebant.
1152 2121 1311 2154 Laudant
1337 2121 1434 2155 Car.-

89 2200 159 2223 stm
183 2188 246 2230 Ill,
271 2191 335 2222 18:
359 2186 504 2233 Confert
527 2187 637 2220 etiam
661 2186 802 2233 aliquid
825 2186 874 2219 ad
897 2199 1054 2220 somnum
1079 2186 1218 2220 silanus
1242 2187 1349 2220 iztxm
1371 2199 1432 2220 ca-

90 2255 194 2291 dens,
233 2258 270 2288 et
303 2255 438 2287 Smne.
473 2254 585 2298 Epist.
611 2256 691 2290 100.
731 2256 874 2290 Quaest.
904 2254 948 2289 N.
983 2254 1045 2296 ΠΙ,
1082 2257 1134 2288 17.
1159 2274 1205 2280 -
1245 2254 1430 2294 ducere,

89 2321 120 2356 h.
148 2332 178 2355 e.
203 2321 384 2362 adducere,
408 2319 553 2354 Homw.
578 2319 690 2363 Epod.
715 2320 811 2361 le,
836 2322 871 2354 3.
905 2318 1014 2352 Orm.
1040 2319 1126 2352 Met.
1151 2319 1196 2362 11,
1221 2322 1300 2353 735.
1327 2325 1362 2354 et
1388 2322 1430 2354 al.

90 2387 234 2420 Omnino
269 2390 447 2430 poetarum
479 2390 531 2420 est
564 2385 776 2429 simplicibus
812 2385 862 2418 uti
896 2395 959 2428 pro
992 2386 1190 2429 compositis
1226 2386 1283 2419 ubi
1315 2387 1431 2429 lingua

90 2451 166 2493 fert,
191 2457 225 2486 et
251 2463 368 2486 eorum
394 2452 450 2495 qui
475 2453 643 2496 poeticam
670 2453 859 2486 orationem
884 2453 1058 2486 imitantur
1079 2457 1116 2486 ut
1140 2453 1294 2487 Tacitus.
1347 2455 1431 2488 Yide

90 2530 176 2561 quae
202 2521 307 2553 Fam.
334 2522 522 2554 Gen-Tum<
557 2521 698 2563 collegit
729 2521 761 2553 in
796 2519 971 2553 Athenaeo
996 2520 1038 2554 ab
1065 2521 1139 2564 ipso
1165 2525 1200 2553 et
1224 2520 1430 2553 wicum:-

91 2595 178 2618 'rmo
205 2585 317 2627 edito,
352 2587 428 2620 Vol.
454 2586 497 2620 Π.
528 2587 609 2620 fasc.
637 2586 679 2621 11.
706 2599 738 2630 p.
764 2589 834 2620 266
860 2598 934 2630 sqq.
984 2588 1084 2631 Apud
1109 2588 1282 2621 Tibullum
1306 2588 1354 2620 sic
1379 2592 1429 2620 eat

91 2651 228 2684 mittere
255 2664 304 2697 pr.
331 2653 500 2687 dimittere
524 2654 550 2695 Ι,
574 2657 608 2695 3,
633 2656 678 2690 9.,
704 2652 838 2687 solator
864 2653 942 2689 ibid.
970 2665 1000 2689 v.
1018 2657 1085 2695 15„
1111 2654 1237 2687 missam
1259 2664 1306 2697 ρι’.
1329 2655 1432 2687 cmis-
