1721 2953
190 150 264 204 ¹282
525 135 894 180 COMMENTAR.
930 135 990 177 ΙΝ
1021 134 1247 176 TIBULLI

223 261 303 307 poni
334 257 483 294 ostendit
517 254 838 288 Wumnmmcmus
877 262 897 286 e
933 252 1096 285 sz'row.
1125 250 1213 292 Aug.
1238 250 1295 282 42.
1331 248 1460 283 Tacrr.
1485 248 1572 282 Ann.

224 331 252 371 1,
280 331 334 362 10,
361 324 451 368 quod
476 326 590 356 tamen
617 319 776 353 Tibullus
801 329 868 352 non
892 318 985 352 fecit.
1011 335 1056 341 —-
1095 316 1276 349 deserit
1308 314 1427 348 sitim
1454 317 1573 346 ornate

231 405 282 437 pr.
309 390 436 425 deserit
459 388 631 421 sitientem
657 385 700 419 cf.
726 385 769 419 ad
794 385 821 427 I,
845 387 880 428 2,
905 386 963 419 11.
1003 384 1194 417 PROPERT.
1219 381 1282 422 ΙΙΙ,
1305 383 1340 422 5,
1366 382 1409 414 4:
1435 390 1497 412 nec
1522 377 1574 410 bi-

227 459 278 491 bit
303 468 320 488 ε
342 464 479 500 gemma
507 451 616 485 divite
641 455 767 484 nostra
791 448 884 483 sitis.
909 467 954 481 η-
997 448 1040 481 V.
1066 450 1111 481 79
1137 458 1188 490 sq.
1238 446 1381 479 Danai
1406 443 1575 489 proles,

225 521 397 557 Danaides
432 530 500 553 non
538 528 676 559 omnes,
714 516 774 550 sed
811 527 872 550 eae
908 525 994 559 quae
1029 514 1170 548 maritos
1205 523 1286 546 suos
1320 511 1574 546 interfecerunt.

228 588 390 621 Ceterum
424 595 480 618 res
513 587 616 626 nota,
651 583 696 617 cf.
722 583 908 615 Ammon.
936 580 981 619 ΙΙ,
1008 582 1040 613 1.
1067 582 1102 612 et
1133 578 1323 622 interprett.
1357 576 1398 610 ad
1432 576 1574 609 HYGJN.

227 655 366 686 168.-
391 650 585 685 Veneris
610 648 782 682 numina
807 645 966 687 laesit,
991 647 1030 677 ut
1056 642 1237 676 laeduntur
1261 642 1308 676 dii
1332 642 1487 684 legitimo
1512 649 1577 672 usu

226 717 361 752 dicendi
386 717 429 750 ab
454 715 664 757 amantibus,
697 713 919 756 coniugibus,
956 712 1015 754 qui
1038 709 1140 743 fidem
1165 709 1279 742 datam
1304 708 1443 749 fallunt,
1479 707 1521 740 cf.
1549 706 1576 747 I,

228 788 263 826 9,
289 787 321 817 6.
349 783 456 816 Ov11›.
480 780 624 815 Heroid.
649 779 694 821 ΙΙ,
719 781 776 812 43.
825 778 988 810 Ceterum
1014 776 1186 810 Venerem
1209 776 1342 807 constat
1367 773 1470 805 etiam
1494 781 1579 805 con-

229 851 331 894 iugiis
354 849 563 892 praefuisse,
598 846 642 880 cf.
670 846 907 878 Bnoncxmss.
932 861 978 867 —
1004 843 1044 876 in
1080 852 1191 876 cava
1216 841 1354 882 dolia,
1390 841 1497 872 πίθον
1520 851 1581 871 τε-

230 919 396 962 τρημένον
420 915 537 949 dicunt
555 914 691 954 Graeci,
715 912 758 945 cf.
773 912 888 945 Pam.
914 912 1024 953 Gorg.
1041 922 1073 954 p.
1088 911 1169 943 493.
1185 909 1226 942 B.
1252 908 1517 940 Hnms'rnmms.
1535 905 1579 939 ad

231 985 374 1019 Lucian.
401 983 490 1015 Dial.
516 981 640 1015 Marin.
663 979 723 1014 VI.
748 979 888 1023 Bipont.
915 978 955 1011 T.
974 977 1018 1010 11.
1046 989 1079 1020 p.
1098 979 1180 1009 367.
1206 975 1350 1009 HonA'r.
1370 974 1431 1016 ΙΙΙ,
1450 976 1504 1015 11,
1521 975 1580 1006 26.

232 1049 322 1085 Vide
347 1052 523 1093 praeterea
550 1046 592 1079 de
616 1044 679 1078 hac
703 1044 816 1078 sabula
841 1044 1116 1077 BonTTmssRtffl
1143 1043 1177 1075 in
1200 1040 1423 1083 Archaeolog.
1448 1040 1580 1073 Pictur-

233 1130 266 1162 p.
284 1119 354 1150 362
375 1126 510 1158 sqq.--
534 1114 634 1148 V.81
654 1123 706 1155 sq.
733 1111 994 1154 quicunque
1019 1119 1138 1142 meos
1163 1106 1362 1141 violavit
1393 1114 1578 1145 amores,

234 1181 266 1217 h.
288 1193 318 1215 e.
344 1181 445 1215 fidem
471 1183 603 1213 amatae
629 1178 834 1212 labefactare
858 1177 1011 1215 tentavit,
1035 1178 1074 1208 ut
1098 1177 1192 1208 recte
1219 1174 1368 1217 explicat
1389 1172 1580 1205 WnNnnn-

234 1258 401 1290 memus3
444 1249 632 1289 sequuntur
662 1245 751 1279 enim
784 1255 865 1278 mox
889 1243 1014 1277 verba:
1054 1248 1093 1273 at
1121 1247 1161 1272 tu
1186 1244 1289 1271 casta
1314 1248 1468 1271 maneas.
1517 1235 1582 1268 Est

234 1327 316 1349 vero
341 1314 494 1350 laedere,
518 1312 651 1345 violare
674 1323 808 1344 amores
833 1314 892 1344 aut
916 1309 1110 1348 amantium,
1136 1307 1193 1350 qui
1218 1305 1319 1340 fidem
1345 1315 1412 1338 non
1437 1307 1584 1345 servant,

237 1386 274 1415 ut
300 1381 383 1422 1,,9,
411 1382 443 1412 1.
470 1381 538 1420 19„
564 1381 623 1410 aut
648 1386 776 1417 eorum,
803 1376 860 1418 qui
885 1375 1011 1407 amicas
1037 1374 1258 1415 corrumpunt
1281 1374 1340 1403 aut
1365 1377 1585 1411 corrumpere

237 1451 380 1490 tentant,
405 1447 459 1480 vel
485 1447 551 1479 alio
577 1444 679 1478 modo
702 1444 840 1485 violant,
865 1445 904 1474 ut
931 1442 1040 1474 Ovm.
1065 1440 1153 1472 Met.
1174 1438 1234 1476 IV,
1258 1440 1338 1470 191.
1374 1435 1454 1470 Vid.
1479 1434 1585 1467 Hm-

238 1525 293 1550 ΝΠ
320 1514 512 1547 Observatt.
538 1511 580 1544 ad
608 1510 633 1551 1,
658 1512 691 1550 2,
717 1511 774 1542 91.
795 1525 840 1531 -
866 1506 1049 1550 optavit
1074 1505 1227 1536 lentas
1251 1499 1357 1534 mihi
1383 1499 1583 1533 militias.

240 1581 378 1624 Optime
403 1580 519 1611 monet
552 1575 723 1608 Hmmus
758 1572 800 1605 de
826 1572 914 1604 votis
939 1569 1093 1612 malignis
1119 1572 1154 1601 et
1182 1567 1404 1600 fascinatione
1431 1565 1585 1597 rivalium

240 1645 458 1688 cogitandum
485 1652 571 1684 esse,
597 1640 736 1674 Tibullo
763 1649 825 1682 pro
851 1637 1092 1681 superstitione
1117 1636 1216 1668 istius
1241 1633 1405 1677 temporis
1430 1632 1585 1665 morbum

242 1723 340 1746 suum
359 1710 512 1743 rivalium
539 1705 750 1750 quorundam
776 1702 978 1745 malignitati
1004 1701 1187 1742 tribuente,
1211 1700 1269 1742 qui
1294 1697 1358 1732 hoc
1381 1698 1587 1741 expetierint

242 1788 262 1811 a
298 1777 362 1809 diis
397 1774 555 1818 precibus
590 1775 650 1804 aut
684 1768 889 1803 carminibus
924 1767 1087 1808 magicis,
1124 1770 1163 1799 ut
1188 1769 1322 1808 tempus
1356 1763 1520 1797 habereut
1544 1761 1588 1795 ad

243 1840 523 1884 corrumpendam
549 1838 693 1871 Deliam.
743 1836 905 1869 Ceterum
932 1833 1080 1866 militias
1105 1832 1208 1874 dicit,
1235 1841 1301 1865 non
1327 1830 1502 1867 militiam,
1527 1840 1587 1863 va·-

243 1909 312 1940 rias
337 1911 446 1938 terras
471 1907 505 1937 et
529 1903 689 1944 regiones
713 1901 918 1944 respiciens,
954 1899 1013 1932 ubi
1038 1897 1250 1931 militandum
1274 1899 1366 1930 esset
1389 1905 1466 1929 cum
1492 1895 1588 1928 Mes-

243 1974 326 2008 sala.
350 1991 396 1996 —-—
435 1972 534 2004 Haec
566 1969 739 2002 hactenus.
788 1968 860 2001 Iam
888 1967 976 2000 enim
1000 1966 1143 2009 singulis
1171 1965 1335 1999 enarratis
1367 1963 1410 1997 de
1433 1964 1590 1996 universa

244 2040 410 2074 sententia
444 2036 666 2070 distichorum
699 2034 853 2078 proxime
886 2032 1159 2066 antecedentium
1183 2033 1291 2064 restat
1314 2033 1353 2062 ut
1378 2038 1589 2062 moneamus.

245 2107 317 2138 Cur
340 2104 443 2146 igitur
465 2102 507 2134 de
530 2101 649 2144 poenis
674 2099 767 2133 hisce
790 2102 825 2132 et
848 2097 1014 2131 damnatis
1039 2097 1153 2130 dixit?
1200 2096 1335 2138 Legisti
1361 2093 1461 2128 modo
1486 2093 1590 2126 verba

245 2174 279 2206 in
305 2173 427 2205 rivales
453 2170 564 2211 dicta,
596 2162 636 2202 ac
662 2179 729 2201 non
755 2169 820 2200 iam
846 2166 1017 2200 dubitabis
1043 2164 1108 2198 huc
1133 2164 1304 2208 pertinere
1330 2162 1453 2195 omnia.
1502 2159 1589 2193 Nam

245 2238 398 2271 Ixionem
432 2234 566 2277 quidem
599 2232 778 2266 manifesto
813 2236 955 2275 propter
989 2231 1109 2263 rivales
1143 2229 1440 2268 commemoravit3
1473 2229 1511 2258 ut
1536 2224 1589 2257 hic

245 2303 409 2336 Iunonem
435 2304 567 2333 tentare
592 2309 694 2331 ausus
720 2302 791 2339 est,
817 2298 866 2330 sic
891 2297 946 2330 isti
973 2296 1125 2336 Deliam,
1151 2298 1276 2338 poetae
1302 2292 1440 2326 foedere
1464 2289 1588 2323 amoris

246 2371 406 2403 iunctam·
454 2366 639 2399 Denuntiat
668 2366 773 2408 igitur
808 2364 871 2398 hoc,
905 2363 1062 2406 exemplo
1088 2361 1249 2395 rivalibus
1274 2358 1395 2392 similia
1418 2354 1589 2388 molienti-

246 2437 309 2469 bus
335 2443 477 2477 poeuam
504 2432 660 2464 futuram.
712 2429 782 2463 Sed
817 2440 878 2462 cur
910 2429 1050 2471 Tityum
1085 2431 1120 2460 et
1154 2425 1334 2459 Tantalum
1366 2419 1488 2453 addit?
1538 2418 1589 2450 lta

246 2512 390 2536 censeo:
430 2500 467 2532 Si
500 2498 582 2532 haec
617 2498 751 2531 nomina
778 2499 876 2542 plane
908 2498 1016 2530 aliena
1047 2497 1160 2529 essent
1184 2504 1204 2526 a
1228 2489 1398 2536 praesenti
1431 2498 1487 2528 re,
1522 2496 1588 2519 non

245 2569 334 2602 bona
358 2567 446 2600 foret
471 2565 650 2597 collocatio
678 2574 812 2605 rerumg
851 2566 923 2596 erat
957 2562 1044 2596 enim
1071 2570 1113 2593 ex
1143 2557 1203 2590 hac
1228 2555 1358 2588 ratione
1388 2553 1519 2585 initium
1546 2550 1588 2582 ab

244 2636 292 2669 his
319 2634 431 2680 potius
456 2631 644 2666 nominibus
670 2630 871 2671 faciendum,
897 2628 997 2663 tertio
1022 2637 1102 2661 vero
1127 2626 1203 2659 loco
1226 2622 1321 2656 Ixion
1340 2617 1587 2657 memorandus,
