1721 2953
502 151 646 194 LIBR.
677 153 708 191 1.
765 150 923 192 ELEG.
952 152 1024 192 III.
1391 157 1440 190 63

100 285 161 317 ρας
187 273 302 313 ἔοικεν,
329 273 357 306 εἶ
382 275 463 318 πυρὶ
486 279 604 317 χεῖρας
628 271 721 311 ἔοικε,
746 273 842 311 μένος
866 269 898 305 δ’
923 273 1048 305 αἴθωνι
1078 270 1227 318 σιδήρῳ,
1252 277 1285 306 et
1310 273 1442 315 XXIII,

100 341 187 372 640:
229 335 245 370 ὅ
270 339 329 377 μὲν
352 338 494 377 ἷ-ζιιῑιεδον
526 334 712 382 ἡνιόχευεν,
752 337 894 376 {paedor
918 335 1071 382 vl‘moflv’,
1108 335 1124 371 ὅ
1149 337 1181 371 δ’
1205 336 1272 384 ἄρα
1299 335 1441 381 μάστιγι

100 407 238 440 κέλευεν.
294 404 395 448 Apud
429 404 602 438 Tibullum
639 405 704 437 alia
739 405 894 448 exempla
928 410 1006 438 sunt
1038 408 1065 447 I,
1090 409 1123 448 4,
1157 409 1215 440 55.
1251 410 1286 439 et
1318 409 1352 447 5,
1382 408 1441 439 17.

99 471 221 514 Neque
245 480 331 513 opus
353 474 391 502 ut
415 471 527 502 omnia
553 470 655 503 verba
680 474 889 514 repetantur,
914 471 974 503 sed
1000 472 1082 504 satis
1106 483 1210 516 saepe
1235 475 1299 514 est,
1325 473 1353 505 si
1377 482 1440 515 po-

98 537 184 569 tiora
207 536 359 569 redeant.
410 536 524 569 Habet
557 540 671 569 autem
705 538 815 579 figura
851 547 938 570 nunc
972 538 1130 571 affectum
1157 549 1316 581 gravem,
1352 548 1440 572 nunc

97 605 206 636 lusum
227 603 421 637 iucundum.
484 604 669 637 Praeterea
695 603 759 637 hoc
784 606 861 638 loco
886 605 986 638 simul
1012 607 1172 639 transitus
1197 607 1238 639 ad
1264 608 1442 649 sequentia

97 679 157 712 per
190 679 266 702 eam
299 673 439 712 paratur
472 673 510 702 ut
544 679 574 703 v.
608 680 638 704 c,
673 670 775 703 etiam
801 670 828 712 1,
853 674 887 711 5,
915 673 970 705 17.
1004 672 1048 713 ΙΙ,
1075 674 1107 713 4,
1132 675 1188 707 20.
1214 692 1260 698 —
1299 674 1438 716 Pergit:

96 745 175 768 non
209 734 275 768 hie
309 734 414 769 mihi
447 739 608 777 mater,
647 747 730 769 non
765 747 903 770 soror.
953 736 1061 770 Erant
1096 739 1184 772 enim
1221 738 1304 773 haee
1330 739 1441 773 officia

96 800 329 844 proximorum
354 805 389 834 et
413 801 684 843 carissimorum,
719 805 757 835 ut
780 806 927 836 constat.
988 803 1128 837 Tibullo
1153 815 1234 838 vero
1259 806 1326 838 alio
1350 809 1439 839 tem-

95 876 179 909 pore
210 875 327 899 revera
360 866 505 908 contigit
537 865 628 908 quod
656 870 772 910 optat,
807 872 844 900 ut
868 868 1002 901 Romae
1026 869 1058 902 in
1085 871 1296 913 amplexibus
1324 871 1440 904 matris

95 938 130 966 et
154 933 281 966 sororis
307 932 500 975 decederet,
524 932 567 966 cf.
593 934 701 966 Ov11›.
726 938 860 969 Amorr.
884 934 947 977 111,
974 938 1007 977 9,
1027 938 1086 970 49.
1136 937 1247 973 Quam
1272 939 1315 970 sit
1341 939 1438 972 triste

93 1001 127 1033 iu
153 1000 333 1044 peregrina
357 1007 449 1034 terra
475 1002 559 1034 mori
582 1005 616 1035 et
643 1002 799 1045 sepeliri,
838 1002 935 1035 multi
960 1003 1028 1036 loci
1053 1002 1179 1037 docent
1201 1008 1376 1047 veterum,
1401 1010 1440 1038 ut

95 1066 202 1099 Ovm.
228 1066 334 1100 Trist.
359 1066 385 1108 l,
410 1069 443 1108 2,
467 1068 525 1099 53.
550 1067 613 1108 ln,
637 1070 671 1109 3,
696 1069 754 1102 29.
781 1068 929 1101 Vmcn„
956 1069 1039 1102 Aen.
1064 1068 1126 1111 IX,
1151 1072 1233 1106 485.
1259 1071 1440 1105 Sopnocn.

94 1130 223 1165 Electr.
249 1134 352 1165 1126.
401 1132 452 1165 Ac
475 1136 594 1164 notant
619 1132 833 1175 interpretes,
854 1151 897 1156 --
924 1133 967 1166 in
990 1138 1187 1167 moestos
1212 1135 1358 1177 sinus,
1386 1136 1441 1168 lu-

95 1196 237 1238 gubrem
262 1201 390 1230 vestem
418 1197 522 1238 dicit,
556 1209 643 1240 quae
668 1203 754 1233 atra.
804 1199 856 1233 Cf.
886 1199 972 1232 infra
997 1199 1058 1241 Ill,
1083 1202 1118 1241 2,
1145 1203 1200 1235 17.
1248 1201 1322 1235 Res
1346 1206 1437 1235 nota.

95 1261 257 1294 Ceterum
281 1261 324 1294 ad
348 1272 418 1295 rem
442 1263 529 1296 conf.
556 1264 744 1296 PROPERT.
771 1264 799 1305 I,
824 1267 877 1305 17,
899 1266 963 1297 12:
993 1265 1055 1297 An
1075 1266 1211 1310 poteris
1236 1265 1338 1299 ,siccis
1363 1278 1440 1299 mea

87 1325 181 1371 sata
207 1338 368 1371 reponere
393 1327 521 1362 ocellis,
546 1339 696 1372 ossaque
721 1326 824 1359 nulla
849 1334 912 1360 tuo
937 1334 1062 1361 nostra
1085 1335 1200 1362 tenere
1224 1332 1316 1364 sima.
1366 1331 1440 1364 Lo-

93 1392 208 1435 quitur
230 1397 343 1426 autem
367 1393 544 1435 Tibullus,
582 1398 618 1426 ut
644 1405 706 1438 par
729 1398 803 1436 est,
839 1395 1041 1429 summatim.
1091 1396 1222 1429 Auctor
1246 1396 1321 1429 libri
1346 1397 1441 1430 tertii

92 1458 182 1500 eleg.
212 1458 256 1490 11.
283 1458 304 1491 1.
333 1459 388 1492 cit.
422 1459 575 1502 pluribus
600 1470 662 1492 nos
688 1459 789 1492 docet
821 1459 953 1493 cineres
987 1461 1063 1493 sinu
1089 1465 1267 1505 susceptos
1294 1463 1439 1506 primum

91 1522 170 1555 vino
194 1527 230 1556 et
253 1523 341 1556 lacte
366 1534 579 1568 conspersos,
611 1528 681 1557 tum
704 1525 789 1557 velis
814 1525 970 1568 siccatos,
995 1526 1142 1570 denique
1166 1528 1201 1561 in
1225 1538 1310 1561 urna
1335 1539 1441 1573 repo-

90 1590 185 1622 sitos.
242 1590 313 1623 Pro
338 1591 458 1633 quibus
482 1591 585 1624 rebus
608 1577 766 1625 Tibullus
800 1593 884 1626 satis
920 1592 1022 1627 habet
1053 1594 1251 1637 ossilegium
1285 1605 1439 1628 comme-

90 1666 234 1690 morare.
259 1675 306 1682 —-
352 1657 394 1691 V.
419 1661 452 1690 7.
503 1658 717 1700 Assyrios
753 1660 899 1693 cineri
933 1670 1046 1701 quae
1086 1660 1224 1693 dedat
1262 1660 1438 1694 odores.

91 1723 260 1756 Dixerunt
285 1724 454 1765 Assyriam
479 1734 543 1767 pro
568 1724 670 1766 Syria
694 1724 808 1757 Latini
844 1725 968 1768 passim
1004 1729 1042 1758 ut
1066 1725 1210 1759 HonAT.
1236 1726 1297 1768 IV,
1321 1729 1354 1767 6,
1380 1729 1439 1760 32.

90 1789 120 1822 E
147 1790 271 1832 Syriae
296 1793 408 1823 autem
435 1790 599 1836 portubus
625 1789 889 1833 advehebantur,
913 1795 951 1824 ut
973 1795 1119 1833 constat,
1143 1801 1286 1832 merceS,
1311 1791 1435 1824 odores

92 1860 127 1888 et
152 1860 325 1900 unguenta
351 1857 521 1898 Orientis,
554 1856 690 1899 Indica,
715 1858 883 1900 Arabica,
909 1859 1029 1900 Syria,
1060 1858 1103 1892 cf.
1129 1858 1365 1892 Bnoucxuus.
1392 1857 1436 1891 ad

91 1920 122 1955 h.
140 1922 162 1956 l.
189 1925 225 1955 et
249 1921 480 1955 Mn-scflmm.
506 1921 550 1954 ad
575 1922 696 1956 Horat.
719 1922 764 1965 II,
783 1926 816 1965 7,
836 1926 870 1956 8.
920 1924 979 1957 Sic
1004 1933 1101 1956 merx
1124 1925 1213 1967 Syra
1240 1928 1293 1957 est
1312 1924 1435 1958 Horat.

89 1987 115 2028 I,
136 1989 194 2028 31,
216 1989 272 2021 12.
296 1986 544 2020 malobathrum
570 1987 707 2029 Syrium
732 1988 777 2029 ll,
796 1978 838 2029 7,
853 1991 887 2022 8.
912 1989 1037 2022 nardus
1063 1991 1203 2032 Assyria
1225 1988 1271 2032 ΙΙ,
1297 1993 1352 2032 11,
1381 1993 1435 2024 12.

89 2052 153 2085 Adi
187 2052 351 2096 imprimis
386 2052 574 2086 Ham-snm
607 2053 649 2086 ad
676 2053 776 2087 Ovid.
802 2053 947 2088 Heroid.
971 2053 1049 2096 XV,
1075 2057 1131 2088 76.
1166 2059 1202 2089 et
1238 2055 1313 2089 vide
1348 2055 1434 2088 infra

87 2117 210 2151 Lien.
245 2117 308 2160 111,
332 2119 366 2157 2,
390 2121 435 2151 23
461 2128 536 2161 sqq.
565 2135 611 2144 —
660 2118 806 2152 dedat.
856 2119 1034 2161 Significat
1067 2119 1280 2163 reduplicata
1314 2119 1433 2162 forma,

87 2187 126 2216 ut
159 2187 312 2226 constat,
346 2184 427 2218 dare
459 2184 549 2227 quod
583 2186 763 2230 accipienti
796 2187 969 2238 proprium
1005 2197 1142 2231 semper
1175 2187 1220 2220 sit
1251 2191 1286 2220 et
1311 2197 1435 2229 suum3

87 2252 203 2292 aptum
229 2249 351 2293 opinor
374 2249 514 2282 verbum
539 2250 573 2282 iu
598 2251 666 2284 ritu
691 2252 852 2294 religioso
877 2252 987 2294 qualis
1012 2251 1087 2294 liic,
1122 2252 1181 2285 ubi
1205 2252 1307 2285 datur
1341 2253 1433 2295 quod

88 2324 156 2349 nou
180 2315 367 2359 repetitur3
406 2315 440 2348 in
472 2315 599 2349 leviore
630 2327 770 2350 munere
795 2317 904 2350 miuus
930 2317 1108 2361 probarem
1133 2317 1434 2360 significantiorem

89 2379 244 2415 formam.
295 2381 380 2413 Cum
404 2381 492 2413 enim
517 2381 663 2424 simplex
693 2381 778 2414 dare
803 2383 944 2424 vulgare
973 2384 1034 2423 sit,
1060 2383 1221 2416 intentior
1242 2383 1295 2417 *vis
1320 2383 1436 2416 notio-

91 2445 144 2478 nis
168 2446 299 2480 nonnisi
324 2446 426 2479 certis
451 2447 535 2479 locis
560 2446 730 2480 convenit.
789 2446 950 2481 Ceterum
979 2448 1139 2481 Vum‘lus
1165 2449 1198 2481 in
1223 2459 1342 2482 urna-m
1368 2458 1432 2482 un-

89 2514 217 2552 guenta
249 2512 424 2545 recondita
459 2513 598 2555 statuit,
647 2517 827 2556 antequam
864 2524 905 2546 ea
938 2514 972 2546 in
1004 2515 1162 2558 sepulcro
1196 2516 1433 2558 collocaretur,

90 2576 180 2618 quod
205 2577 330 2611 firmari
354 2582 469 2621 potest
495 2579 622 2612 Ovum
649 2580 724 2613 loco
750 2579 855 2613 Trist.
881 2579 943 2622 111,
963 2583 996 2623 3,
1018 2584 1084 2615 65:
1114 2583 1203 2615 Ossa
1228 2588 1346 2614 tamen
1364 2582 1435 2627 sa-

91 2642 160 2674 cito
182 2653 300 2688 part-a
326 2643 536 2689 reserantur
559 2645 596 2679 in
623 2658 726 2685 urna,
751 2665 797 2670 —
821 2652 930 2693 atque
955 2657 997 2678 ecc
1022 2659 1099 2681 cum
1118 2648 1225 2694 soliis
1249 2654 1281 2681 et
1309 2648 1435 2681 amomi
