1721 2953
598 156 840 196 TlsstJLLl.
1324 166 1389 188 mu

44 277 153 316 tione
195 278 322 315 lentas
364 270 526 312 militias
574 271 673 310 mihi
712 275 938 323 pararunt,
989 267 1186 306 Tartarus
1229 265 1390 318 punito.

43 352 260 392 Ponuntur
295 349 361 389 hic
400 347 695 399 descriptiones
731 344 859 398 Elysii
897 351 936 383 et
968 341 1152 391 Tartari,
1198 348 1242 380 ut
1282 347 1387 379 amat

43 427 230 480 opposita
258 437 519 477 componere.
577 421 677 462 Inde
706 435 803 463 vero
833 419 1041 460 lenissimo
1071 417 1243 457 transitu
1273 415 1389 456 veni-

42 512 110 543 tur
141 501 192 541 ad
224 502 360 542 finem.
429 499 543 539 Dum
574 498 683 538 enim
713 505 808 550 post
841 494 1166 535 exsecrationem
1199 491 1390 532 rivalium

43 578 184 618 Deliae
222 577 444 617 castitatem
482 575 761 623 commendat,
800 574 964 614 iamiam
995 569 1250 612 obliviscitur
1279 581 1391 608 mor-

40 663 141 704 tem,
174 654 344 695 resumit
374 667 488 707 spem
519 653 660 693 salutis
691 660 728 692 et
759 651 808 691 de
838 649 973 690 reditu
1002 648 1201 689 incolumi
1231 645 1391 697 cogitat,

41 731 114 771 ubi
140 731 263 770 Delia
290 731 395 770 laeta
427 730 471 770 in
501 729 714 782 amplexus
751 741 845 767 suos
883 733 987 765 ruet.
1055 721 1138 772 Qui
1169 729 1227 761 est
1257 720 1392 760 exitus

40 808 223 860 egregius
257 806 471 856 carminis,
509 805 708 845 adductus
739 817 814 857 per
848 799 1117 841 mutationem
1152 795 1393 842 sententiae,

40 890 87 922 ut
117 881 255 932 vides,
295 882 466 935 pulchre
502 888 789 934 praeparatam
821 877 972 918 sensim
1005 881 1161 915 mutata
1194 872 1296 912 facie
1328 885 1392 910 re-

40 971 147 997 rum.
205 956 310 998 Satis
340 956 391 997 de
420 955 511 1007 his;
551 955 765 996 veniamus
796 951 847 992 ad
880 951 972 991 alia.

124 1034 300 1083 Earum,
336 1046 439 1086 quas
468 1033 683 1085 hucusque
713 1029 1016 1076 recensuimus,
1049 1024 1394 1077 compositionum

40 1109 140 1149 haec
170 1117 230 1148 est
259 1107 487 1147 communis
515 1107 643 1156 ratio,
682 1104 796 1158 quod
824 1104 948 1143 trium
979 1100 1270 1154 principalium
1299 1113 1395 1151 par-

41 1183 144 1222 tium
174 1182 347 1234 elegiae,
387 1181 478 1221 dico
509 1180 749 1229 exordium,
787 1179 969 1219 medium
1002 1191 1188 1226 carmen,
1225 1175 1394 1222 exitum,

42 1273 158 1299 suam
201 1259 280 1299 sibi
321 1272 509 1312 quaeque
554 1258 766 1309 propriam
810 1256 986 1294 sormam
1031 1262 1071 1293 et
1109 1253 1395 1292 tractationem

41 1335 166 1374 habet
185 1347 263 1386 pro
286 1333 516 1384 argumenti
537 1331 679 1371 indole
705 1330 958 1370 adornatam.
1016 1328 1239 1369 Enimvero
1265 1327 1397 1366 nasci-

42 1417 110 1449 tur
143 1409 264 1449 etiam
295 1409 406 1448 aliud
439 1409 662 1461 pulchrum
691 1420 819 1459 genus
852 1405 1159 1459 compositionis
1189 1418 1264 1456 per
1292 1418 1396 1457 repe-

37 1489 195 1525 titionem
224 1484 443 1537 formarum
454 1515 467 1535 ,
512 1482 632 1538 quod'
664 1484 754 1536 ipsa
789 1483 830 1524 vi
858 1481 1115 1534 repetitionis
1153 1481 1309 1532 placet,
1352 1487 1396 1518 ut

37 1561 141 1601 illud
178 1561 421 1602 variatione.
489 1561 555 1601 De
587 1574 672 1615 quo
708 1576 819 1601 nunc
852 1560 1075 1600 videamus.
1143 1559 1200 1598 Ac
1235 1562 1396 1612 primum

41 1638 208 1692 quidem
249 1637 423 1690 prodeat
466 1637 668 1678 illustrior
709 1637 755 1676 in
796 1638 875 1677 hoc
917 1649 1065 1688 genere
1110 1634 1397 1682 conformatio,

42 1713 115 1753 ubi
146 1722 208 1753 ter
236 1713 342 1754 redit
370 1714 504 1753 forma
540 1712 738 1765 primaria
774 1711 1005 1762 argumenti
1041 1724 1117 1762 per
1146 1718 1228 1749 tres
1261 1716 1397 1760 partes

44 1791 208 1841 elegiae.
266 1789 473 1840 Simplex,
515 1796 556 1826 at
591 1788 855 1839 perspicuum
892 1786 1126 1837 exemplum
1156 1784 1238 1823 iam
1270 1796 1397 1834 supra

42 1867 222 1908 indicare
253 1876 462 1919 poteram,
492 1863 562 1904 sed
591 1863 722 1904 sciens
752 1863 948 1916 praeterii
973 1863 1052 1902 alio
1076 1860 1247 1901 consilio
1275 1874 1397 1899 occu-

42 1952 175 1996 patus.
232 1943 406 1996 Loquor
436 1941 485 1981 de
517 1941 697 1981 carmine
728 1941 799 1989 IV,
822 1944 859 1979 6.
888 1940 958 1979 ubi
987 1938 1194 1979 invocatio
1224 1937 1397 1976 Iunonis

42 2020 219 2058 habetur
254 2032 330 2071 pro
364 2031 503 2058 amore
538 2016 743 2069 Sulpiciae
776 2024 815 2055 et
847 2015 1046 2055 Cerinthi.
1114 2015 1241 2068 Atqui
1278 2015 1398 2054 invo-

43 2103 159 2134 catur
186 2095 290 2134 Iuno
322 2095 367 2133 in
397 2091 591 2143 exordio,
623 2094 666 2131 in
696 2091 830 2131 medio
863 2091 1040 2130 carmine
1070 2098 1110 2130 et
1134 2090 1179 2128 in
1204 2088 1307 2138 fine,
1339 2098 1398 2129 est

42 2171 166 2223 igitur
194 2173 328 2211 forma
358 2168 499 2209 eadem
534 2179 596 2209 ter
624 2169 808 2222 repetita.
875 2167 958 2207 Sed
987 2167 1198 2207 videamus
1228 2167 1399 2205 maiora.

44 2250 144 2288 Tale
183 2249 364 2300 primum
403 2254 463 2286 est
500 2261 663 2286 carmen
698 2248 799 2295 1,9.
828 2245 944 2285 cuius
974 2257 1134 2285 summa
1165 2243 1400 2282 continetur

45 2323 326 2376 indignatione
357 2324 410 2362 ob
442 2323 670 2376 perfidiam.
727 2322 908 2363 Dederat
942 2321 1051 2360 enim
1082 2334 1124 2360 se
1156 2333 1259 2372 puer
1289 2333 1399 2359 ama-

45 2410 110 2441 tus
150 2401 238 2440 seni
279 2398 439 2439 cuidam
471 2399 718 2451 pecunioso,
766 2413 870 2450 quae
906 2396 1075 2449 perfidia
1113 2397 1167 2435 ita
1206 2394 1400 2434 excitavit

46 2477 271 2525 Tibullum,
303 2485 345 2515 ut
367 2476 650 2527 gravissimum
678 2490 841 2514 carmen
872 2475 1080 2513 scriberet.
1139 2474 1273 2512 Habet
1300 2486 1398 2512 vero

49 2561 331 2603 argumentum
362 2566 471 2591 nunc
498 2565 586 2590 eam
616 2553 808 2599 sormam,
843 2558 885 2588 ut
914 2550 1199 2600 obiurgatione
1232 2555 1269 2587 et
1301 2560 1398 2599 poc-

50 2641 124 2665 nae
151 2626 460 2666 denuntiatione
490 2634 645 2666 constet
671 2627 814 2678 hisque
842 2625 1000 2665 duabus
1029 2625 1152 2664 rebus
1180 2621 1398 2663 conflatum
