<?xml version="1.0" encoding="UTF-8"?>
<!DOCTYPE html PUBLIC "-//W3C//DTD XHTML 1.0 Transitional//EN"
    "http://www.w3.org/TR/xhtml1/DTD/xhtml1-transitional.dtd">
<html xmlns="http://www.w3.org/1999/xhtml" xml:lang="en" lang="en">
 <head>
  <title>
</title>
<meta http-equiv="Content-Type" content="text/html;charset=utf-8" />
  <meta name='ocr-system' content='tesseract 3.04.00' />
  <meta name='ocr-capabilities' content='ocr_page ocr_carea ocr_par ocr_line ocrx_word'/>
</head>
<body>
  <div class='ocr_page' id='page_1' title='image "./carminaexrecensi00tibuuoft_0160.png"; bbox 0 0 1721 2953; ppageno 0'>
   <div class='ocr_carea' id='block_1_1' title="bbox 242 158 1048 203">
    <p class='ocr_par' dir='ltr' id='par_1_1' title="bbox 242 158 1048 203">
     <span class='ocr_line' id='line_1_1' title="bbox 242 158 1048 203; baseline -0.004 0"><span class='ocrx_word' id='word_1_1' title='bbox 242 178 330 203; x_wconf 73' lang='lat' dir='ltr'>cmv</span> <span class='ocrx_word' id='word_1_2' title='bbox 784 159 859 199; x_wconf 83' lang='lat' dir='ltr'>DE</span> <span class='ocrx_word' id='word_1_3' title='bbox 891 158 1048 201; x_wconf 83' lang='lat' dir='ltr'>POESI</span> 
     </span>
    </p>
   </div>
   <div class='ocr_carea' id='block_1_2' title="bbox 240 270 1590 777">
    <p class='ocr_par' dir='ltr' id='par_1_2' title="bbox 240 270 1590 544">
     <span class='ocr_line' id='line_1_2' title="bbox 241 270 1589 329; baseline -0.004 -13"><span class='ocrx_word' id='word_1_4' title='bbox 241 277 363 316; x_wconf 88' lang='lat' dir='ltr'>nibus</span> <span class='ocrx_word' id='word_1_5' title='bbox 389 273 742 329; x_wconf 77' lang='lat' dir='ltr'><strong>frequentissime,</strong></span> <span class='ocrx_word' id='word_1_6' title='bbox 771 280 811 312; x_wconf 87' lang='lat' dir='ltr'>et</span> <span class='ocrx_word' id='word_1_7' title='bbox 839 271 953 314; x_wconf 80' lang='lat' dir='ltr'>vides</span> <span class='ocrx_word' id='word_1_8' title='bbox 985 286 1095 312; x_wconf 87' lang='lat' dir='ltr'>nunc</span> <span class='ocrx_word' id='word_1_9' title='bbox 1125 270 1318 323; x_wconf 82' lang='lat' dir='ltr'>disticha,</span> <span class='ocrx_word' id='word_1_10' title='bbox 1357 286 1467 311; x_wconf 87' lang='lat' dir='ltr'>nunc</span> <span class='ocrx_word' id='word_1_11' title='bbox 1498 286 1589 312; x_wconf 86' lang='lat' dir='ltr'>ver-</span> 
     </span>
     <span class='ocr_line' id='line_1_3' title="bbox 240 345 1590 400; baseline -0.007 -6"><span class='ocrx_word' id='word_1_12' title='bbox 240 367 308 395; x_wconf 83' lang='lat' dir='ltr'>sus</span> <span class='ocrx_word' id='word_1_13' title='bbox 339 352 628 400; x_wconf 77' lang='lat' dir='ltr'>distichorum,</span> <span class='ocrx_word' id='word_1_14' title='bbox 667 362 776 387; x_wconf 89' lang='lat' dir='ltr'>nunc</span> <span class='ocrx_word' id='word_1_15' title='bbox 814 349 998 388; x_wconf 89' lang='lat' dir='ltr'>membra</span> <span class='ocrx_word' id='word_1_16' title='bbox 1031 362 1227 388; x_wconf 88' lang='lat' dir='ltr'>versuum</span> <span class='ocrx_word' id='word_1_17' title='bbox 1256 348 1333 387; x_wconf 82' lang='lat' dir='ltr'>hac</span> <span class='ocrx_word' id='word_1_18' title='bbox 1367 347 1499 398; x_wconf 81' lang='lat' dir='ltr'>figura</span> <span class='ocrx_word' id='word_1_19' title='bbox 1529 345 1590 385; x_wconf 85' lang='lat' dir='ltr'>di-</span> 
     </span>
     <span class='ocr_line' id='line_1_4' title="bbox 240 422 1590 475; baseline -0.006 -7"><span class='ocrx_word' id='word_1_20' title='bbox 240 429 386 468; x_wconf 82' lang='lat' dir='ltr'>stincta</span> <span class='ocrx_word' id='word_1_21' title='bbox 418 437 616 474; x_wconf 83' lang='lat' dir='ltr'>nervose3</span> <span class='ocrx_word' id='word_1_22' title='bbox 660 423 751 462; x_wconf 87' lang='lat' dir='ltr'>talis</span> <span class='ocrx_word' id='word_1_23' title='bbox 781 424 901 463; x_wconf 87' lang='lat' dir='ltr'>etiam</span> <span class='ocrx_word' id='word_1_24' title='bbox 933 423 1093 475; x_wconf 83' lang='lat' dir='ltr'>elegans</span> <span class='ocrx_word' id='word_1_25' title='bbox 1131 422 1175 461; x_wconf 85' lang='lat' dir='ltr'>in</span> <span class='ocrx_word' id='word_1_26' title='bbox 1205 430 1462 475; x_wconf 74' lang='lat' dir='ltr'>pentametro</span> <span class='ocrx_word' id='word_1_27' title='bbox 1493 435 1590 461; x_wconf 84' lang='lat' dir='ltr'>usus</span> 
     </span>
     <span class='ocr_line' id='line_1_5' title="bbox 243 502 416 544; baseline -0.017 0"><span class='ocrx_word' id='word_1_28' title='bbox 243 512 302 544; x_wconf 85' lang='lat' dir='ltr'>est</span> <span class='ocrx_word' id='word_1_29' title='bbox 329 502 416 542; x_wconf 83' lang='lat' dir='ltr'>hie:</span> 
     </span>
    </p>

    <p class='ocr_par' dir='ltr' id='par_1_3' title="bbox 408 571 1342 627">
     <span class='ocr_line' id='line_1_6' title="bbox 408 571 1342 627; baseline -0.002 -14"><span class='ocrx_word' id='word_1_30' title='bbox 408 572 646 626; x_wconf 80' lang='lat' dir='ltr'>Despiciam</span> <span class='ocrx_word' id='word_1_31' title='bbox 675 571 799 624; x_wconf 88' lang='lat' dir='ltr'>dites,</span> <span class='ocrx_word' id='word_1_32' title='bbox 842 572 1148 627; x_wconf 81' lang='lat' dir='ltr'>despiciamque</span> <span class='ocrx_word' id='word_1_33' title='bbox 1176 573 1342 612; x_wconf 82' lang='lat' dir='ltr'>famem.</span> 
     </span>
    </p>

    <p class='ocr_par' dir='ltr' id='par_1_4' title="bbox 406 647 1220 702">
     <span class='ocr_line' id='line_1_7' title="bbox 406 647 1220 702; baseline -0.002 -12"><span class='ocrx_word' id='word_1_34' title='bbox 406 649 617 690; x_wconf 86' lang='lat' dir='ltr'>Deficiunt</span> <span class='ocrx_word' id='word_1_35' title='bbox 647 657 773 699; x_wconf 81' lang='lat' dir='ltr'>artes,</span> <span class='ocrx_word' id='word_1_36' title='bbox 815 647 1091 702; x_wconf 84' lang='lat' dir='ltr'>deficiuntque</span> <span class='ocrx_word' id='word_1_37' title='bbox 1122 647 1220 689; x_wconf 89' lang='lat' dir='ltr'>doli.</span> 
     </span>
    </p>

    <p class='ocr_par' dir='ltr' id='par_1_5' title="bbox 410 724 1365 777">
     <span class='ocr_line' id='line_1_8' title="bbox 410 724 1365 777; baseline -0.002 -13"><span class='ocrx_word' id='word_1_38' title='bbox 410 724 642 777; x_wconf 84' lang='lat' dir='ltr'>Cespitibus</span> <span class='ocrx_word' id='word_1_39' title='bbox 668 737 851 773; x_wconf 83' lang='lat' dir='ltr'>mensas,</span> <span class='ocrx_word' id='word_1_40' title='bbox 879 724 1184 776; x_wconf 80' lang='lat' dir='ltr'>cespitibusque</span> <span class='ocrx_word' id='word_1_41' title='bbox 1213 732 1365 762; x_wconf 77' lang='lat' dir='ltr'>torum.</span> 
     </span>
    </p>
   </div>
   <div class='ocr_carea' id='block_1_3' title="bbox 239 807 1594 1389">
    <p class='ocr_par' dir='ltr' id='par_1_6' title="bbox 239 807 1594 1089">
     <span class='ocr_line' id='line_1_9' title="bbox 241 807 1592 860; baseline -0.001 -12"><span class='ocrx_word' id='word_1_42' title='bbox 241 808 322 848; x_wconf 85' lang='lat' dir='ltr'>Sed</span> <span class='ocrx_word' id='word_1_43' title='bbox 352 808 604 850; x_wconf 81' lang='lat' dir='ltr'>veniendum</span> <span class='ocrx_word' id='word_1_44' title='bbox 634 807 685 848; x_wconf 89' lang='lat' dir='ltr'>ad</span> <span class='ocrx_word' id='word_1_45' title='bbox 726 810 804 848; x_wconf 85' lang='lat' dir='ltr'>alia</span> <span class='ocrx_word' id='word_1_46' title='bbox 833 817 905 848; x_wconf 82' lang='lat' dir='ltr'>est.</span> <span class='ocrx_word' id='word_1_47' title='bbox 976 807 1167 848; x_wconf 84' lang='lat' dir='ltr'>Vidimus</span> <span class='ocrx_word' id='word_1_48' title='bbox 1208 822 1327 847; x_wconf 88' lang='lat' dir='ltr'>usum</span> <span class='ocrx_word' id='word_1_49' title='bbox 1358 808 1592 860; x_wconf 69' lang='lat' dir='ltr'>anaphoras·</span> 
     </span>
     <span class='ocr_line' id='line_1_10' title="bbox 240 883 1594 937; baseline -0.001 -13"><span class='ocrx_word' id='word_1_50' title='bbox 240 886 284 924; x_wconf 86' lang='lat' dir='ltr'>in</span> <span class='ocrx_word' id='word_1_51' title='bbox 316 884 607 936; x_wconf 85' lang='lat' dir='ltr'>divisionibus,</span> <span class='ocrx_word' id='word_1_52' title='bbox 633 893 768 937; x_wconf 82' lang='lat' dir='ltr'>potest</span> <span class='ocrx_word' id='word_1_53' title='bbox 792 898 892 925; x_wconf 81' lang='lat' dir='ltr'>vero</span> <span class='ocrx_word' id='word_1_54' title='bbox 922 898 968 923; x_wconf 84' lang='lat' dir='ltr'>ea</span> <span class='ocrx_word' id='word_1_55' title='bbox 999 884 1119 923; x_wconf 88' lang='lat' dir='ltr'>etiam</span> <span class='ocrx_word' id='word_1_56' title='bbox 1150 888 1186 922; x_wconf 85' lang='lat' dir='ltr'>in</span> <span class='ocrx_word' id='word_1_57' title='bbox 1217 883 1502 937; x_wconf 73' lang='lat' dir='ltr'>amphficatz&#39;mze</span> <span class='ocrx_word' id='word_1_58' title='bbox 1527 899 1594 936; x_wconf 78' lang='lat' dir='ltr'>per</span> 
     </span>
     <span class='ocr_line' id='line_1_11' title="bbox 239 958 1593 1013; baseline -0.001 -13"><span class='ocrx_word' id='word_1_59' title='bbox 239 963 372 1000; x_wconf 80' lang='lat' dir='ltr'>similia</span> <span class='ocrx_word' id='word_1_60' title='bbox 398 962 536 1000; x_wconf 89' lang='lat' dir='ltr'>locum</span> <span class='ocrx_word' id='word_1_61' title='bbox 564 961 733 1010; x_wconf 80' lang='lat' dir='ltr'>habere,</span> <span class='ocrx_word' id='word_1_62' title='bbox 764 974 888 1013; x_wconf 79' lang='lat' dir='ltr'>quani</span> <span class='ocrx_word' id='word_1_63' title='bbox 917 959 1014 1010; x_wconf 82' lang='lat' dir='ltr'>dixi,</span> <span class='ocrx_word' id='word_1_64' title='bbox 1046 960 1121 999; x_wconf 87' lang='lat' dir='ltr'>ubi</span> <span class='ocrx_word' id='word_1_65' title='bbox 1152 958 1316 999; x_wconf 82' lang='lat' dir='ltr'>additur</span> <span class='ocrx_word' id='word_1_66' title='bbox 1341 960 1593 1000; x_wconf 77' lang='lat' dir='ltr'>antecedenti</span> 
     </span>
     <span class='ocr_line' id='line_1_12' title="bbox 242 1034 1248 1089; baseline -0.001 -14"><span class='ocrx_word' id='word_1_67' title='bbox 242 1035 427 1076; x_wconf 88' lang='lat' dir='ltr'>eiusdem</span> <span class='ocrx_word' id='word_1_68' title='bbox 458 1034 571 1089; x_wconf 89' lang='lat' dir='ltr'>quod</span> <span class='ocrx_word' id='word_1_69' title='bbox 601 1037 652 1075; x_wconf 87' lang='lat' dir='ltr'>sit</span> <span class='ocrx_word' id='word_1_70' title='bbox 681 1036 920 1075; x_wconf 83' lang='lat' dir='ltr'>sententiae.</span> <span class='ocrx_word' id='word_1_71' title='bbox 978 1035 1044 1074; x_wconf 87' lang='lat' dir='ltr'>Sic</span> <span class='ocrx_word' id='word_1_72' title='bbox 1073 1036 1115 1074; x_wconf 89' lang='lat' dir='ltr'>in</span> <span class='ocrx_word' id='word_1_73' title='bbox 1145 1035 1248 1074; x_wconf 89' lang='lat' dir='ltr'>hoc:</span> 
     </span>
    </p>

    <p class='ocr_par' dir='ltr' id='par_1_7' title="bbox 354 1109 1594 1162">
     <span class='ocr_line' id='line_1_13' title="bbox 354 1109 1594 1162; baseline -0.002 -11"><span class='ocrx_word' id='word_1_74' title='bbox 354 1111 453 1152; x_wconf 91' lang='lat' dir='ltr'>Non</span> <span class='ocrx_word' id='word_1_75' title='bbox 488 1125 561 1162; x_wconf 85' lang='lat' dir='ltr'>ego</span> <span class='ocrx_word' id='word_1_76' title='bbox 591 1111 732 1151; x_wconf 88' lang='lat' dir='ltr'>firmus</span> <span class='ocrx_word' id='word_1_77' title='bbox 764 1112 808 1150; x_wconf 86' lang='lat' dir='ltr'>in</span> <span class='ocrx_word' id='word_1_78' title='bbox 841 1111 942 1160; x_wconf 81' lang='lat' dir='ltr'>hoc,</span> <span class='ocrx_word' id='word_1_79' title='bbox 982 1124 1067 1150; x_wconf 87' lang='lat' dir='ltr'>non</span> <span class='ocrx_word' id='word_1_80' title='bbox 1095 1111 1196 1150; x_wconf 88' lang='lat' dir='ltr'>haec</span> <span class='ocrx_word' id='word_1_81' title='bbox 1228 1109 1425 1162; x_wconf 84' lang='lat' dir='ltr'>patientia</span> <span class='ocrx_word' id='word_1_82' title='bbox 1452 1116 1594 1148; x_wconf 82' lang='lat' dir='ltr'>nostro</span> 
     </span>
    </p>

    <p class='ocr_par' dir='ltr' id='par_1_8' title="bbox 413 1186 600 1238">
     <span class='ocr_line' id='line_1_14' title="bbox 413 1186 600 1238; baseline -0.005 -12"><span class='ocrx_word' id='word_1_83' title='bbox 413 1186 600 1238; x_wconf 85' lang='lat' dir='ltr'>Ingenio.</span> 
     </span>
    </p>

    <p class='ocr_par' dir='ltr' id='par_1_9' title="bbox 246 1260 1143 1315">
     <span class='ocr_line' id='line_1_15' title="bbox 246 1260 1143 1315; baseline -0.001 -12"><span class='ocrx_word' id='word_1_84' title='bbox 246 1262 369 1313; x_wconf 89' lang='lat' dir='ltr'>Quod</span> <span class='ocrx_word' id='word_1_85' title='bbox 399 1277 474 1315; x_wconf 75' lang='lat' dir='ltr'>per</span> <span class='ocrx_word' id='word_1_86' title='bbox 496 1276 538 1301; x_wconf 83' lang='lat' dir='ltr'>se</span> <span class='ocrx_word' id='word_1_87' title='bbox 569 1263 737 1301; x_wconf 84' lang='lat' dir='ltr'>clarum.</span> <span class='ocrx_word' id='word_1_88' title='bbox 793 1260 919 1301; x_wconf 86' lang='lat' dir='ltr'>Aliud</span> <span class='ocrx_word' id='word_1_89' title='bbox 951 1262 1029 1301; x_wconf 86' lang='lat' dir='ltr'>hoc</span> <span class='ocrx_word' id='word_1_90' title='bbox 1061 1269 1143 1302; x_wconf 88' lang='lat' dir='ltr'>est:</span> 
     </span>
    </p>

    <p class='ocr_par' dir='ltr' id='par_1_10' title="bbox 359 1335 1538 1389">
     <span class='ocr_line' id='line_1_16' title="bbox 359 1335 1538 1389; baseline -0.004 -11"><span class='ocrx_word' id='word_1_91' title='bbox 359 1340 468 1378; x_wconf 88' lang='lat' dir='ltr'>Tum</span> <span class='ocrx_word' id='word_1_92' title='bbox 498 1337 641 1377; x_wconf 84' lang='lat' dir='ltr'>caedes</span> <span class='ocrx_word' id='word_1_93' title='bbox 669 1338 883 1377; x_wconf 86' lang='lat' dir='ltr'>hominum</span> <span class='ocrx_word' id='word_1_94' title='bbox 915 1337 1075 1388; x_wconf 77' lang='lat' dir='ltr'>generi,</span> <span class='ocrx_word' id='word_1_95' title='bbox 1113 1345 1202 1376; x_wconf 75' lang='lat' dir='ltr'>tum</span> <span class='ocrx_word' id='word_1_96' title='bbox 1233 1335 1392 1389; x_wconf 85' lang='lat' dir='ltr'>proelia</span> <span class='ocrx_word' id='word_1_97' title='bbox 1424 1344 1538 1384; x_wconf 84' lang='lat' dir='ltr'>nata,</span> 
     </span>
    </p>
   </div>
   <div class='ocr_carea' id='block_1_4' title="bbox 413 1410 1410 1463">
    <p class='ocr_par' dir='ltr' id='par_1_11' title="bbox 413 1410 1410 1463">
     <span class='ocr_line' id='line_1_17' title="bbox 413 1410 1410 1463; baseline -0.005 -9"><span class='ocrx_word' id='word_1_98' title='bbox 413 1414 521 1454; x_wconf 87' lang='lat' dir='ltr'>Tum</span> <span class='ocrx_word' id='word_1_99' title='bbox 552 1412 721 1454; x_wconf 85' lang='lat' dir='ltr'>brevior</span> <span class='ocrx_word' id='word_1_100' title='bbox 752 1411 863 1451; x_wconf 88' lang='lat' dir='ltr'>dirae</span> <span class='ocrx_word' id='word_1_101' title='bbox 894 1411 1038 1451; x_wconf 73' lang='lat' dir='ltr'>morfis</span> <span class='ocrx_word' id='word_1_102' title='bbox 1069 1420 1211 1463; x_wconf 84' lang='lat' dir='ltr'>aperta</span> <span class='ocrx_word' id='word_1_103' title='bbox 1239 1410 1306 1451; x_wconf 83' lang='lat' dir='ltr'>via</span> <span class='ocrx_word' id='word_1_104' title='bbox 1337 1418 1410 1449; x_wconf 84' lang='lat' dir='ltr'>est.</span> 
     </span>
    </p>
   </div>
   <div class='ocr_carea' id='block_1_5' title="bbox 247 1495 1601 2227">
    <p class='ocr_par' dir='ltr' id='par_1_12' title="bbox 247 1495 1601 2227">
     <span class='ocr_line' id='line_1_18' title="bbox 247 1495 1598 1552; baseline -0.005 -12"><span class='ocrx_word' id='word_1_105' title='bbox 247 1500 518 1552; x_wconf 84' lang='lat' dir='ltr'>Perspicuum</span> <span class='ocrx_word' id='word_1_106' title='bbox 551 1508 611 1539; x_wconf 87' lang='lat' dir='ltr'>est</span> <span class='ocrx_word' id='word_1_107' title='bbox 640 1514 724 1540; x_wconf 86' lang='lat' dir='ltr'>non</span> <span class='ocrx_word' id='word_1_108' title='bbox 751 1498 877 1538; x_wconf 68' lang='lat' dir='ltr'>dividi</span> <span class='ocrx_word' id='word_1_109' title='bbox 907 1499 972 1537; x_wconf 86' lang='lat' dir='ltr'>hic</span> <span class='ocrx_word' id='word_1_110' title='bbox 998 1507 1128 1538; x_wconf 76' lang='lat' dir='ltr'>totum</span> <span class='ocrx_word' id='word_1_111' title='bbox 1158 1499 1202 1536; x_wconf 85' lang='lat' dir='ltr'>in</span> <span class='ocrx_word' id='word_1_112' title='bbox 1231 1506 1382 1548; x_wconf 84' lang='lat' dir='ltr'>partes,</span> <span class='ocrx_word' id='word_1_113' title='bbox 1411 1495 1481 1534; x_wconf 88' lang='lat' dir='ltr'>sed</span> <span class='ocrx_word' id='word_1_114' title='bbox 1505 1510 1598 1534; x_wconf 87' lang='lat' dir='ltr'>cum</span> 
     </span>
     <span class='ocr_line' id='line_1_19' title="bbox 249 1572 1597 1626; baseline -0.004 -11"><span class='ocrx_word' id='word_1_115' title='bbox 249 1574 391 1615; x_wconf 87' lang='lat' dir='ltr'>caedes</span> <span class='ocrx_word' id='word_1_116' title='bbox 431 1574 543 1614; x_wconf 90' lang='lat' dir='ltr'>domi</span> <span class='ocrx_word' id='word_1_117' title='bbox 580 1575 830 1626; x_wconf 84' lang='lat' dir='ltr'>militiaeque</span> <span class='ocrx_word' id='word_1_118' title='bbox 859 1573 981 1622; x_wconf 83' lang='lat' dir='ltr'>fiant,</span> <span class='ocrx_word' id='word_1_119' title='bbox 1025 1581 1120 1625; x_wconf 87' lang='lat' dir='ltr'>post</span> <span class='ocrx_word' id='word_1_120' title='bbox 1158 1572 1389 1624; x_wconf 85' lang='lat' dir='ltr'>generalius</span> <span class='ocrx_word' id='word_1_121' title='bbox 1424 1572 1597 1611; x_wconf 86' lang='lat' dir='ltr'>verbum</span> 
     </span>
     <span class='ocr_line' id='line_1_20' title="bbox 250 1646 1597 1701; baseline -0.005 -10"><span class='ocrx_word' id='word_1_122' title='bbox 250 1660 453 1691; x_wconf 83' lang='lat' dir='ltr'>crescente</span> <span class='ocrx_word' id='word_1_123' title='bbox 486 1650 635 1688; x_wconf 81' lang='lat' dir='ltr'>affectu</span> <span class='ocrx_word' id='word_1_124' title='bbox 665 1649 880 1701; x_wconf 75' lang='lat' dir='ltr'>specialitls</span> <span class='ocrx_word' id='word_1_125' title='bbox 910 1649 1040 1700; x_wconf 84' lang='lat' dir='ltr'>ponit,</span> <span class='ocrx_word' id='word_1_126' title='bbox 1072 1646 1184 1701; x_wconf 90' lang='lat' dir='ltr'>quod</span> <span class='ocrx_word' id='word_1_127' title='bbox 1213 1648 1440 1687; x_wconf 87' lang='lat' dir='ltr'>maximum</span> <span class='ocrx_word' id='word_1_128' title='bbox 1470 1660 1597 1697; x_wconf 80' lang='lat' dir='ltr'>genus</span> 
     </span>
     <span class='ocr_line' id='line_1_21' title="bbox 249 1721 1599 1775; baseline -0.005 -10"><span class='ocrx_word' id='word_1_129' title='bbox 249 1725 382 1766; x_wconf 78' lang='lat' dir='ltr'>caedis</span> <span class='ocrx_word' id='word_1_130' title='bbox 413 1724 608 1775; x_wconf 78' lang='lat' dir='ltr'>designet.</span> <span class='ocrx_word' id='word_1_131' title='bbox 674 1724 889 1763; x_wconf 82' lang='lat' dir='ltr'>Postremo</span> <span class='ocrx_word' id='word_1_132' title='bbox 921 1724 1001 1762; x_wconf 85' lang='lat' dir='ltr'>alio</span> <span class='ocrx_word' id='word_1_133' title='bbox 1042 1721 1167 1762; x_wconf 89' lang='lat' dir='ltr'>modo</span> <span class='ocrx_word' id='word_1_134' title='bbox 1197 1730 1326 1761; x_wconf 83' lang='lat' dir='ltr'>totam</span> <span class='ocrx_word' id='word_1_135' title='bbox 1357 1721 1599 1760; x_wconf 76' lang='lat' dir='ltr'>sententiam</span> 
     </span>
     <span class='ocr_line' id='line_1_22' title="bbox 250 1795 1599 1851; baseline -0.004 -12"><span class='ocrx_word' id='word_1_136' title='bbox 250 1800 387 1839; x_wconf 87' lang='lat' dir='ltr'>denuo</span> <span class='ocrx_word' id='word_1_137' title='bbox 426 1798 561 1839; x_wconf 82' lang='lat' dir='ltr'>reddit</span> <span class='ocrx_word' id='word_1_138' title='bbox 601 1807 857 1851; x_wconf 80' lang='lat' dir='ltr'>pentameter</span> <span class='ocrx_word' id='word_1_139' title='bbox 894 1799 1140 1850; x_wconf 83' lang='lat' dir='ltr'>generalius.</span> <span class='ocrx_word' id='word_1_140' title='bbox 1218 1795 1300 1836; x_wconf 83' lang='lat' dir='ltr'>Sed</span> <span class='ocrx_word' id='word_1_141' title='bbox 1338 1797 1451 1836; x_wconf 84' lang='lat' dir='ltr'>iuvat</span> <span class='ocrx_word' id='word_1_142' title='bbox 1489 1796 1599 1834; x_wconf 86' lang='lat' dir='ltr'>hunc</span> 
     </span>
     <span class='ocr_line' id='line_1_23' title="bbox 247 1870 1600 1929; baseline -0.005 -13"><span class='ocrx_word' id='word_1_143' title='bbox 247 1888 511 1929; x_wconf 84' lang='lat' dir='ltr'>progressum</span> <span class='ocrx_word' id='word_1_144' title='bbox 555 1875 790 1925; x_wconf 83' lang='lat' dir='ltr'>anaphorae</span> <span class='ocrx_word' id='word_1_145' title='bbox 820 1887 929 1912; x_wconf 86' lang='lat' dir='ltr'>nnuc</span> <span class='ocrx_word' id='word_1_146' title='bbox 961 1888 983 1911; x_wconf 93' lang='lat' dir='ltr'>a</span> <span class='ocrx_word' id='word_1_147' title='bbox 1014 1871 1262 1923; x_wconf 81' lang='lat' dir='ltr'>generaliori</span> <span class='ocrx_word' id='word_1_148' title='bbox 1291 1870 1343 1910; x_wconf 89' lang='lat' dir='ltr'>ad</span> <span class='ocrx_word' id='word_1_149' title='bbox 1373 1872 1600 1923; x_wconf 82' lang='lat' dir='ltr'>specialius,</span> 
     </span>
     <span class='ocr_line' id='line_1_24' title="bbox 249 1945 1601 2000; baseline -0.004 -10"><span class='ocrx_word' id='word_1_150' title='bbox 249 1965 360 1991; x_wconf 84' lang='lat' dir='ltr'>nunc</span> <span class='ocrx_word' id='word_1_151' title='bbox 391 1965 414 1988; x_wconf 90' lang='lat' dir='ltr'>a</span> <span class='ocrx_word' id='word_1_152' title='bbox 443 1948 609 2000; x_wconf 86' lang='lat' dir='ltr'>speciali</span> <span class='ocrx_word' id='word_1_153' title='bbox 640 1946 690 1986; x_wconf 91' lang='lat' dir='ltr'>ad</span> <span class='ocrx_word' id='word_1_154' title='bbox 709 1948 938 1998; x_wconf 84' lang='lat' dir='ltr'>generalius</span> <span class='ocrx_word' id='word_1_155' title='bbox 964 1947 1186 1985; x_wconf 84' lang='lat' dir='ltr'>notabilem</span> <span class='ocrx_word' id='word_1_156' title='bbox 1210 1945 1406 1998; x_wconf 84' lang='lat' dir='ltr'>persequi</span> <span class='ocrx_word' id='word_1_157' title='bbox 1432 1945 1601 1984; x_wconf 82' lang='lat' dir='ltr'>uberius</span> 
     </span>
     <span class='ocr_line' id='line_1_25' title="bbox 252 2019 1601 2078; baseline -0.006 -11"><span class='ocrx_word' id='word_1_158' title='bbox 252 2025 466 2078; x_wconf 81' lang='lat' dir='ltr'>exemplis.</span> <span class='ocrx_word' id='word_1_159' title='bbox 522 2023 648 2074; x_wconf 79' lang='lat' dir='ltr'>Igitur</span> <span class='ocrx_word' id='word_1_160' title='bbox 672 2021 871 2061; x_wconf 87' lang='lat' dir='ltr'>sententia</span> <span class='ocrx_word' id='word_1_161' title='bbox 893 2021 1124 2072; x_wconf 76' lang='lat' dir='ltr'>generalior</span> <span class='ocrx_word' id='word_1_162' title='bbox 1151 2034 1227 2072; x_wconf 86' lang='lat' dir='ltr'>per</span> <span class='ocrx_word' id='word_1_163' title='bbox 1246 2019 1601 2073; x_wconf 82' lang='lat' dir='ltr'>amplificationem</span> 
     </span>
     <span class='ocr_line' id='line_1_26' title="bbox 253 2095 1204 2155; baseline -0.008 -13"><span class='ocrx_word' id='word_1_164' title='bbox 253 2103 482 2155; x_wconf 84' lang='lat' dir='ltr'>explicatur</span> <span class='ocrx_word' id='word_1_165' title='bbox 512 2097 726 2150; x_wconf 83' lang='lat' dir='ltr'>specialius</span> <span class='ocrx_word' id='word_1_166' title='bbox 756 2110 847 2135; x_wconf 90' lang='lat' dir='ltr'>cum</span> <span class='ocrx_word' id='word_1_167' title='bbox 882 2097 1095 2148; x_wconf 84' lang='lat' dir='ltr'>anaphora</span> <span class='ocrx_word' id='word_1_168' title='bbox 1124 2095 1204 2134; x_wconf 84' lang='lat' dir='ltr'>sic:</span> 
     </span>
     <span class='ocr_line' id='line_1_27' title="bbox 364 2161 1392 2227; baseline -0.005 -15"><span class='ocrx_word' id='word_1_169' title='bbox 364 2176 456 2227; x_wconf 82' lang='lat' dir='ltr'>Spes</span> <span class='ocrx_word' id='word_1_170' title='bbox 487 2173 558 2211; x_wconf 85' lang='lat' dir='ltr'>alit</span> <span class='ocrx_word' id='word_1_171' title='bbox 587 2161 802 2223; x_wconf 53' lang='lat' dir='ltr'>agricolas,</span> <span class='ocrx_word' id='word_1_172' title='bbox 841 2173 932 2224; x_wconf 76' lang='lat' dir='ltr'>Spes</span> <span class='ocrx_word' id='word_1_173' title='bbox 961 2170 1082 2209; x_wconf 83' lang='lat' dir='ltr'>sulcis</span> <span class='ocrx_word' id='word_1_174' title='bbox 1114 2169 1240 2209; x_wconf 86' lang='lat' dir='ltr'>credit</span> <span class='ocrx_word' id='word_1_175' title='bbox 1270 2168 1392 2208; x_wconf 83' lang='lat' dir='ltr'>aratis</span> 
     </span>
    </p>
   </div>
   <div class='ocr_carea' id='block_1_6' title="bbox 425 2242 1441 2300">
    <p class='ocr_par' dir='ltr' id='par_1_13' title="bbox 425 2242 1441 2300">
     <span class='ocr_line' id='line_1_28' title="bbox 425 2242 1441 2300; baseline -0.006 -13"><span class='ocrx_word' id='word_1_176' title='bbox 425 2247 610 2297; x_wconf 81' lang='lat' dir='ltr'>Semina,</span> <span class='ocrx_word' id='word_1_177' title='bbox 648 2260 753 2300; x_wconf 86' lang='lat' dir='ltr'>quae</span> <span class='ocrx_word' id='word_1_178' title='bbox 779 2259 927 2297; x_wconf 82' lang='lat' dir='ltr'>magno</span> <span class='ocrx_word' id='word_1_179' title='bbox 959 2245 1130 2285; x_wconf 78' lang='lat' dir='ltr'>foenore</span> <span class='ocrx_word' id='word_1_180' title='bbox 1159 2242 1302 2283; x_wconf 86' lang='lat' dir='ltr'>reddat</span> <span class='ocrx_word' id='word_1_181' title='bbox 1333 2257 1441 2294; x_wconf 81' lang='lat' dir='ltr'>ager.</span> 
     </span>
    </p>
   </div>
   <div class='ocr_carea' id='block_1_7' title="bbox 260 2355 1606 2567">
    <p class='ocr_par' dir='ltr' id='par_1_14' title="bbox 260 2355 1606 2567">
     <span class='ocr_line' id='line_1_29' title="bbox 373 2355 1527 2408; baseline -0.009 -8"><span class='ocrx_word' id='word_1_182' title='bbox 373 2363 468 2400; x_wconf 74' lang='grc' dir='ltr'><em>Ηιίισ</em></span> <span class='ocrx_word' id='word_1_183' title='bbox 494 2368 534 2398; x_wconf 83' lang='lat' dir='ltr'>et</span> <span class='ocrx_word' id='word_1_184' title='bbox 563 2359 763 2398; x_wconf 85' lang='lat' dir='ltr'>femineus</span> <span class='ocrx_word' id='word_1_185' title='bbox 796 2358 915 2397; x_wconf 85' lang='lat' dir='ltr'>labor</span> <span class='ocrx_word' id='word_1_186' title='bbox 948 2365 1023 2405; x_wconf 87' lang='lat' dir='ltr'>est,</span> <span class='ocrx_word' id='word_1_187' title='bbox 1061 2358 1144 2395; x_wconf 79' lang='grc' dir='ltr'><em>Ιιιήσ</em></span> <span class='ocrx_word' id='word_1_188' title='bbox 1174 2369 1300 2408; x_wconf 86' lang='lat' dir='ltr'>pensa</span> <span class='ocrx_word' id='word_1_189' title='bbox 1331 2355 1527 2406; x_wconf 83' lang='lat' dir='ltr'>colusque</span> 
     </span>
     <span class='ocr_line' id='line_1_30' title="bbox 427 2433 1341 2485; baseline -0.005 -12"><span class='ocrx_word' id='word_1_190' title='bbox 427 2434 560 2473; x_wconf 83' lang='lat' dir='ltr'>Fusus</span> <span class='ocrx_word' id='word_1_191' title='bbox 593 2442 632 2472; x_wconf 83' lang='lat' dir='ltr'>et</span> <span class='ocrx_word' id='word_1_192' title='bbox 661 2433 849 2485; x_wconf 85' lang='lat' dir='ltr'>apposito</span> <span class='ocrx_word' id='word_1_193' title='bbox 881 2433 1028 2485; x_wconf 86' lang='lat' dir='ltr'>pollice</span> <span class='ocrx_word' id='word_1_194' title='bbox 1059 2439 1193 2472; x_wconf 81' lang='lat' dir='ltr'>versat</span> <span class='ocrx_word' id='word_1_195' title='bbox 1225 2444 1341 2482; x_wconf 86' lang='lat' dir='ltr'>opus.</span> 
     </span>
     <span class='ocr_line' id='line_1_31' title="bbox 260 2508 1606 2567; baseline -0.005 -12"><span class='ocrx_word' id='word_1_196' title='bbox 260 2518 316 2555; x_wconf 81' lang='lat' dir='ltr'>Ac</span> <span class='ocrx_word' id='word_1_197' title='bbox 348 2516 519 2553; x_wconf 69' lang='lat' dir='ltr'>dividitur</span> <span class='ocrx_word' id='word_1_198' title='bbox 560 2514 678 2553; x_wconf 82' lang='lat' dir='ltr'>etiam</span> <span class='ocrx_word' id='word_1_199' title='bbox 719 2515 903 2567; x_wconf 87' lang='lat' dir='ltr'>specialis</span> <span class='ocrx_word' id='word_1_200' title='bbox 943 2513 1144 2554; x_wconf 82' lang='lat' dir='ltr'>sententia</span> <span class='ocrx_word' id='word_1_201' title='bbox 1182 2512 1371 2564; x_wconf 84' lang='lat' dir='ltr'>pluribus</span> <span class='ocrx_word' id='word_1_202' title='bbox 1403 2508 1606 2548; x_wconf 81' lang='lat' dir='ltr'>membris.</span> 
     </span>
    </p>
   </div>
   <div class='ocr_carea' id='block_1_8' title="bbox 261 2597 525 2643">
    <p class='ocr_par' dir='ltr' id='par_1_15' title="bbox 261 2597 525 2643">
     <span class='ocr_line' id='line_1_32' title="bbox 261 2597 525 2643; baseline -0.015 -12"><span class='ocrx_word' id='word_1_203' title='bbox 261 2600 302 2631; x_wconf 82' lang='lat' dir='ltr'>ut</span> <span class='ocrx_word' id='word_1_204' title='bbox 339 2605 412 2643; x_wconf 81' lang='lat' dir='ltr'>par</span> <span class='ocrx_word' id='word_1_205' title='bbox 444 2597 525 2628; x_wconf 80' lang='lat' dir='ltr'>est:</span> 
     </span>
    </p>
   </div>
  </div>
 </body>
</html>
