1721 2953
504 136 646 176 LIBR.
677 137 707 176 1.
769 134 927 176 ELEG.
957 136 1048 177 Vll.
1376 140 1450 177 155

116 250 280 292 Vossius,
309 251 490 292 Baculus,
517 252 755 284 Gonnumus.
808 248 875 281 Alit
902 250 989 282 enim
1016 249 1141 283 Cilicas
1167 248 1301 283 Taurus
1329 257 1454 292 pascua

114 316 238 351 habens
264 323 298 351 et
331 316 497 351 messibus
524 316 686 350 faciendis
720 315 861 350 idoneas
894 318 1089 359 convalles,
1127 318 1160 351 in
1184 317 1323 351 summis
1348 319 1451 360 parti-

113 385 174 417 bus
198 385 284 418 adeo
310 384 425 425 ferax3
453 383 539 425 vide,
566 393 666 427 quem
690 383 877 425 conferunt,
903 384 1092 418 STRABoN.
1115 384 1194 426 XII,
1219 396 1254 428 p.
1273 386 1354 418 546.
1405 386 1451 417 Ac

112 451 268 485 similiter
292 451 463 484 LucANus
491 451 537 493 ll,
562 453 643 484 430.
670 450 714 484 de
738 451 935 494 Apennino:
972 457 1058 484 tunc
1088 450 1226 484 Umbris
1250 449 1454 496 Marsisque

105 516 229 561 ferax.
244 534 292 540 —
317 516 504 560 Epitheton
530 518 741 550 intonsos
763 517 1004 549 GonRuszs
1031 517 1118 550 bene
1142 516 1271 549 notavit
1295 515 1338 549 ad
1363 516 1454 559 ipsos

110 582 234 615 montis
260 581 388 615 incolas
414 583 584 625 pertinere
617 586 652 615 et
677 581 815 616 omnino
840 581 883 614 ad
910 592 985 615 eam
1013 587 1144 626 partem
1170 582 1330 623 Ciliciae,
1368 591 1454 623 quae

114 653 253 690 τραχεῖα
283 648 476 691 appellata3
512 648 713 681 maritimam
747 651 880 691 partem
913 649 1093 681 cultiorem
1120 649 1236 683 fuisse.
1285 648 1455 682 Messalae

110 724 191 748 vero
216 724 283 747 nou
307 724 412 758 parva
437 715 510 747 laus
534 717 606 756 est,
645 713 736 756 quod
771 713 874 746 etiam
900 711 960 746 has
986 715 1144 756 regiones
1175 713 1288 756 attigit
1313 717 1348 747 et
1373 712 1457 746 sub·

112 779 194 822 egit.
219 797 266 804 -
303 780 347 813 V.
376 782 431 813 17,
457 782 512 812 18.
563 778 671 823 Syria
706 780 819 813 latiori
848 789 951 813 sensu
982 779 1084 813 etiam
1108 780 1337 813 Palaestinam
1362 789 1456 813 com-

113 844 346 888 plectebatur,
383 848 422 877 ut
455 848 609 886 constat,
645 845 687 878 cf.
715 845 825 878 Mum
852 845 878 887 Ι,
906 847 961 878 11.
1003 846 1111 879 ΡωΝ.
1146 846 1187 888 V,
1224 849 1278 879 12.
1319 847 1456 879 STRAu.

113 911 205 953 XVI,
232 913 337 944 1090.
370 915 406 945 et
435 911 753 946 Palaestinum
787 913 946 955 Syrum
980 911 1084 946 habes
1120 913 1221 947 etiam
1248 914 1358 948 Ovm.
1385 913 1459 946 Art.

113 980 188 1012 Am.
222 977 249 1019 I,
283 979 363 1011 416.
414 978 488 1012 Nec
523 979 632 1012 minus
666 985 784 1014 notum
817 990 836 1014 e
872 980 1093 1023 Geographia
1135 989 1295 1023 magnum
1341 989 1458 1013 nume-

113 1054 185 1077 rum
211 1044 343 1078 urbium
371 1045 404 1077 in
430 1045 625 1078 Palaestina
651 1045 769 1078 fuisse.
827 1046 1056 1080 Abstinebant
1082 1050 1196 1079 autem
1220 1045 1299 1087 Syri
1327 1045 1457 1078 colum-

113 1111 183 1152 bis,
220 1121 308 1153 quae
342 1111 433 1154 apud
466 1122 528 1145 eos
552 1116 692 1146 sanctae
719 1117 816 1146 erant
849 1117 990 1157 propter
1015 1113 1142 1146 cultum
1168 1111 1252 1145 deae
1282 1109 1405 1152 Syriae
1429 1120 1459 1143 s·

116 1178 290 1218 Astartes,
329 1176 372 1210 cf.
409 1177 565 1212 Lucrm.
601 1178 644 1211 de
681 1177 745 1211 dea
781 1178 883 1220 Syria
916 1189 945 1211 c.
974 1180 1029 1212 14.
1065 1181 1099 1210 et
1132 1178 1189 1211 54.
1228 1175 1378 1209 Much.
1412 1174 1454 1207 ad

116 1241 246 1284 Hygia.
280 1241 349 1277 sab.
377 1245 455 1276 197.
496 1243 594 1277 Voss.
621 1243 734 1287 Epist.
758 1243 905 1286 Mythol.
929 1243 974 1285 II,
1002 1246 1055 1276 10.
1092 1243 1280 1275 Cauuznn.
1305 1241 1460 1284 Symbol.

115 1305 214 1339 Tom.
240 1306 285 1348 11,
312 1318 345 1350 p.
373 1310 421 1339 70
445 1318 519 1350 sqq.
547 1315 652 1350 atque
689 1319 732 1341 ex
763 1307 827 1341 hoc
853 1309 931 1342 loco
966 1307 1121 1341 videmus
1156 1308 1370 1341 sanctitatem
1403 1318 1460 1341 ea-

112 1382 187 1406 rum
213 1373 316 1406 etiam
342 1383 404 1416 per
427 1373 657 1407 Palaestinam
686 1373 898 1414 obtinuisse,
930 1373 987 1406 ubi
1014 1377 1155 1416 praeter
1180 1373 1325 1406 Iudaeos
1350 1372 1463 1406 ethni-

114 1448 175 1472 cae
199 1442 320 1482 gentes
344 1438 457 1472 variae
483 1437 691 1472 habitabant.
743 1439 821 1472 Hoc
846 1439 952 1481 igitur
977 1439 1127 1479 clarum,
1162 1437 1244 1471 illud
1271 1448 1351 1472 vero
1380 1448 1463 1482 prm

114 1504 296 1548 pemodum
324 1503 496 1548 displicuit
522 1504 674 1555 HssYNro
710 1510 743 1538 et
777 1505 851 1538 leve
883 1508 988 1546 atque
1014 1504 1104 1537 exile
1131 1504 1238 1536 visum
1265 1508 1337 1544 est,
1370 1504 1461 1546 quod

113 1568 178 1603 hoc
202 1569 306 1603 modo
331 1569 522 1612 designavit
554 1571 689 1613 Syriam
718 1575 839 1614 poeta,
879 1580 955 1603 cum
987 1580 1054 1618 per‘
1072 1580 1109 1603 se
1136 1569 1295 1612 ignobilis
1320 1569 1392 1602 avis·
1417 1570 1460 1602 sit

115 1635 294 1676 columba3
319 1635 518 1669 recordatur
543 1639 656 1669 tamen
681 1635 771 1668 idem
797 1640 910 1677 recte,
937 1645 982 1668 ex
1008 1636 1081 1678 ipsa
1107 1635 1274 1677 religione
1300 1644 1372 1668 rem
1402 1646 1458 1668 sa-

114 1700 159 1733 tis
183 1700 357 1743 dignitatis
383 1699 518 1734 habere.
576 1700 632 1733 Tu
668 1705 704 1732 ut
737 1701 976 1733 tractationem
1009 1703 1134 1743 poetae
1168 1701 1304 1744 penitus
1330 1702 1462 1744 perspi-

114 1767 202 1809 cias,
233 1767 316 1800 illud
341 1771 518 1811 praeterea
543 1777 675 1802 mecum
702 1767 867 1801 observa:
902 1767 1159 1810 Descriptiones
1186 1766 1342 1811 poeticae
1368 1767 1462 1800 loco-

117 1844 190 1868 rum
217 1834 390 1877 longiores
418 1838 454 1868 ut
482 1834 569 1868 bene
598 1835 766 1878 placeant,
793 1834 896 1867 debet
922 1833 1069 1867 varietas
1095 1834 1208 1867 suavis
1234 1839 1270 1867 et
1293 1834 1464 1878 oppositio

117 1912 226 1936 rerum
253 1901 382 1936 adesse.
442 1902 554 1938 Quam
584 1901 697 1944 legem
726 1901 828 1935 etiam
862 1912 882 1934 a
906 1901 1045 1934 Tibullo
1072 1911 1133 1944 per
1159 1905 1270 1935 totum
1295 1899 1384 1934 hunc
1408 1902 1460 1934 lo-

117 1978 191 2001 cum
217 1967 433 2001 observatum
460 1967 536 2001 dico
564 1966 800 2011 pulcherrime.
853 1967 940 2000 Cum
965 1967 1053 2000 enim
1089 1970 1168 2000 ante
1202 1967 1313 2010 Cydni
1346 1977 1461 2001 amoe-

116 2033 212 2067 nitati
236 2034 436 2077 opposuerit
460 2034 565 2067 Tauri
591 2036 716 2067 montis
741 2034 984 2078 asperitatem,
1022 2038 1058 2067 ut
1083 2033 1246 2075 vidimus,
1272 2044 1360 2067 nunc
1387 2039 1463 2077 post

116 2104 340 2132 memoratum
375 2100 534 2143 frigidum
569 2101 719 2135 Taurum
755 2112 830 2135 cum
866 2101 1008 2135 intonsis
1035 2101 1154 2134 incolis
1181 2101 1224 2134 ad
1250 2101 1462 2134 Palaestinae

118 2164 254 2197 crebras
286 2165 386 2198 urbes
415 2177 476 2199 uos
502 2166 614 2210 ducit,
649 2168 705 2201 ubi
731 2179 854 2202 suaves
880 2168 1113 2202 columbarum
1139 2167 1356 2201 candidarum
1383 2178 1463 2210 gre-

118 2240 178 2272 ges
205 2230 335 2271 volant3
375 2232 407 2264 in
432 2241 500 2274 quo
527 2232 603 2275 quis
635 2234 700 2266 iam
741 2244 806 2267 non
831 2234 935 2267 sentit
961 2232 1247 2277 pulchritudinem
1273 2233 1442 2277 oppositio

118 2297 195 2330 nis?
220 2316 266 2323 —
302 2298 343 2332 V.
370 2300 424 2332 19.
451 2301 509 2333 20.
559 2300 724 2343 Sequitur
748 2311 836 2334 nova
861 2300 1035 2345 oppositio
1060 2300 1103 2334 ad
1130 2300 1273 2335 eandem
1300 2311 1462 2335 normam.

119 2362 205 2396 Cum
230 2364 318 2397 enim
344 2364 500 2397 columba
527 2365 627 2398 simul
653 2365 827 2398 terrestris
852 2366 924 2399 avis
945 2366 1002 2407 sit,
1026 2365 1171 2410 opponit
1195 2376 1285 2400 nnnc
1311 2365 1363 2400 his
1389 2366 1461 2399 cul-

119 2430 161 2462 tis
184 2430 216 2463 in
243 2431 436 2464 Palaestina
463 2431 695 2465 columbarum
720 2432 886 2475 gregibus
912 2432 1134 2466 terrestribus
1159 2432 1328 2466 maritima
1353 2430 1463 2465 studia

120 2495 202 2537 Tyri
227 2496 401 2540 nauticae,
439 2508 524 2541 quae
553 2502 623 2532 tota
651 2499 734 2532 mari
760 2499 874 2532 dedita
901 2503 954 2533 est
979 2503 1080 2543 atque
1107 2499 1210 2533 etiam
1236 2499 1358 2533 domos
1383 2509 1462 2532 suas

120 2563 337 2596 mercatorias
363 2569 430 2598 tam
457 2566 525 2599 alte
551 2567 694 2599 exstruit
722 2576 837 2600 versus
866 2577 957 2600 mare
984 2578 1186 2609 conversas,
1222 2571 1259 2600 ut
1288 2568 1356 2601 late
1383 2577 1463 2611 pro-

121 2630 240 2672 spiciat
276 2641 402 2674 aequor
430 2638 462 2667 ct
488 2643 622 2679 semper
649 2639 726 2669 ante
755 2636 872 2669 oculos
909 2635 1039 2670 habeat.
1100 2635 1176 2670 Hoc
1206 2636 1292 2670 enim
1320 2636 1405 2669 inest
1433 2634 1463 2667 in
