1721 2953
628 74 872 116 TIBULLI.
1241 87 1423 112 crrffixiu

78 197 130 232 sic
161 207 226 244 ego
253 201 350 234 tutus
384 205 459 247 qro-
528 188 608 230 Sed
645 189 704 229 ibi
735 193 852 243 possis
882 196 940 228 est
975 185 1273 229 restituendum
1313 184 1423 225 haud

78 266 222 318 dubie,
252 267 422 307 eiectum
456 280 479 305 a
507 265 798 314 Lachmanno3
843 265 956 303 nulla
983 265 1091 304 enim
1120 262 1272 302 idonea
1302 273 1423 299 causa

77 350 138 380 est
167 355 293 395 quare
324 339 474 382 diversi
503 340 616 380 modi
649 354 735 380 esse
766 339 941 379 debeant
981 336 1162 393 (posses,
1191 334 1422 389 displiceas)

75 416 120 454 in
159 414 299 455 eadem
338 430 406 464 re,
456 424 578 470 atque
619 430 715 455 usus
747 416 903 454 Tibulli
942 415 1117 454 formam
1159 412 1300 452 directi
1338 411 1425 450 voti

76 495 212 530 utinam
241 494 358 544 possis
389 492 592 544 postulat,
636 499 681 530 ut
711 505 820 530 nunc
855 490 1018 530 senties,
1084 489 1200 528 Alter
1229 489 1344 526 locus
1374 485 1423 524 de

77 580 158 620 quo
188 565 430 616 (licendum,
455 567 606 618 legitur
635 567 664 616 Ι,
687 571 723 617 9,
744 570 819 606 39;
863 567 963 620 Quid
982 564 1159 618 faciam,
1194 566 1263 602 nisi
1288 570 1321 601 et
1350 565 1424 616 ipse

62 640 169 693 fores
189 644 224 679 in
251 656 379 681 amore
402 643 579 695 puellae?
626 642 700 681 ubi
727 642 805 681 alia
829 641 949 681 lectio
979 642 1080 694 Quid
1097 639 1269 692 sacer-em
1301 638 1422 689 vulgo

71 725 250 769 recepta.
299 716 381 757 Sed
404 719 538 770 probo
563 716 677 771 quod
698 717 907 759 revocavit
930 716 1236 756 Laehmannus.
1291 714 1424 752 Iratus

73 799 118 830 ut
151 799 232 840 est,
272 792 454 845 primum
486 806 631 833 revera
664 791 826 832 dubitat
859 791 958 845 quid
995 791 1134 839 saciat,
1176 788 1324 828 deinde
1358 802 1424 826 re-

73 865 234 906 cordari
274 868 411 921 coepit
452 867 551 922 quid
592 870 750 918 obstet,
794 868 866 921 qui
903 875 1037 907 motus
1079 866 1206 905 animi
1246 865 1423 903 maxime

70 941 347 982 Tibullianus.
403 942 568 983 Tertius
598 944 738 993 locus,
778 956 900 996 quem
933 941 1172 990 considero,
1214 949 1273 980 est
1305 940 1355 987 ll,
1387 943 1424 987 3,

71 1020 96 1056 5
121 1030 232 1070 sqq-2
272 1018 305 1057 Ο
334 1032 414 1068 ege,
441 1033 526 1058 cum
550 1019 778 1072 adspicerem
808 1019 1009 1066 dorm'nam,
1040 1031 1155 1070 quam
1173 1016 1325 1068 sortiter
1353 1016 1422 1053 illie

72 1093 267 1131 Versat-em
290 1094 411 1132 valido
436 1098 570 1146 pingue
597 1095 739 1133 In‘dente
766 1094 880 1132 solum
904 1101 978 1131 cet.
1036 1092 1111 1130 Hie
1138 1091 1246 1129 enim
1274 1089 1421 1128 unicus

71 1174 132 1205 est
169 1167 213 1205 in
254 1167 317 1206 his
358 1168 630 1217 carminibus,
674 1168 747 1207 ubi
786 1166 967 1207 deseruit
1005 1180 1161 1207 morem
1199 1178 1320 1203 suum
1350 1164 1422 1202 Ti—

69 1242 223 1281 bullus.
291 1241 399 1281 Nam
431 1256 505 1281 cur
537 1256 624 1282 non
653 1256 849 1294 praesens
878 1242 1018 1294 posuit
1046 1243 1090 1280 iu
1118 1239 1296 1293 protasi:
1337 1253 1421 1277 cum

68 1318 295 1370 adspiciam,
328 1325 373 1356 ut
399 1317 442 1355 in
473 1317 759 1369 superioribus
789 1313 1018 1369 exemplis?
1078 1315 1269 1355 Fortasse
1301 1314 1422 1353 etiam

66 1393 146 1432 hoc
176 1400 394 1442 mutasset,
435 1393 469 1432 si
501 1393 685 1431 ultimam
716 1406 884 1432 manum
919 1390 1167 1432 admovisset
1203 1389 1298 1428 huic
1335 1404 1422 1429 car-

65 1468 181 1508 mini.
247 1468 418 1522 Iamque
462 1469 745 1523 percmjrimus
786 1468 949 1518 omnia,
988 1466 1037 1506 de
1070 1467 1221 1520 quibus
1251 1466 1317 1504 hie
1350 1479 1420 1505 ex-

64 1542 304 1597 plicandum
343 1543 448 1594 fuit3
497 1543 641 1583 miram
683 1543 894 1597 quandam
934 1543 1176 1596 opinionem
1216 1540 1420 1581 Huschkii

67 1618 117 1658 de
155 1620 248 1659 loco
287 1619 326 1668 Ι,
355 1623 404 1669 2,
437 1622 502 1658 68.
538 1619 598 1658 ibi
635 1620 855 1659 refutatam
893 1618 1000 1659 vide.
1071 1618 1209 1669 Vulgo
1244 1631 1336 1658 cum
1369 1616 1418 1656 de

67 1693 421 1734 enuntiationibus
452 1692 799 1733 conditionalibus
834 1695 1061 1747 explicant,
1103 1707 1250 1746 parum
1279 1706 1419 1733 recor-

67 1768 219 1809 dantur
247 1771 347 1808 haec
380 1768 541 1821 poetica
574 1770 784 1822 exempla,
817 1769 887 1808 ubi
917 1767 1080 1810 diversa
1109 1776 1205 1808 sunt
1233 1776 1419 1820 tempora

64 1845 110 1884 in
154 1844 297 1885 eaclem
336 1845 564 1894 sententia,
618 1858 702 1897 quo
744 1845 870 1895 magis
912 1843 961 1883 de
1000 1845 1050 1883 iis
1093 1844 1159 1883 hic
1199 1843 1417 1883 dicendum

64 1921 158 1960 fuit.
225 1920 439 1959 Tibullum
472 1932 576 1959 vero
614 1929 713 1972 puta
750 1933 837 1959 non
877 1933 984 1960 vano
1025 1920 1247 1971 elegantiae
1281 1918 1417 1958 studio

65 1996 268 2047 deditum,
302 1993 373 2035 sed
401 1995 616 2048 phantasia
645 1993 784 2035 vivida
811 2009 885 2035 sua
914 1993 1105 2045 ductum,
1140 2004 1185 2034 ut
1214 1996 1418 2048 hypothe-

63 2071 163 2113 ticas
194 2070 495 2110 enuntiationes
525 2070 741 2111 nervosius
774 2071 1063 2110 conformaret.
1119 2071 1206 2109 lam
1237 2069 1288 2110 ad
1319 2071 1417 2109 alias

63 2161 130 2187 res
160 2145 440 2198 grammaticas
470 2144 720 2186 enarrandas
748 2160 891 2198 pergo.
950 2145 1221 2187 Indicativum
1247 2146 1290 2184 in
1318 2160 1416 2185 con·

65 2221 292 2261 structIOne
327 2220 498 2274 obliqua
537 2222 664 2261 semel
701 2221 842 2275 posuit
870 2222 1016 2262 Albius
1051 2222 1111 2271 ΙΙ,
1137 2223 1186 2272 4,
1216 2226 1300 2272 18.,
1344 2220 1416 2274 qui

63 2297 260 2350 frequens
290 2295 400 2347 apud
424 2295 686 2348 Propertium
715 2304 756 2336 et
784 2296 909 2345 alios,
950 2295 1060 2335 unde
1091 2296 1211 2336 etiam
1240 2296 1416 2337 varieta-

64 2378 146 2410 tem
182 2369 403 2410 modorum
434 2383 517 2409 non
549 2371 674 2410 habet
703 2371 1040 2424 Propertianam3
1082 2384 1130 2411 ea
1161 2374 1286 2412 semel
1317 2386 1415 2411 usus

68 2453 127 2484 est
163 2445 398 2499 Lygdamus
437 2445 514 2494 ΙΙΙ,
549 2449 591 2496 1,
626 2449 689 2486 19.
715 2450 786 2485 20.
854 2446 987 2485 Etiam
1026 2454 1213 2499 tempora
1252 2446 1414 2487 diversa

67 2519 194 2560 solius
226 2521 466 2562 variationis
504 2536 624 2561 causa
658 2522 818 2573 saepius
851 2522 980 2573 iungit
1014 2523 1276 2575 Propertius,
1320 2537 1356 2562 v.
1381 2538 1412 2562 c·
