1721 2953
302 170 328 192 e
592 148 834 190 TIBULLI.
1275 163 1384 190 xcvu

37 269 175 322 elegia.
241 266 401 320 Nempe
438 263 660 318 primarius
697 265 866 305 affectus
899 262 964 304 hic
997 271 1055 303 est
1085 261 1205 304 dolor
1236 261 1384 304 intole-

36 344 177 384 rabilis
215 343 365 382 amoris
405 340 575 380 maximi
606 352 794 380 successu
829 340 1017 379 carentis.
1073 340 1132 379 Ac
1165 348 1384 393 postquam

37 417 230 468 exordio,
276 418 430 458 frustra
469 417 612 468 sugere
651 416 833 468 puellam
875 416 1147 466 constituens,
1193 416 1384 469 graphice

37 508 252 536 aerumnas
294 494 421 533 animi
462 492 724 536 adumbravit
761 502 904 546 poeta,
948 495 993 533 in
1030 492 1165 534 medio
1205 493 1385 532 carmine

37 571 233 623 explicate
257 569 396 622 prodit
419 578 459 610 et
483 570 630 610 fortius
655 571 844 624 querela,
873 571 1053 623 primum
1079 570 1386 619 exsecrationis,

35 647 184 687 deinde
227 647 511 688 obtestationis
556 646 731 688 induens
776 649 966 688 sormam.
1046 648 1230 688 Primum
1276 647 1387 687 enim

34 733 273 765 exsecratur
300 724 466 764 Amoris
496 725 600 775 tela,
641 726 684 764 in
716 725 901 776 miseria,
941 738 1065 777 quam
1095 724 1219 763 latius
1255 724 1388 776 expli-

34 809 118 851 cat,
145 799 448 853 propemodum
477 799 688 853 desperata
705 801 915 849 Tibullus,
944 799 1142 839 indirecte
1167 799 1223 839 sic
1250 808 1388 839 osten-

34 874 135 915 dens
163 877 326 928 puellae
357 883 559 930 quantum
587 876 779 928 patiatur,
810 874 957 915 deinde
986 874 1136 915 directe
1165 889 1388 916 conversus

34 950 86 991 ad
130 960 306 991 amatam
348 953 577 992 obtestatur
624 965 713 990 eam
759 966 835 1004 per
876 965 1018 991 manes
1064 952 1218 992 sororis
1260 950 1387 992 modo

33 1036 241 1077 mortuae,
295 1036 341 1069 ut
379 1028 547 1069 tandem
588 1027 719 1069 facilis
761 1030 826 1070 sit.
914 1028 1038 1069 Nunc
1079 1028 1173 1071 vide
1217 1029 1388 1069 exitum.

34 1104 257 1157 Abrumpit
277 1114 447 1158 repente
470 1107 547 1145 lios
571 1115 759 1159 questus;
791 1120 885 1145 nam
908 1107 1090 1158 puellam
1111 1119 1196 1145 esse
1221 1106 1387 1154 bonam,

35 1179 152 1218 lenae
195 1180 359 1232 culpam
398 1194 576 1220 omnem.
641 1181 826 1220 Insertur
854 1181 921 1219 hic
960 1182 1094 1220 exitus
1130 1182 1280 1221 iterum
1314 1194 1390 1233 per

35 1255 306 1295 mutationem
349 1257 598 1309 sententiae,
643 1257 761 1311 quasi
793 1256 1005 1310 loquendo
1039 1257 1240 1308 paulatim
1275 1263 1390 1294 tran-

36 1331 205 1384 quillior
232 1331 363 1371 factus
391 1332 536 1371 melius
565 1332 765 1382 intelligat
794 1331 885 1384 quis
912 1330 1183 1380 accusandus,
1217 1330 1389 1369 consilio

34 1418 134 1447 vero
165 1407 355 1445 carminis
386 1405 544 1457 egregie
573 1404 814 1459 respondet,
844 1405 1048 1459 siquidem
1080 1419 1128 1445 eo
1158 1405 1389 1446 absolvitur

34 1479 97 1520 vis
126 1480 403 1533 persuasionis
435 1495 511 1520 nec
541 1480 769 1535 quidquam
801 1490 861 1521 est
889 1482 1097 1534 potentius
1128 1481 1178 1521 ad
1208 1495 1389 1521 commo-

35 1553 218 1595 vendum
241 1556 314 1596 tali
335 1557 538 1598 benevola
566 1557 843 1597 excusatione.
901 1558 1014 1597 Haec
1040 1559 1252 1599 hactenus.
1311 1558 1390 1598 Ac-

36 1632 216 1673 cedimus
250 1632 302 1673 ad
331 1634 512 1675 carmina
543 1635 586 1673 in
615 1634 800 1684 Deliam,
843 1649 1023 1688 quorum
1051 1637 1187 1675 maior
1221 1648 1391 1687 compo·

36 1709 144 1749 sitio.
200 1710 338 1763 Atque
365 1719 412 1750 ut
435 1711 617 1763 primum
642 1710 692 1750 de
721 1712 901 1751 carmine
926 1712 956 1760 I,
977 1716 1015 1752 6.
1046 1711 1197 1762 dicam,
1228 1713 1389 1764 gavisus

37 1793 125 1825 erat
152 1785 343 1825 Tibullus
375 1786 625 1838 aliquamdiu
653 1788 764 1826 solus
793 1801 871 1826 usu
893 1788 1061 1837 Deliae,
1091 1802 1185 1826 cum
1212 1788 1389 1839 suspicio

35 1860 198 1911 incidit,
229 1861 353 1900 alium
378 1861 499 1900 tacita
524 1869 644 1901 nocte
669 1877 693 1901 a
715 1862 836 1901 Delia
859 1862 1014 1912 foveri3
1046 1876 1153 1915 quae
1175 1862 1391 1914 inopinata

36 1936 207 1992 perfidia
235 1939 501 1978 vehementer
529 1937 707 1977 irritavit
738 1945 917 1990 poetam.
985 1939 1057 1978 Est
1084 1939 1209 1990 igitur
1237 1939 1391 1992 prima-

34 2014 122 2054 rius
162 2014 331 2053 affectus
368 2013 519 2064 elegiae
559 2013 779 2067 zelotypia.
850 2014 987 2068 Atque
1026 2014 1245 2055 exordium
1279 2015 1391 2068 ipsos

37 2096 205 2143 questus
241 2102 373 2128 novae
413 2087 609 2141 perfidiae
649 2090 797 2139 habet,
841 2090 1092 2142 patefaciens
1127 2100 1277 2131 statum
1315 2093 1389 2143 rei,

35 2164 80 2205 in
112 2163 248 2205 medio
285 2163 464 2204 carmine
498 2180 521 2205 a
554 2166 722 2218 querela
756 2164 808 2204 ad
840 2167 1126 2206 coercitionem
1165 2168 1298 2220 pergit
1329 2169 1391 2207 as-

35 2243 167 2282 sectus
206 2242 359 2291 iratus,
416 2249 456 2281 et
495 2243 675 2283 maxima
718 2257 907 2297 quaeque
950 2244 1295 2295 comminiscitur,
1346 2254 1391 2285 ut

36 2317 288 2370 reprimatur
310 2316 453 2357 levitas
474 2316 633 2358 Deliae.
689 2319 748 2358 Ac
771 2319 952 2372 primum
977 2319 1144 2372 quidem
1163 2321 1389 2362 custodiam

38 2407 222 2435 severam
262 2390 497 2432 meditatur.
563 2391 678 2442 Quae
707 2408 802 2446 pars
833 2394 877 2433 in
907 2394 1010 2434 duos
1047 2396 1160 2436 locos
1193 2395 1392 2438 dividitur

40 2469 211 2520 pulchra
240 2469 465 2508 mutatione
494 2471 719 2509 sententiae
749 2478 789 2509 et
819 2470 900 2510 huc
928 2470 1025 2510 illuc
1054 2470 1202 2512 iactato
1230 2474 1389 2523 animo3

40 2556 136 2583 nam
165 2552 383 2598 postquam
413 2544 601 2583 hortatus
633 2553 692 2584 est
720 2545 914 2585 maritum
944 2553 990 2586 ut
1017 2556 1151 2589 servet
1178 2547 1391 2600 diligenter
1448 2568 1450 2570 ·

41 2631 216 2660 uxorem
257 2628 296 2660 et
336 2622 400 2662 vel
438 2623 574 2676 ipsum
616 2630 799 2675 poetam,
849 2621 1030 2676 prodens
1063 2625 1240 2677 ingenue
1280 2627 1391 2666 furta

994 2717 1018 2752 g
