1721 2953
480 117 624 158 LIBR.
654 117 705 156 II.
762 116 923 159 ELEG.
951 119 1023 159 III.
1335 125 1415 161 235

75 235 202 269 Tibulli
222 234 348 268 dictum
370 236 407 266 ut
425 232 467 266 de
489 231 573 266 aliis.
623 228 742 263 Habes
766 229 931 263 rationem
958 231 1100 274 elegiae.
1151 232 1289 268 Quaero
1315 242 1414 274 nunc,

75 301 156 344 quid
184 300 245 334 hac
271 300 472 334 tractatione
498 297 689 340 argumenti
713 297 757 330 sit
782 297 916 340 aptius,
940 298 1020 340 qnid
1045 299 1125 332 insit
1149 299 1238 342 quod
1266 299 1413 332 alienum

73 368 147 401 iure
171 367 237 400 dici
262 365 397 410 possit?
447 364 565 397 Mirari
599 363 704 406 igitur
738 363 821 395 satis
856 373 921 395 non
949 375 1106 407 possum,
1142 365 1197 407 qui
1224 364 1349 398 factum
1374 365 1419 398 sit

74 437 112 466 ut
149 433 191 465 de
230 432 359 464 unitate
399 430 531 472 elegiae
570 429 792 462 dubitaretur.
856 428 907 460 De
944 429 1152 462 Smmcnno
1192 440 1257 462 non
1298 429 1418 470 dicam,

75 497 246 531 Hssnx‘ms
272 500 388 529 antem
412 494 454 528 ad
483 505 515 528 v.
529 496 585 526 33.
612 493 751 526 scribit:
777 493 973 534 „Dissident
1000 493 1081 528 haec
1107 506 1245 538 prorsus
1271 506 1289 528 a
1315 506 1419 539 supe-

73 562 220 595 rioribus
254 561 431 595 sententiis
468 563 502 593 et
538 558 697 592 numeris.
748 558 859 590 Antea
895 557 937 590 de
973 561 1085 602 puella
1113 561 1145 592 in
1181 571 1237 593 rus
1263 561 1422 603 abducta,

74 639 162 662 nunc
196 629 239 662 de
272 639 373 661 avara
407 628 521 670 agitur
554 629 589 659 et
613 625 655 658 ab
682 628 835 658 amatore
861 625 966 658 divite
992 627 1150 659 abducta.
1201 627 1278 660 Non
1305 628 1422 670 itaque

74 696 174 728 unius
209 695 365 728 carminis
402 698 516 738 partes
552 703 628 726 esse
663 692 843 736 potuere.“
901 692 979 725 Non
1005 693 1162 726 indicavit
1188 693 1248 727 vn·
1273 703 1422 726 summus

79 761 249 804 quomodo
276 759 359 793 haec
383 760 447 793 sibi
471 762 673 803 repugnent.
723 759 762 791 Si
788 768 901 791 mores
935 758 1086 792 diversos
1112 759 1268 792 Nemesis
1293 759 1425 803 putavit

78 827 244 869 exhiberi,
270 837 336 859 non
365 830 416 859 est
441 825 505 858 hoc
529 825 668 866 factum,
694 835 758 858 nec
783 825 873 868 quod
901 825 932 857 in
959 825 1123 868 principio
1147 825 1296 858 breviter
1322 829 1425 869 poeta

77 893 165 926 dixit
199 892 270 926 ruri
302 892 409 925 teneri
442 892 610 935 puellam,
648 890 772 923 deinde
806 901 888 923 vero
925 890 1033 923 innuit
1065 894 1250 924 amatorem
1284 890 1424 924 divitem

78 970 154 993 esse
187 959 245 1002 qui
276 959 476 1000 abduxerit,
513 959 619 991 ullam
652 957 875 990 offensionem
912 955 1033 999 habet,
1069 956 1128 989 sed
1164 957 1249 989 bene
1274 960 1309 989 et
1333 960 1428 990 recte

79 1030 131 1060 est
153 1026 344 1059 institutum
371 1029 406 1059 et
429 1025 557 1058 sactum
582 1025 775 1058 sexcenties
802 1025 958 1058 similiter
982 1025 1016 1056 ln
1041 1023 1149 1067 poesi,
1174 1022 1320 1065 fecitque
1345 1023 1428 1055 alias

78 1093 153 1136 ipse
188 1092 366 1134 Tibullus,
403 1096 441 1125 ut
478 1092 512 1124 in
548 1091 788 1135 Explicatione
826 1091 952 1124 monui.
1012 1090 1073 1124 Sin
1110 1089 1250 1123 ironiam
1289 1092 1323 1122 et
1356 1080 1429 1121 sar—

80 1167 228 1190 casmum
254 1159 288 1190 in
312 1156 423 1191 media
449 1161 546 1200 parte
570 1160 769 1199 regnantem
796 1166 950 1200 pugnare
976 1156 1149 1189 HnYMth
1177 1155 1321 1188 credidit
1351 1164 1427 1187 cum

80 1222 285 1264 reliquarum
320 1222 466 1266 partium
496 1222 719 1262 tractatione,
757 1222 859 1254 etiam
891 1220 955 1254 hoc
981 1221 1129 1255 breviter
1154 1220 1374 1254 refutavimus
1396 1220 1430 1252 iu

81 1289 321 1330 Annotatione,
348 1293 382 1320 et
407 1288 534 1320 oblitus
559 1292 612 1320 est
636 1288 699 1321 Vir
725 1288 887 1329 egregius
911 1288 1013 1320 toties
1039 1288 1121 1320 alias
1147 1298 1167 1319 a
1192 1297 1229 1319 se
1256 1286 1427 1318 laudatam

80 1354 113 1386 in
139 1354 276 1386 Tibullo
303 1352 476 1396 pulchram
502 1351 702 1385 varietatem
730 1352 928 1385 affectuum.
977 1351 1109 1383 Tamen
1135 1349 1218 1383 haec
1243 1360 1297 1383 res
1324 1359 1431 1392 nuper

80 1420 240 1454 Vossltnu
267 1428 309 1452 eo
337 1418 500 1451 audaciae
542 1417 705 1459 adduxit,
739 1422 777 1451 ut
810 1418 955 1462 primam
980 1421 1015 1451 et
1042 1418 1176 1450 tertiam
1203 1420 1333 1461 partem
1360 1417 1432 1449 ele-

80 1485 158 1527 giae
181 1485 304 1518 iterum
329 1484 488 1518 continua
513 1485 602 1517 serie
628 1485 855 1528 coniungeret
880 1489 919 1517 ut
945 1485 1151 1525 SCALlGER,
1177 1483 1324 1516 mediam
1349 1494 1431 1516 vero

80 1560 101 1582 a
127 1560 157 1583 v.
181 1551 323 1583 33-60.
348 1549 515 1583 eximeret
540 1552 576 1582 et
600 1549 692 1582 aliud
716 1559 840 1582 novum
866 1559 1003 1582 carmen
1028 1559 1105 1582 esse
1131 1549 1345 1582 decerneret.
1394 1549 1433 1582 ln

82 1627 149 1658 qno
175 1621 312 1649 secutus
337 1620 391 1649 est
422 1616 596 1648 BAcmus.
648 1616 740 1650 Quid
771 1615 905 1657 igitur?
955 1616 1068 1648 Unum
1099 1625 1166 1647 non
1202 1617 1253 1647 est
1287 1624 1434 1655 carmen,

82 1683 173 1726 quod
198 1683 448 1727 oppositionem
474 1681 732 1726 pulcherrimam
767 1680 868 1714 habet
893 1680 1065 1723 mythicae
1090 1681 1212 1713 aetatis
1238 1684 1272 1713 et
1298 1680 1435 1713 hodier-

83 1760 167 1791 nae,
204 1750 328 1783 amoris
358 1753 392 1783 et
425 1749 585 1782 avaritiae
618 1759 659 1781 ac
694 1748 880 1781 luxuriae?
943 1748 1151 1781 Divellamus
1187 1748 1293 1790 igitur
1331 1748 1435 1780 etiam

68 1813 220 1849 'carmen
245 1815 341 1849 Xlll.
369 1814 446 1847 libri
468 1814 531 1847 ΙΙΙ,
567 1813 658 1858 apud
683 1814 952 1855 PRopszmm,
989 1814 1048 1847 ubi
1078 1814 1234 1847 similiter
1259 1813 1301 1846 de
1325 1813 1436 1847 a-vari-

86 1883 133 1916 tia
158 1882 320 1916 hodierna
347 1882 535 1926 puellarum
561 1880 688 1914 dicitur
721 1885 757 1914 et
790 1881 832 1914 de
857 1881 1074 1924 simplicitate
1101 1881 1213 1925 prisca
1238 1881 1437 1924 agrestium,

85 1953 189 1992 atque
215 1953 252 1982 ut
275 1949 478 1993 Propertius
503 1947 594 1981 unde
623 1957 721 1980 orsus
748 1951 800 1980 est
825 1947 856 1980 in
886 1948 1074 1990 principio,
1112 1957 1154 1979 eo
1188 1948 1220 1979 in
1246 1948 1312 1980 fine
1337 1947 1437 1989 redit,

85 2015 135 2048 sic
160 2014 318 2048 Tibullus
352 2014 394 2047 de
427 2012 575 2056 mythica
609 2016 722 2045 aetate
760 2013 794 2045 in
829 2012 996 2055 principio
1031 2013 1117 2045 dixit
1143 2016 1177 2045 et
1210 2013 1244 2045 in
1280 2014 1367 2054 fine,
1405 2013 1439 2045 in

85 2080 197 2114 medio
225 2085 339 2114 autem
376 2080 556 2113 collocavit
591 2080 702 2112 locum
736 2080 954 2112 sarcasticum
991 2078 1033 2111 de
1067 2078 1239 2112 hodiernis
1274 2078 1437 2111 moribus.

87 2147 185 2182 Quae
209 2147 353 2179 variatio
377 2145 574 2178 suavissima
601 2148 663 2186 est,
689 2154 765 2177 cum
792 2147 911 2176 contra
936 2153 979 2176 ex
1005 2144 1128 2177 Vossu
1154 2144 1288 2176 ratione
1314 2142 1436 2176 eodem

89 2221 194 2253 usque
220 2210 370 2244 themate
393 2221 454 2244 nos
480 2211 602 2253 fatiget
629 2215 741 2254 poeta.
791 2210 863 2244 Sed
887 2210 968 2253 quid
988 2210 1124 2243 multa?
1174 2209 1322 2251 Mythici
1348 2213 1441 2242 tern-

88 2277 181 2322 poris
206 2287 339 2310 amores
373 2281 554 2321 propterea
589 2276 667 2310 data
703 2288 808 2321 opera
842 2276 1102 2321 praedicantur,
1144 2277 1224 2319 quia
1253 2275 1437 2319 opponitur

90 2343 273 2378 hodiernae
298 2344 473 2387 pravitatis
499 2343 738 2388 reprehensio,
776 2344 913 2388 dempta
948 2355 1030 2377 vero
1064 2343 1125 2376 hac
1160 2343 1318 2387 opposita
1343 2346 1440 2386 parte

90 2412 189 2444 etiam
216 2415 406 2445 ceterarum
435 2422 545 2444 rerum
572 2412 620 2444 vis
643 2412 822 2452 minuitur,
858 2415 893 2444 et
919 2410 1157 2454 pessumdatur
1183 2411 1314 2453 elegia,
1349 2419 1438 2452 quae

92 2489 179 2511 nunc
213 2489 256 2512 ex
290 2478 431 2511 diversis
465 2483 544 2522 apte
579 2479 767 2522 composita
803 2478 954 2521 partibus
988 2479 1111 2522 placet.
1175 2479 1267 2511 Satis
1302 2477 1344 2511 de
1377 2476 1438 2510 his.

93 2544 216 2577 Restat
248 2555 350 2578 unum
382 2549 418 2578 ut
452 2556 620 2578 moneam.
673 2545 806 2578 Etenim
833 2555 1034 2588 quamquam
1062 2544 1343 2588 compositionem
1369 2543 1441 2575 ele-

95 2612 170 2653 giae
199 2612 332 2647 omnino
360 2613 533 2656 egregiam
560 2613 636 2647 dico
664 2617 695 2645 el
724 2622 802 2645 vere
830 2612 1008 2655 poeticam,
1035 2612 1147 2645 insunt
1176 2615 1287 2645 lamen
1312 2611 1442 2652 aliquot
