1721 2953
514 141 658 182 LIBR.
689 142 720 180 I.
777 139 936 182 ELEG.
967 142 1020 181 V.
1355 144 1432 181 107

94 269 229 301 amore,
267 263 302 293 et
329 268 389 292 usa
415 260 488 291 erat
513 256 602 290 curis
627 256 700 288 eius
726 255 760 288 in
785 254 926 296 morbo,
962 255 1021 288 sed
1049 259 1125 300 post
1158 256 1331 297 morbum,
1368 265 1435 298 qua

95 331 169 360 erat
201 327 338 360 levitate
371 324 492 366 animi,
526 322 742 357 nibilominus
776 322 941 355 relabitur
968 322 1010 355 ad
1044 333 1151 365 genus
1184 322 1273 356 vitae
1297 322 1436 354 absente

94 391 234 425 Tibullo
259 393 430 434 coeptum.
488 389 591 422 Venit
615 388 691 420 lena
716 390 751 420 et
775 386 924 420 ostendit
949 397 1073 421 novum
1103 387 1270 430 quendam
1297 386 1437 420 divitem

95 460 299 498 amatorem,
324 466 425 498 quem
451 459 550 498 capta
574 453 770 487 muneribus
791 452 891 485 Delia
917 451 1063 485 admisit.
1113 453 1211 486 Haec
1235 452 1346 486 omnia
1370 461 1437 485 non

95 522 152 554 diu
185 525 262 554 ante
295 520 359 554 hoc
392 529 525 553 carmen
559 518 649 551 facta
683 518 775 550 clare
809 516 1001 558 significare
1035 517 1114 551 mibi
1148 518 1281 552 videtur
1313 520 1439 562 poeta:

95 586 164 618 Ille
188 597 251 632 ego
277 598 354 619 cum
381 584 479 618 tristi
506 583 621 617 morbo
647 583 789 629 defessa
814 582 955 620 iaceres,
981 589 1015 615 te
1039 584 1133 617 dicor
1156 584 1248 617 votis
1271 583 1441 628 eripuisse

96 651 180 684 meis
205 656 270 686 etc.
296 670 344 677 —
375 651 432 685 At
457 650 543 684 milli
558 650 706 696 felicem
729 650 860 687 vitam,
894 650 926 683 si
955 650 1058 683 salva
1075 650 1233 696 fuisses,
1257 649 1443 697 fingebam

96 737 141 744 —-
164 730 255 765 quae
289 730 382 752 nunc
405 720 596 764 Eurusque
622 717 808 763 Notusque
832 717 949 750 iactat
977 716 1142 749 odoratos
1167 722 1252 749 vota
1276 728 1342 760 per
1365 715 1442 749 Ar·-

98 785 236 819 menios.
295 785 392 828 Ergo
429 795 496 817 non
533 788 611 817 ante
644 783 830 816 discessum
866 783 899 816 in
935 783 1060 816 bellum
1094 782 1328 824 Aquitanicam
1363 792 1441 815 ann.

97 856 178 886 723.
205 852 268 885 fuit
296 851 348 885 liic
374 852 524 893 morbus,
560 850 643 884 haec
668 861 749 883 cura
774 851 817 883 ad
843 850 967 883 lectum
994 854 1168 891 aegrotae,
1195 853 1273 893 post
1296 848 1442 882 reditum

99 921 212 951 autem
240 917 380 961 perfidia
408 918 565 959 cognita,
591 920 630 949 ut
655 915 798 949 divisum
827 914 929 948 fuerit
955 919 1060 948 totum
1087 915 1262 948 interiecta
1287 915 1443 947 absentia

98 984 245 1026 Tibulli,
280 983 340 1017 sed
367 984 423 1026 qui
448 983 540 1015 nulla
573 982 640 1014 alia
674 981 834 1025 opinione
860 984 1048 1024 occupatus
1074 980 1154 1023 legit
1181 979 1284 1013 verba
1310 984 1445 1023 poetae,

98 1050 223 1084 sentiet
247 1049 440 1083 continuam
469 1058 544 1081 esse
569 1048 691 1080 seriem
716 1057 848 1087 rerum,
874 1046 916 1079 de
942 1057 1008 1089 qua
1033 1046 1192 1089 loquitur.
1243 1046 1443 1088 Pergamus.

101 1115 321 1158 Quantopere
347 1117 537 1147 commotus
562 1113 606 1146 sit
631 1112 750 1145 Albius
774 1111 916 1155 perfidia
952 1112 1107 1155 puellae,
1141 1122 1217 1145 cum
1252 1122 1340 1144 nunc
1374 1112 1445 1155 pri-

101 1191 193 1214 mum
228 1179 487 1223 pulcherrimam
525 1188 622 1222 spem
656 1178 747 1211 vitae
785 1187 936 1210 eversam
973 1178 1125 1220 videret,
1164 1182 1199 1211 et
1233 1179 1447 1211 meretricem

102 1247 248 1288 saetam,
276 1256 375 1289 quam
403 1246 467 1279 sibi
493 1245 556 1278 soli
583 1245 732 1278 deditam
758 1245 949 1278 crediderat
983 1243 1350 1287 liucusque,‘ostendit
1375 1243 1448 1276 dira

104 1312 295 1347 exsecratio
322 1312 439 1353 lenae,
480 1321 578 1353 quam
606 1310 658 1343 bic
684 1310 838 1352 legimus.
898 1311 1012 1352 Atque
1038 1314 1148 1342 ortum
1174 1313 1245 1341 tum
1271 1308 1450 1341 discidium

103 1383 166 1412 est.
215 1377 286 1411 Sed
321 1377 494 1410 ardentior
526 1380 600 1409 erat
634 1385 730 1408 amor
762 1375 913 1416 Tibulli,
951 1385 1051 1416 quam
1077 1378 1115 1407 ut
1140 1374 1292 1407 oblivisci
1318 1374 1449 1407 Deliam

103 1450 230 1490 posset,
256 1444 540 1489 quemadmodum
566 1446 777 1484 tentaverat;
803 1453 878 1475 cum
906 1442 1027 1474 multas
1052 1442 1135 1474 viles
1161 1441 1300 1474 adiisset
1325 1441 1450 1485 despe-

103 1513 232 1546 ratione
265 1511 389 1553 animi,
427 1510 514 1544 vidit
543 1514 716 1554 postremo
747 1519 784 1542 se
818 1508 907 1541 ferre
933 1507 1060 1540 diutius
1085 1506 1149 1540 hoc
1175 1507 1355 1540 discidium
1382 1518 1450 1541 non

102 1591 215 1625 posse.
274 1579 334 1613 Sic
370 1582 446 1612 orta
478 1577 560 1611 baec
595 1577 707 1620 elegia
739 1579 809 1618 est,
845 1585 933 1618 quae
969 1575 1032 1608 sub
1068 1578 1233 1608 aestatem
1265 1575 1342 1608 anni
1368 1578 1450 1609 725.

103 1647 205 1681 scribi
226 1645 346 1690 potuit.
397 1645 496 1680 Quae
522 1647 642 1687 postea
667 1646 865 1682 evenerunt,
889 1641 967 1674 vide
986 1645 1121 1674 narrata
1142 1642 1174 1673 in
1195 1642 1451 1675 Introductione

103 1713 146 1746 ad
180 1713 324 1754 elegiam
356 1710 550 1762 secundam.
600 1710 713 1751 Atque
748 1706 832 1741 haec
868 1707 1004 1750 quidem
1040 1706 1083 1738 de
1117 1706 1339 1749 temporibus.
1388 1707 1452 1740 Vi-

105 1778 243 1811 deamus
268 1786 356 1810 nunc
381 1785 515 1808 carmen
542 1775 661 1818 ipsum.
711 1772 899 1806 Discidium
925 1776 1047 1813 ortum,
1074 1771 1165 1813 quod
1192 1771 1349 1813 diximus,
1375 1782 1452 1804 cum

107 1846 254 1879 tolerare
283 1843 409 1876 diutius
441 1851 506 1874 non
545 1843 661 1884 posset
689 1843 814 1883 poeta,
853 1839 885 1871 iu
920 1839 1065 1881 gratiam
1102 1839 1214 1874 redire
1247 1840 1340 1882 cupit
1377 1849 1453 1872 cum

106 1911 226 1952 Delia,
263 1908 478 1953 pertinetque
513 1916 644 1939 summa
677 1905 836 1937 carminis
862 1915 925 1945 eo,
959 1909 997 1937 ut
1024 1905 1125 1937 misso
1151 1905 1245 1938 rivali
1271 1910 1455 1938 renovetur

107 1987 188 2010 usus
213 1977 304 2019 prior
329 1978 364 2007 et
389 1974 487 2006 ianua
514 1972 629 2005 clausa
654 1971 766 2004 denuo
800 1970 861 2002 sibi
891 1973 1017 2013 pateat.
1069 1970 1146 2003 Hoc
1171 1970 1375 2002 desiderium
1402 1975 1454 2003 est

108 2041 300 2087 principalis
326 2040 469 2073 affectus
496 2038 663 2071 carminis.
723 2038 774 2069 Ac
799 2036 941 2080 primam
967 2036 1148 2068 exordium
1173 2038 1454 2080 significationem

108 2108 206 2142 huius
241 2105 400 2141 desiderii
433 2105 553 2146 babet,
588 2108 626 2137 ut
652 2103 769 2137 statim
804 2103 836 2136 iu
870 2103 1036 2147 principio
1070 2104 1207 2147 prodire
1241 2105 1330 2138 solet
1365 2105 1455 2147 quod

108 2178 299 2208 commovet
330 2174 420 2206 intus
454 2171 611 2204 animum.
662 2169 752 2203 Tum
785 2170 944 2204 disertior
981 2171 1019 2203 fit
1051 2172 1252 2214 persuasio,
1289 2182 1330 2204 ac
1365 2171 1455 2203 duae

109 2239 270 2282 distingui
304 2237 430 2271 debent
463 2238 495 2269 in
529 2235 643 2269 medio
678 2235 828 2269 carmine
858 2242 981 2280 partes
1007 2248 1134 2271 rerum.
1183 2237 1342 2270 Primam
1368 2239 1455 2272 enim

108 2316 258 2340 amorem
282 2315 379 2337 suum
405 2303 558 2347 depingit
582 2302 764 2336 maximum
790 2307 909 2337 mutuo
931 2304 1050 2337 Deliae
1074 2304 1190 2337 favore
1211 2304 1456 2348 dignissimum,

110 2385 197 2417 quae
235 2383 290 2407 res
326 2372 433 2405 tribus
467 2370 552 2404 locis
588 2371 787 2404 absolvitur.
838 2371 987 2404 orditur
1013 2372 1055 2405 ab
1084 2374 1298 2416 expositione
1324 2374 1456 2408 officio-

112 2452 184 2475 rum
209 2451 317 2485 nuper
343 2441 604 2485 praestitorum,
643 2449 720 2472 cum
746 2442 944 2481 aegrotaret
971 2439 1068 2473 Delia
1095 2444 1129 2473 et
1153 2440 1257 2484 ipsius
1284 2442 1457 2474 lustratio—

113 2509 210 2541 nibus
234 2508 388 2551 votisque
414 2508 604 2551 eriperetur
630 2506 752 2548 morti,
788 2505 928 2549 exponit
954 2505 1074 2538 deinde
1101 2508 1232 2549 qualem
1260 2506 1457 2540 felicitatem

114 2574 316 2617 imaginatus
349 2575 412 2616 sit,
455 2576 482 2607 si
521 2574 677 2607 restituta
712 2573 904 2607 valetudine
942 2583 1020 2607 rure
1056 2584 1171 2607 secum
1208 2574 1317 2618 puella
1355 2574 1459 2615 degat

115 2640 339 2683 omnibusque
375 2639 419 2672 ibi
455 2640 557 2674 rebus
596 2640 739 2684 praesit,
779 2650 865 2683 quae
892 2643 969 2673 vota
995 2650 1074 2674 mox
1099 2640 1140 2674 ad
1167 2640 1297 2675 irritum
1323 2639 1459 2672 cecide-
