1721 2953
255 125 293 150 VI

245 243 339 269 rum
359 226 582 279 elegiarum
603 239 698 267 vere
718 223 879 278 poetica
902 222 1098 265 dubitari.
1157 224 1487 278 ExplicatiOnem
1508 238 1607 266 vero

247 323 361 378 quod
393 322 559 371 attinet,
590 321 713 360 talem
744 317 843 358 dare
867 317 1005 368 volui,
1034 317 1107 357 ubi
1133 316 1292 358 adesset
1321 317 1433 371 quod
1467 316 1518 358 ad
1547 318 1612 356 iu-

248 417 517 472 telligendum
547 423 713 470 poetam
742 428 819 467 per
847 428 890 455 se
916 414 1192 454 necessarium
1214 411 1450 464 videretur;
1481 426 1610 466 quare

246 515 303 555 ita
344 511 545 553 adornavi
586 507 924 559 commentarios,
964 515 1011 548 ut
1051 515 1091 548 et
1124 507 1306 561 partium
1347 520 1393 547 ac
1421 506 1611 546 locorum

249 606 457 647 maiorum
488 601 830 657 compositionem
861 614 1102 655 nexumque
1143 601 1415 654 explicarem,
1451 608 1492 640 et
1529 599 1613 640 sin-

255 703 451 755 gulorum
483 700 729 750 verborum,
765 697 1046 747 locutionum,
1075 696 1371 738 sententiarum
1400 695 1617 746 rationem,

251 812 351 839 usus
396 805 577 839 ceterum
607 794 969 837 observationibus
1007 794 1197 848 priorum
1229 794 1503 846 interpretum
1542 791 1616 833 ubi

251 902 462 947 poteram,
494 901 535 934 et
562 892 714 932 horum
747 890 918 931 nomina
950 889 1099 939 citans,
1129 889 1203 929 ubi
1234 888 1435 928 offerrent
1463 886 1615 940 quibus

253 1003 373 1044 opus.
428 989 533 1030 Dixi
563 1003 661 1030 vero
692 990 849 1043 ubique
893 995 963 1029 aut
1002 985 1136 1027 dicere
1175 986 1292 1027 volui
1335 998 1441 1038 quae
1476 996 1618 1024 neces·

255 1087 390 1139 saria3
420 1100 772 1140 supervacaneam
807 1084 1037 1126 doctrinam
1068 1082 1200 1123 omisi.
1269 1082 1406 1134 Atque
1435 1081 1537 1119 haec
1571 1076 1621 1118 de

253 1182 555 1236 Explicatione.
619 1180 702 1221 Sed
727 1194 820 1221 cum
845 1180 912 1220 vel
940 1179 997 1219 sic
1020 1178 1142 1218 etiam
1164 1174 1349 1227 diligenti
1371 1171 1508 1214 studio
1526 1185 1623 1226 per-

263 1277 394 1318 multa
433 1289 518 1316 non
557 1275 678 1316 liceat
719 1274 901 1328 assequi,
946 1272 1025 1313 nisi
1063 1272 1186 1311 simul
1228 1270 1465 1311 universam
1494 1276 1623 1309 artem

263 1371 474 1427 scriptoris
504 1371 684 1424 penitius
724 1371 937 1423 explores,
980 1365 1330 1423 quemadmodum
1373 1365 1415 1405 in
1453 1363 1625 1405 Pindari

259 1465 439 1506 editione
478 1478 570 1504 mea
610 1462 933 1516 disputationem
977 1460 1027 1501 de
1071 1462 1231 1501 ratione
1260 1460 1421 1513 poetica
1448 1459 1623 1499 istorum

260 1562 489 1603 carminum
520 1559 665 1613 posui,
693 1558 883 1598 similiter
911 1571 1021 1599 nunc
1043 1555 1306 1597 TibuUianae
1334 1566 1509 1607 poeseos
1540 1552 1624 1593 vim

261 1667 301 1701 et
334 1666 463 1700 artem
492 1656 721 1698 accuratius
753 1655 990 1696 examinavi
1024 1660 1064 1693 et
1093 1651 1301 1705 explicare
1332 1647 1484 1688 studui.
1539 1647 1626 1686 Ha-

260 1754 331 1793 bet
358 1760 439 1792 tres
469 1758 608 1804 partes
636 1749 737 1790 haec
759 1747 1014 1803 diSquisitio:
1042 1744 1130 1786 dixi
1162 1744 1271 1785 enim
1303 1742 1353 1784 de
1386 1748 1626 1794 argumento

270 1862 443 1903 poeseos
481 1846 767 1897 TibuHianae,
808 1843 858 1884 de
894 1841 1030 1884 forma
1072 1849 1111 1882 et
1142 1839 1440 1893 compositione
1479 1838 1628 1878 harum

265 1947 508 1999 elegiarum,
548 1952 589 1984 et
629 1942 680 1985 de
721 1941 953 1984 elocutione
984 1939 1157 1979 Tibulli.
1224 1935 1502 1977 Proficiscitur
1536 1934 1628 1988 qui-

271 2041 366 2082 dem
407 2041 590 2083 studium
624 2041 871 2095 scriptorum
907 2053 929 2078 a
960 2036 1132 2090 singulis
1171 2034 1272 2075 locis
1304 2041 1344 2073 et
1370 2033 1516 2082 rebus,
1560 2029 1631 2070 sed

273 2149 359 2176 non
388 2137 609 2177 subsistere
653 2136 774 2179 debet
809 2138 853 2177 in
883 2137 952 2186 iis,
989 2131 1243 2188 pergendum
1285 2137 1344 2169 est
1379 2128 1501 2169 etiam
1540 2128 1633 2166 lon-

269 2230 358 2282 qus
388 2231 440 2271 ad
471 2245 731 2272 communem
758 2232 916 2271 sontem
938 2228 1194 2280 singulorum
1223 2223 1427 2265 (lictorum
1448 2219 1635 2261 omnium

276 2325 602 2378 explorandum,
648 2327 721 2380 qui
765 2333 826 2365 est
859 2326 903 2365 in
938 2321 1078 2363 indole
1110 2329 1149 2361 ct
1178 2328 1263 2360 arte
1295 2316 1504 2371 scriptoris
1535 2327 1633 2368 pro-

272 2418 387 2471 pria,
418 2420 450 2457 si
481 2420 644 2471 penitus
675 2435 918 2473 cognoscere
960 2434 1054 2460 eum
1095 2415 1248 2472 studes.
1318 2414 1425 2454 Sunt
1465 2410 1632 2465 quidem

274 2514 457 2555 difficiles
491 2518 568 2555 hae
603 2519 883 2569 quaestiones,
913 2527 958 2557 ut
986 2516 1162 2569 gaudeas
1194 2514 1227 2554 si
1255 2523 1385 2565 prope
1426 2516 1495 2547 aut
1533 2518 1632 2558 pro-

275 2609 386 2648 xime
416 2609 594 2661 attigeris}
627 2612 861 2661 veritatem,
901 2612 972 2653 sed
1005 2614 1077 2667 qui
1118 2613 1238 2665 plane
1278 2605 1493 2657 defugiunt
1523 2603 1631 2641 hunc
