1721 2953
573 157 715 199 LIssR.
745 158 796 196 ll.
856 156 1011 199 ELEG.
1043 159 1075 198 1.
1408 164 1487 201 200

132 280 269 320 servat3
308 281 345 311 et
368 275 523 311 conferre
547 284 624 310 cum
653 272 793 307 Tibullo
817 272 945 306 iuvabit
970 273 1073 307 verba
1099 283 1118 307 e
1144 273 1276 308 Catone
1299 283 1403 319 supra
1436 276 1489 308 al-

131 345 204 377 lata
226 347 266 376 ut
288 342 477 385 intelligas,
511 343 639 383 quanto
663 339 767 373 etiam
793 338 983 381 elegantius
1009 340 1143 383 poetica
1168 351 1222 374 ars
1248 339 1332 374 haec
1358 345 1487 387 tracta-

131 410 236 452 verit,
263 419 364 451 quam
387 417 470 441 usus
495 407 646 449 vulgaris
670 406 787 440 talium
812 416 950 450 precum
976 406 1120 441 serebat.
1169 407 1259 442 Add.
1278 408 1430 442 Fusmmu
1455 419 1487 444 8.

129 486 160 509 v.
194 478 374 508 Pesestas.
423 473 495 508 Sed
530 473 742 518 pergendum
778 476 841 506 est.
888 472 1160 507 Immolationem
1193 472 1324 507 hostiae
1357 483 1486 516 seque-

128 540 249 573 bantur
280 539 406 584 epulae
438 552 517 573 cum
551 540 663 576 ludis,
703 550 805 583 quam
840 540 981 573 alteram
1008 545 1138 584 partem
1162 541 1213 574 rei
1238 541 1371 574 divinae
1396 541 1484 574 dici-

124 615 210 640 mus,
259 606 361 640 Hunc
384 607 497 640 locum
522 611 623 651 poeta
647 607 812 651 imprimis
839 605 979 650 pulchre
1006 608 1151 645 ornavita
1196 608 1248 641 Ac
1272 607 1315 641 de
1340 598 1483 652 dapibus

123 670 260 712 quidem
287 675 395 713 tacet,
430 673 503 705 iure
528 672 630 705 etiam
655 670 719 704 hoc
743 671 930 712 transiens,
955 671 1016 705 sed
1043 683 1119 706 cum
1145 677 1226 706 exta
1250 674 1404 717 inspecta
1429 673 1484 707 fe-

121 736 222 769 licem
254 747 377 771 annum
411 738 679 780 significassent,
715 738 824 771 laetus
860 738 903 771 ab
938 737 1000 772 hac
1036 750 1073 773 re
1107 740 1195 781 viam
1227 740 1270 773 ad
1303 741 1482 783 sequentia

122 813 246 846 parans
279 806 394 839 statim
429 805 472 838 ad
505 806 582 839 vina
615 807 844 848 convertitur3
882 807 994 850 poscit
1019 808 1201 841 Falernum
1228 807 1418 851 Chiumque
1442 812 1482 841 ut

122 870 248 903 libetur
271 871 335 904 diis
361 875 396 905 et
422 873 553 916 potatio
578 873 649 907 fiat.
696 872 859 916 Iamque,
891 877 929 906 ut
954 877 1069 906 amant
1094 878 1230 907 cautum
1256 874 1399 918 pocula,
1437 872 1481 906 ad

121 936 238 969 laudes
262 937 350 970 ruris
375 940 410 970 et
434 938 598 972 ruralium
623 938 766 972 deorum
791 938 1039 982 praedicandas
1064 940 1207 972 accedit.
1264 938 1482 984 Agrestibus

122 1001 211 1039 diis,
237 1003 308 1044 ait,
331 1002 430 1035 vitae
457 1003 620 1037 cultioris
643 1004 740 1037 ratio
767 1003 925 1039 debetur.
982 1005 1085 1041 Quod
1110 1009 1345 1047 argumentum
1369 1005 1480 1038 tribus

119 1069 204 1102 locis
235 1069 363 1103 divisit.
409 1070 563 1104 Primum
597 1071 686 1105 enim
721 1072 882 1105 alimenta
907 1071 1050 1105 meliora
1075 1071 1266 1104 docueruut
1292 1082 1353 1115 pro
1379 1073 1480 1114 glan-

122 1133 221 1166 dibus
244 1133 427 1177 herbisque
457 1134 557 1177 seris,
594 1139 630 1169 et
662 1135 772 1169 victus
806 1136 924 1180 copias
947 1137 1077 1170 rurales
1101 1141 1349 1179 monstraruut3
1383 1141 1480 1171 ortae

121 1211 225 1245 porro
247 1206 340 1236 artes
363 1213 464 1245 rure,
502 1207 537 1236 et
561 1202 712 1237 musicae
736 1207 772 1237 et
799 1213 915 1236 earum
941 1203 1187 1247 simpliciores,
1221 1215 1308 1247 quae
1333 1203 1376 1237 ad
1400 1214 1480 1238 cor-

118 1269 212 1311 poris
235 1269 365 1302 cultum
386 1273 422 1302 et
445 1273 602 1302 ornatum
626 1269 821 1313 pertinent;
844 1270 949 1304 tertio
974 1271 1051 1304 loco
1078 1272 1180 1304 etiam
1205 1271 1368 1304 Amorem
1395 1281 1477 1304 rure

116 1338 234 1368 natum
257 1335 436 1377 discimus,
468 1335 526 1377 qui
558 1339 593 1368 et
625 1345 753 1378 greges
787 1339 892 1379 auget
919 1332 956 1369 'et
983 1335 1175 1370 hominibus
1201 1337 1290 1370 bona
1317 1339 1477 1381 malaque

117 1400 228 1433 affert.
288 1399 422 1435 Quibus
458 1399 595 1442 quidem
630 1401 741 1433 tribus
773 1401 859 1434 locis
892 1402 968 1444 quis
1001 1412 1069 1435 non
1105 1402 1209 1435 sentit
1249 1402 1477 1446 pulcherrime

117 1467 332 1511 complexum
358 1469 494 1510 poetam
519 1476 608 1510 quae
631 1466 700 1500 dici
723 1466 896 1500 debebant
920 1468 1045 1501 omnia.
1095 1467 1184 1502 Nam
1212 1468 1344 1511 victusg
1372 1474 1477 1511 artes,

114 1533 240 1566 amoris
264 1532 391 1576 gaudia
417 1536 453 1566 et
477 1543 679 1581 aerumnae,
717 1531 802 1567 haec
831 1537 912 1566 sunt
945 1533 1103 1577 profecto
1130 1533 1349 1568 fundamenta
1375 1536 1478 1577 vitae,

117 1602 151 1632 et
173 1599 349 1642 praeclare
374 1598 552 1642 proposuit
579 1602 683 1643 poeta
707 1597 821 1631 ideam
852 1598 1006 1642 partibus
1040 1600 1112 1633 suis
1146 1599 1351 1634 absolutam.
1401 1600 1478 1635 Nec

116 1676 238 1699 vereor
261 1676 305 1698 ne
329 1666 384 1699 cui
409 1665 578 1707 digressio
604 1663 658 1697 hic
693 1674 770 1697 esse
792 1665 949 1698 videatur
972 1666 1110 1708 longior
1133 1677 1153 1699 a
1178 1666 1328 1701 themate
1354 1669 1479 1701 carmi-

115 1731 189 1772 nis,
223 1741 301 1764 cum
333 1741 401 1764 non
437 1729 649 1772 digrediatur
683 1733 786 1773 poeta
811 1740 875 1763 nec
900 1730 1010 1763 aliena
1035 1731 1201 1764 attulerit.
1262 1733 1360 1765 Sacri
1388 1735 1477 1768 enim

116 1797 318 1831 ambarvalis
352 1797 547 1830 solemnitas
582 1806 659 1834 cum
695 1795 1015 1840 implorandis.pro
1047 1797 1264 1830 successibus
1300 1799 1377 1831 anni
1412 1799 1478 1832 diis

116 1864 273 1897 instituta
296 1863 361 1905 sit,
388 1862 562 1906 quomodo
588 1863 664 1905 quis
689 1863 810 1897 melius
835 1861 980 1896 honoret
1004 1872 1064 1896 eos
1090 1866 1124 1896 et
1150 1863 1317 1907 propitios
1342 1864 1477 1906 reddat,

118 1942 220 1975 quam
246 1934 384 1975 praeter
409 1931 613 1964 sacrificium
639 1931 741 1964 etiam
776 1930 894 1963 laudes
929 1930 1098 1971 offerens,
1133 1934 1168 1963 et
1194 1931 1394 1974 praedicans
1420 1933 1477 1975 pia

116 2000 232 2031 mente
257 1997 424 2029 beneficia
449 1996 596 2030 eorum?
646 1995 824 2039 Siquidem
849 2006 917 2030 non
940 1995 1116 2029 sacrificiis
1142 2000 1273 2030 tantum
1300 1998 1479 2040 placantur

117 2062 164 2096 dii
189 2062 251 2096 sed
275 2062 377 2095 etiam
403 2061 573 2103 laudibus,
598 2064 637 2094 ut
662 2061 852 2095 coniuncta
879 2051 1036 2107 utraque
1060 2073 1098 2094 re
1122 2063 1176 2095 vel
1202 2057 1479 2096 maximesatis-

115 2130 222 2165 facias
245 2130 389 2164 consilio
413 2129 503 2163 festi.
551 2131 697 2163 Poetam
731 2139 813 2164 vero
846 2128 948 2163 decet
980 2115 1190 2172 amplificato
1215 2139 1329 2162 rerum
1355 2139 1478 2173 campo

117 2197 390 2239 magnificentius
415 2200 565 2230 tractare
593 2196 735 2231 deorum
758 2196 898 2239 laudes,
931 2197 1088 2240 ritusque
1113 2207 1133 2230 a
1159 2197 1346 2230 maioribus
1369 2198 1479 2231 tradi-

118 2268 172 2298 tos
203 2264 254 2297 sic
285 2264 382 2297 novis
415 2264 598 2297 luminibus
623 2264 807 2298 illustrare.
867 2264 914 2297 Et
940 2263 1004 2297 hoc
1031 2263 1114 2296 fecit
1137 2265 1281 2308 egregie
1306 2265 1478 2307 Tibullus,

118 2341 195 2364 curn
230 2329 314 2364 haec
349 2341 446 2364 sacra
481 2340 543 2374 pro
567 2331 653 2364 flore
677 2331 727 2364 rei
754 2331 901 2364 rusticae
926 2329 1082 2363 instituta
1113 2339 1202 2364 nunc
1226 2335 1391 2374 appareat
1416 2342 1479 2376 pro

118 2405 327 2429 summorum
352 2396 614 2430 conservatione
646 2396 815 2430 bonorum
844 2395 1032 2437 celebrari,
1069 2405 1158 2438 quae
1183 2397 1372 2440 primordia
1397 2398 1479 2431 olim

121 2464 156 2493 et
186 2460 406 2495 fundamenta
440 2462 595 2496 cultioris
628 2463 718 2496 vitae
750 2463 900 2497 fuerunt.
951 2462 1005 2495 Ita
1039 2472 1123 2496 vero
1159 2462 1361 2506 dignissime
1386 2465 1480 2499 cele-

119 2526 262 2561 brantur
285 2528 351 2570 dii,
386 2529 581 2563 celebratur
605 2528 659 2564 hic
685 2530 770 2565 dies.
829 2529 972 2573 lamque
1006 2529 1147 2564 carmini
1182 2529 1327 2573 imponit
1352 2529 1479 2574 finem.

121 2591 265 2625 Nuntiat
288 2594 398 2627 noctis
422 2594 606 2629 adventum
632 2599 666 2629 et
692 2595 788 2629 iubet
807 2595 943 2629 interim
966 2594 1064 2628 ludos
1090 2595 1254 2638 iocosque
1280 2596 1480 2629 continuare

123 2657 276 2699 turbam,
312 2659 421 2695 donec
454 2671 523 2696 nox
559 2672 636 2697 cum
668 2673 788 2696 somno
813 2663 1041 2707 amplectatur
1067 2662 1196 2696 orbem.
1249 2663 1300 2697 De
1325 2666 1479 2705 tempore

1050 2733 1101 2769 14
