1721 2953
325 130 407 166 358
632 124 1006 169 COMMENTAR.
1038 127 1098 170 IN
1129 129 1164 169 T
1168 128 1361 171 IBULLI

328 241 480 276 Primum
508 239 685 275 dicebatur
707 239 819 276 inesse
842 241 898 282 in,
934 247 972 278 ut
1001 243 1091 290 apud
1125 244 1282 288 antiquos
1307 249 1429 290 poetas
1454 248 1489 278 et
1513 245 1673 279 Crcssno-

330 318 428 349 nuru,
466 306 589 341 deinde
613 306 744 341 dativus
769 309 924 353 usurpari
947 314 1091 354 coeptus
1114 309 1227 343 inesse
1252 308 1385 347 alicui,
1417 313 1456 344 ut
1480 310 1559 344 Tib.
1585 310 1613 352 I,
1637 313 1673 353 6,

329 376 386 408 34,
434 373 504 407 Sed
530 372 594 409 hoc
617 375 694 409 loco
719 378 772 409 est
795 377 1025 412 memorabilis
1050 381 1222 411 structura
1251 383 1394 422 pectore
1417 377 1529 411 inesse
1563 389 1614 422 pr.
1639 378 1674 413 in

331 443 471 484 pectore
496 450 590 483 esse,
627 451 726 484 quam
761 452 837 475 cum
864 441 1055 476 Huscuxlo
1087 453 1197 487 nuper
1229 443 1479 477 Ercns'rAmus
1511 442 1674 477 defendit.

330 507 444 550 Atque
470 505 522 541 hic
547 512 722 552 comparat
746 509 889 544 merr
915 509 1141 554 fragmentum
1167 521 1220 554 ap.
1247 510 1387 543 Festum
1413 521 1445 544 v.
1461 507 1577 553 fiber:
1616 507 1675 540 Sic

330 582 382 603 me
415 570 519 605 ,siches
553 573 709 619 quotidie
741 574 847 621 quasi
870 574 968 620 fiber
997 575 1151 610 salicem.
1199 576 1263 609 llle
1296 575 1411 609 laudat
1436 576 1607 609 Con'rwm
1632 573 1674 607 ad

330 639 486 673 Sallustii
518 641 619 674 Catil.
644 641 688 684 ΙΙ,
722 645 764 676 9:
806 641 926 688 aliquo
963 641 1104 688 negotio
1142 641 1320 680 intentos,
1355 642 1596 677 BURMANNUM
1632 640 1676 675 ad

331 705 473 740 Sueton.
503 708 601 741 Caes.
630 711 694 742 66:
730 708 972 741 vetustissima
998 720 1089 742 nat-e
1113 707 1313 753 impositos,
1349 712 1385 742 et
1416 708 1678 742 Rmmxnmunr

331 772 376 806 ad
400 773 542 807 Terent·
574 773 712 808 Pllorm.
737 774 765 817 I,
790 775 824 817 4,
855 777 901 808 2:
942 776 1006 806 Ita
1039 785 1134 807 nunc
1165 772 1383 818 imparatum
1416 773 1532 807 subito
1569 779 1678 806 tanta

332 850 385 871 me
409 838 609 884 impendent
634 839 741 874 mala.
767 857 815 866 -
854 840 898 874 V.
922 842 968 873 85
995 851 1069 883 sqq.
1119 841 1284 884 Sequitur
1308 851 1431 883 magna
1458 839 1557 883 copia
1582 849 1679 872 com-

332 906 545 950 parationum
571 910 605 940 et
630 906 837 949 imaginum,
871 917 957 949 quas
981 916 1081 940 nemo
1111 916 1179 940 non
1207 906 1300 940 videt
1324 906 1533 950 ineptissime
1558 915 1678 939 cumu-

335 972 431 1005 latas.
456 990 497 996 —
525 971 630 1005 Nam
657 976 699 1005 te
727 982 805 1006 nec
830 972 945 1004 vasti
973 975 1040 1005 etc.
1087 971 1223 1005 Primus
1247 975 1300 1005 est
1325 971 1504 1004 Honrssuus
1523 972 1562 1005 Il.
1582 971 1679 1013 XVI,

331 1039 390 1073 34.
422 1036 484 1072 hac
512 1038 682 1072 locutione
715 1049 796 1072 usus
822 1038 865 1071 ad
891 1038 1063 1072 crudelem
1095 1039 1242 1071 animum
1266 1037 1527 1081 designandum.
1577 1038 1678 1082 Apud

332 1103 506 1137 Tibullum
531 1104 676 1138 vidimus
709 1115 780 1137 rem
813 1103 840 1146 Ι,
866 1106 899 1145 2,
926 1105 983 1138 42.
1032 1102 1130 1136 Adde
1155 1103 1318 1138 emunt.
1345 1103 1440 1146 LXI,
1469 1106 1549 1138 155.
1574 1104 1678 1137 alios-

331 1180 398 1213 que
428 1172 554 1204 multos
586 1173 682 1205 locos
715 1171 806 1215 apud
839 1171 1149 1214 Bnoucmmsmm,
1196 1170 1317 1214 quibus
1358 1172 1460 1204 etiam
1501 1172 1680 1214 sequentia

331 1237 554 1272 illustrantur.
602 1238 667 1272 Est
691 1243 806 1272 autem
829 1239 969 1281 vasti,
995 1238 1134 1280 deserti,
1160 1249 1180 1271 a
1205 1239 1300 1271 cultu
1325 1237 1469 1271 humano
1494 1238 1606 1273 alieni.
1631 1256 1679 1263 —

334 1303 551 1338 flammam
578 1306 782 1348 volvens,
807 1316 979 1348 evomens,
1005 1306 1114 1341 Vina.
1141 1306 1272 1349 Georg.
1297 1305 1324 1347 I,
1350 1307 1497 1340 4752.—
1521 1305 1680 1348 angui-

333 1381 412 1405 nea
437 1371 682 1404 redin1itus
707 1375 838 1414 terga
863 1375 1066 1413 caterva,
1103 1371 1199 1405 cuius
1224 1371 1350 1404 collum
1375 1374 1410 1403 et
1435 1373 1570 1412 tergum
1596 1380 1680 1403 cen-

333 1443 403 1471 tum
429 1437 644 1481 serpentibus
675 1437 833 1470 cinctum.
881 1437 1008 1470 Forma
1042 1436 1242 1482 anguineccs
1277 1436 1472 1471 defenditur
1504 1448 1524 1470 a
1551 1437 1679 1471 Vossro

335 1509 370 1538 ct
395 1504 597 1537 Huscnxro.
616 1521 663 1527 —
688 1503 946 1545 Scyllaque.
995 1501 1105 1544 Virgo
1132 1513 1277 1546 corpore
1303 1503 1335 1536 in
1361 1502 1502 1536 caudam
1528 1504 1679 1536 marinae

334 1569 468 1602 belluae
498 1572 667 1611 exeunte,
691 1569 830 1611 inguina
855 1569 1027 1601 succincta
1054 1567 1182 1602 habens
1207 1569 1349 1602 canibus
1376 1569 1597 1612 latrantibus,
1635 1570 1678 1604 cf.

335 1638 462 1670 Clcun.
489 1635 622 1670 Verrin-
657 1636 699 1676 V,
730 1637 787 1668 56.
828 1634 992 1668 Lucum.
1018 1635 1061 1676 V,
1087 1637 1170 1668 893.
1209 1635 1317 1668 Ovm.
1352 1634 1438 1668 Met.
1470 1635 1568 1677 XlII,
1598 1639 1682 1671 732.

334 1704 482 1737 met..
510 1702 631 1745 Eclog.
657 1701 717 1743 VI,
749 1702 828 1743 74„
854 1711 942 1744 quae
968 1702 1081 1735 attulit
1108 1701 1404 1735 BRoucKnusms.
1453 1702 1552 1736 Adde
1578 1704 1680 1738 Voss.

334 1769 377 1803 ad
402 1769 499 1810 virg.
525 1768 547 1802 l.
574 1768 631 1802 cit.
658 1771 692 1801 et
716 1767 750 1800 in
774 1765 889 1810 Epist.
915 1766 1061 1810 Mythol.
1086 1767 1114 1810 Ι,
1141 1770 1197 1800 33.
1224 1785 1269 1792 -
1307 1768 1438 1811 tulit,
1472 1769 1546 1802 scil.
1570 1774 1682 1814 utero,

334 1834 378 1869 cs.
416 1835 554 1867 Ius'rm.
590 1833 670 1875 XII,
697 1835 751 1867 16.
795 1834 906 1867 locum
944 1843 964 1866 a
1000 1832 1099 1866 nobis
1136 1843 1239 1877 supra
1275 1833 1448 1868 laudatum
1486 1835 1528 1869 ad
1566 1846 1597 1869 v.
1622 1839 1681 1871 26.

335 1901 412 1935 Non
448 1905 501 1934 est
533 1900 638 1942 igitur
670 1909 756 1943 opus
790 1902 829 1931 ut
863 1897 952 1930 tulit
978 1911 1011 1943 p.
1039 1899 1202 1943 protulit,
1241 1899 1349 1934 edidit
1383 1901 1604 1944 explicemus.
1635 1920 1681 1927 —-

336 1966 620 2001 liorrendave
655 1964 821 2007 Syrtis.
880 1964 994 1998 Etiam
1028 1964 1092 1999 hae
1125 1965 1285 2008 regiones
1318 1966 1454 2010 saepius
1489 1966 1522 1999 in
1555 1967 1682 2001 talibus

335 2036 586 2073 memorantur,
624 2030 667 2064 cf.
700 2030 864 2064 CATULL.
890 2030 984 2073 LXI,
1019 2033 1099 2064 156.
1140 2030 1246 2065 Ovm.
1281 2031 1367 2065 Met.
1401 2032 1496 2074 VIII,
1528 2035 1607 2066 120.
1632 2050 1680 2057 —-

336 2100 462 2133 duris
488 2109 569 2132 non
595 2097 858 2140 habitanda,
883 2098 942 2131 ubi
967 2098 1063 2132 locus
1088 2108 1155 2132 non
1181 2102 1234 2132 est
1257 2098 1361 2132 duris.
1388 2115 1432 2124 -υ
1467 2098 1509 2133 V.
1534 2101 1579 2132 93
1605 2110 1680 2142 sqq.

338 2165 429 2199 Male
455 2165 617 2199 BAcnms
642 2175 718 2198 cum
747 2164 874 2199 Vossxo
900 2162 971 2196 Secl
994 2165 1125 2208 recepit
1150 2174 1169 2198 e
1194 2163 1396 2207 quibusdam
1422 2162 1591 2197 inferioris
1617 2174 1682 2207 ge-

336 2232 426 2265 neris
452 2231 544 2264 libris
574 2229 723 2274 pr.·Et.
772 2230 848 2264 Nec
873 2231 1031 2264 convenit
1062 2229 1232 2273 Lygdami
1258 2230 1403 2264 orationi
1429 2228 1512 2263 haec
1538 2240 1680 2263 nervosa

337 2299 508 2341 repetitio.
533 2297 747 2340 -longe
778 2300 881 2330 ante
915 2297 1029 2330 alias
1062 2307 1216 2330 omnes
1251 2297 1496 2330 mitissima
1527 2300 1678 2330 mater.

336 2365 456 2408 Inepte
482 2364 652 2397 cumulata
678 2363 760 2398 llaec
787 2375 862 2398 esse
887 2364 1080 2398 observavit
1104 2368 1183 2402 ante
1210 2375 1269 2397 nos
1294 2363 1563 2404 ErcnsTAnms3
1602 2373 1678 2397 nam

336 2430 528 2465 sufficiebat
560 2440 683 2473 unum,
721 2431 826 2464 veluti
860 2431 1009 2465 Vmfflt..
1034 2430 1118 2463 Aen.
1144 2430 1171 2472 Ι,
1201 2432 1295 2463 347:
1331 2428 1520 2474 Pygmalio
1554 2428 1679 2461 scelere

336 2503 419 2530 aute
445 2496 535 2530 alios
558 2495 742 2530 immanior
766 2508 892 2534 omnes,
917 2500 951 2531 et
976 2497 1061 2530 infra
1086 2497 1148 2538 lv,
1178 2499 1233 2539 13,
1259 2499 1324 2530 16:
1363 2496 1463 2540 Quae
1489 2494 1565 2528 sola
1595 2501 1679 2528 ante

337 2563 427 2597 alios
449 2569 502 2597 es!
528 2562 614 2596 milti
640 2575 769 2609 magna
795 2563 886 2599 deos.
936 2564 1098 2598 Ceterum
1132 2570 1217 2596 aute
1251 2561 1344 2594 alias
1377 2574 1492 2595 omnes
1526 2562 1679 2606 intellige

336 2633 472 2665 matres.
532 2629 631 2675 Apud
657 2630 783 2664 Tibull.
809 2630 855 2673 ΙΙ,
880 2632 913 2674 4,
937 2632 1005 2664 24:
1049 2629 1121 2664 Sed
1148 2629 1266 2662 Venus
1301 2634 1383 2662 ante
1409 2628 1498 2662 alios
1523 2634 1576 2662 est
1602 2627 1678 2663 vio-
