1721 2953
298 108 372 145 142
600 103 969 146 COMMENTAR.
1002 108 1061 148 IN
1093 109 1321 150 TIBULLl

290 223 381 252 recte
410 218 559 252 iudicare
585 218 742 252 videntur
765 220 987 264 interpretes,
1024 222 1082 265 qui
1105 222 1184 256 nihil
1225 227 1346 258 mutari
1370 224 1498 258 volunt.
1549 225 1636 258 Con-

291 283 442 315 tribaere
466 286 537 317 est:
571 283 737 326 conferre,
764 286 982 328 confundere,
1008 289 1151 322 miscere
1177 300 1253 323 cum
1279 291 1366 333 aliis,
1391 292 1441 325 uti
1467 292 1635 335 civitates,

291 351 404 394 populi
431 350 689 382 contribuuntur
721 361 796 384 cum
831 352 906 386 aliis
932 357 969 386 ut
1003 354 1114 387 eidem
1140 356 1362 389 iurisdictioni
1385 358 1530 390 subiecti
1555 358 1634 400 siut,

290 417 393 449 veluti
420 417 562 449 CAESAR
589 417 632 450 de
659 417 737 450 bell.
764 420 827 452 civ.
853 419 881 461 l,
905 423 962 453 60.
988 421 1088 455 dicit:
1131 422 1421 468 Calagurritani,
1447 424 1507 469 qui
1531 430 1635 456 erant

288 494 365 514 cum
400 481 607 514 Oscensibus
642 483 846 516 contributi.
901 485 972 519 Iam
1006 487 1088 520 dicit
1122 488 1298 523 Tibullus:
1338 491 1493 534 proprios
1528 501 1633 523 auuos

287 553 400 581 tecum
425 549 652 592 confundere,
676 555 788 584 tecum
815 555 1063 588 communicare
1089 555 1199 590 velim.
1249 557 1522 590 constructionis
1546 559 1632 590 ratio

286 617 405 650 eadem
431 617 516 650 infra
542 618 601 660 lll,
627 621 660 660 3,
686 623 719 654 7.
752 620 785 653 in
812 621 940 654 verbis:
980 622 1050 656 Sed
1082 629 1196 655 tecum
1231 630 1273 656 ut
1307 624 1432 670 longae
1465 625 1632 658 sociarem

283 682 421 726 gaudia
454 683 569 720 vitae,
616 688 650 717 et
683 685 821 718 SssNssc.
855 685 965 729 Epist.
997 690 1038 721 3:
1088 689 1172 720 Cum
1212 688 1322 722 amico
1360 702 1474 723 onmes
1513 702 1631 727 curas,

285 761 400 782 omnes
435 749 667 795 cogitationes
702 757 786 784 tuas
821 753 945 790 misce,
982 759 1017 788 et
1050 756 1157 790 Ovm.
1185 757 1326 790 Heroid.
1352 758 1429 799 XV,
1458 760 1547 790 191:
1589 762 1629 788 at

284 825 419 863 quanto
452 818 575 850 melius
607 819 709 865 iungi
741 833 816 852 mea
835 828 983 865 pectora
1009 828 1135 857 tecam.
1160 842 1206 847 —
1246 825 1287 858 V.
1311 828 1356 857 65
1378 836 1428 867 sq.
1465 829 1630 858 natam-

283 895 368 926 que
403 888 519 917 tuam
553 888 594 917 te
633 890 822 929 propter
858 887 1023 920 amabo.
1082 888 1315 922 Honorificum
1349 890 1485 932 quidem
1517 890 1630 930 matri,

282 955 318 984 at
342 951 461 984 durum
489 952 621 995 puellae
647 952 807 994 verbum,
848 963 935 995 quae
966 963 1033 986 non
1067 955 1171 997 ipsius
1205 966 1307 988 causa
1341 956 1520 989 amabitur.
1577 958 1628 988 Ac

282 1018 368 1050 dixit
393 1019 514 1051 similia
539 1018 604 1050 iam
630 1029 733 1062 supra
758 1029 787 1051 v.
813 1022 892 1060 57„
930 1023 968 1051 ut
999 1019 1183 1053 identidem
1218 1025 1374 1064 repetere
1408 1032 1485 1054 eum
1511 1022 1627 1055 videas

280 1094 437 1116 severum
463 1083 600 1116 dictum·
624 1101 664 1107 ·-—
700 1084 926 1126 Quicquid
951 1086 1064 1127 agit,
1096 1089 1201 1121 recte,
1251 1086 1434 1131 Quidquid
1457 1093 1546 1132 agat
1572 1099 1628 1121 es-

280 1153 354 1183 set:
394 1149 556 1192 quidquid
582 1149 615 1181 in
641 1152 814 1192 posterum
840 1153 980 1192 peccet3
1016 1148 1080 1183 hoc
1105 1155 1220 1183 autem
1246 1156 1280 1185 et
1304 1162 1379 1185 cum
1405 1154 1627 1196 sequentibus

279 1219 430 1258 pugnat,
467 1225 530 1248 uec
563 1226 623 1258 per
652 1226 689 1248 se
723 1216 898 1259 probabile
933 1221 985 1250 est
1011 1217 1044 1250 id
1079 1220 1320 1262 permissurum
1348 1225 1484 1265 poetam
1510 1221 1625 1263 fuisse,

279 1281 369 1322 quod
396 1292 438 1314 ne
462 1282 562 1314 fieret
591 1285 699 1314 totum
735 1292 869 1315 carmen
903 1281 967 1316 hoe
1001 1285 1148 1332 scripsit3
1205 1287 1321 1319 Altera
1346 1297 1427 1319 vero
1454 1287 1555 1320 lectio
1581 1285 1623 1319 ad

278 1350 492 1389 praesentem
519 1347 692 1388 perfidiam
719 1349 876 1390 pertinet,
901 1359 1000 1391 quam
1027 1350 1220 1383 condonare
1247 1353 1328 1384 vult.
1348 1371 1395 1376 -—
1428 1353 1469 1386 V.
1495 1356 1540 1385 67
1566 1363 1619 1395 sq.

278 1412 347 1443 Sit
374 1411 497 1444 modo
534 1417 681 1453 casta,
716 1412 846 1453 doce,
881 1414 1024 1447 aliorum
1050 1419 1239 1448 amatorum
1265 1417 1424 1460 amplexu
1445 1417 1623 1459 abstineat,

278 1476 320 1509 cf.
346 1486 448 1518 supra
475 1476 502 1517 Ι,
535 1479 569 1517 3,
603 1479 660 1509 83.
710 1476 848 1510 Nexus:
897 1479 1028 1512 Amabo
1065 1485 1178 1514 natam
1216 1486 1307 1515 tuam
1345 1489 1485 1527 propter
1520 1488 1554 1517 te
1589 1489 1624 1518 et

277 1542 478 1575 condonabo
503 1542 678 1584 iniuriam,
721 1553 820 1584 quaxn
848 1554 936 1577 nuuc
962 1544 1042 1577 mihi
1068 1545 1170 1587 facit,
1208 1548 1236 1579 si
1261 1550 1447 1581 excluserit
1471 1555 1623 1583 amantes

276 1610 310 1642 iu
332 1614 505 1652 posterum
531 1609 616 1641 alios
642 1612 676 1642 et
701 1613 793 1641 casta
822 1608 932 1642 suerit.
983 1611 1182 1644 Castitatem
1207 1613 1295 1645 enim
1322 1615 1477 1656 postulo,
1503 1626 1622 1657 quam-

275 1674 325 1707 vis
350 1679 503 1707 matrona
528 1684 594 1706 uon
619 1673 674 1706 sit.
723 1672 808 1706 Erat
832 1674 929 1706 Delia
954 1685 996 1707 ex
1024 1686 1139 1708 earum
1165 1676 1364 1711 seminarum
1387 1681 1506 1721 classe,
1534 1692 1621 1723 quae

275 1739 387 1773 media
422 1741 508 1772 inter
541 1740 624 1772 viles
660 1740 857 1773 meretrices
895 1743 929 1772 et
962 1739 1172 1774 honesfiores
1198 1743 1346 1785 virgines
1380 1755 1420 1777 ac
1453 1750 1623 1780 matronas

275 1807 376 1839 cultis
401 1807 550 1840 moribus
577 1810 610 1838 et
635 1806 803 1848 elegantia
838 1808 979 1840 vestitus
1015 1808 1200 1850 liberioris,
1237 1810 1431 1844 nominatim
1458 1812 1538 1845 Cois
1562 1823 1621 1846 ve-

273 1872 391 1912 stibus,
417 1872 555 1904 tenebat
581 1872 787 1905 iuventutem
811 1872 1013 1906 Romanam.
1065 1874 1161 1908 Couf.
1188 1876 1420 1910 ssoETTIGnn.
1439 1879 1557 1912 Sabin.
1572 1879 1617 1921 ll,

273 1949 308 1981 p.
332 1940 413 1970 109.
462 1937 656 1970 Libertiuas
695 1938 821 1972 dicunt.
847 1956 892 1964 —
951 1941 1067 1973 vitta
1111 1943 1306 1975 matronalis
1351 1943 1555 1977 describitur
1599 1956 1619 1978 a

275 2006 516 2038 ssowrwmssno
547 2005 662 2037 Sabin.
689 2004 730 2038 T.
759 2005 787 2045 Ι,
823 2017 854 2048 p.
878 2009 956 2040 157.
990 2006 1075 2039 lbid.
1104 2007 1145 2040 T.
1175 2008 1219 2050 ll,
1246 2021 1278 2052 p.
1305 2012 1393 2051 117,
1429 2010 1471 2043 de
1498 2012 1617 2045 stola

273 2069 411 2102 dictum.
461 2069 545 2101 Erat
572 2071 682 2102 tunica
707 2081 784 2103 cum
810 2072 943 2114 instita,
979 2072 1125 2106 demissa
1150 2074 1193 2107 ad
1220 2075 1336 2118 pedes.
1373 2076 1514 2111 HonA'r.
1541 2078 1615 2111 Sat.

272 2135 299 2176 1,
324 2137 359 2175 2,
382 2137 439 2167 29.
475 2134 517 2167 de
544 2136 723 2179 matronis:
763 2148 912 2181 quartam
937 2136 1089 2170 subsuta
1114 2139 1208 2171 talus
1234 2147 1335 2185 tegat
1359 2140 1487 2173 instita
1512 2149 1617 2179 reste,

272 2202 329 2234 ubi
351 2201 393 2234 cf.
413 2201 622 2233 Hammone.
655 2203 698 2234 At
725 2202 954 2236 libertinarum
979 2205 1112 2237 tunicae
1138 2215 1203 2238 nou
1230 2207 1370 2240 multum
1396 2208 1483 2240 ultra
1504 2218 1615 2250 genua

272 2266 533 2299 descendebant.
593 2266 645 2298 Ad
683 2271 790 2299 totum
827 2278 907 2301 vero
943 2270 1053 2302 locum
1088 2270 1130 2302 cf.
1161 2271 1268 2306 Ovm.
1297 2274 1369 2307 Art.
1396 2275 1459 2307 Am
1496 2274 1523 2315 Ι,
1548 2277 1614 2306 31:

271 2334 358 2365 Iz'ste
377 2333 504 2375 procul
530 2333 642 2365 sillae
670 2341 801 2371 tenues,
828 2336 963 2381 insigne
982 2337 1142 2381 pudoris,
1177 2351 1335 2386 quaeque
1360 2341 1451 2386 tegis
1476 2341 1614 2377 medios,

270 2398 398 2431 instita
423 2398 538 2443 longa,
561 2400 677 2442 pedes.
729 2402 802 2433 Nos
832 2403 995 2434 Venerem
1029 2409 1148 2435 talam
1170 2415 1397 2450 concessaque
1414 2404 1526 2449 furta
1552 2417 1615 2437 cez-

270 2477 401 2500 nemuS.
452 2467 550 2501 Quae
577 2468 676 2499 etiam
703 2468 808 2502 Trist.
834 2469 880 2510 11,
904 2472 972 2502 247
998 2481 1070 2513 sqq.
1107 2470 1280 2503 habentur.
1331 2472 1496 2505 Similiter
1530 2472 1611 2506 dicit

269 2530 380 2574 Epist.
407 2541 448 2564 ex
474 2532 584 2564 Ponto
610 2533 671 2574 lli,
700 2538 732 2575 3,
759 2538 823 2568 49:
849 2536 924 2568 Scis
950 2543 1077 2572 tamen,
1103 2543 1144 2568 ut
1169 2536 1303 2581 liquido
1329 2537 1473 2571 iuratus
1500 2539 1611 2573 dicere

266 2595 399 2639 possis,
430 2607 496 2628 non
524 2608 573 2628 me
605 2597 777 2643 legitimos
803 2600 995 2634 sollicitare
1022 2607 1129 2635 loros.
1178 2601 1388 2646 Scripsimus
1413 2604 1499 2637 lmec
1521 2605 1613 2642 istis,
