1721 2953
229 141 282 175 28
538 135 906 179 COMMENTAR.
936 136 996 178 IN
1026 136 1252 178 TIBULLI

227 256 295 286 tem
322 253 400 286 L1v.
425 251 570 293 XXXV,
598 254 640 285 17
652 264 660 285 ε
698 250 857 284 Admissi
882 251 1006 296 plures
1033 252 1176 295 (legati)
1204 251 1284 284 dum
1311 262 1397 284 suus
1422 250 1568 297 quisque

226 331 317 352 nnnc
353 318 532 365 querelas,
569 330 661 351 nunc
696 318 997 362 expostulationes
1033 319 1179 356 inserit,
1216 325 1251 352 et
1289 329 1404 364 aequa
1438 317 1569 363 iniquis

226 384 366 416 miscent
380 405 387 419 ,
413 395 431 415 e
457 383 708 428 disceptatione
733 384 996 420 altercationem
1013 386 1196 432 fecerunt.
1246 385 1402 418 Habetur
1425 385 1471 418 ibi
1497 384 1570 417 dis-

225 449 389 491 ceptatio,
423 447 482 481 ubi
514 459 593 482 suas
627 449 770 493 quisque
795 451 986 493 legatorum
1013 452 1304 495 expostulationes
1330 455 1388 483 aut
1412 450 1569 492 querelas

224 514 334 547 infert.
383 513 510 548 ΤΑοΙΤ.
535 514 666 549 Histor.
697 516 725 557 I,
756 518 826 549 23:
874 515 1005 548 Studia
1043 515 1195 548 militum
1232 515 1302 548 iam
1334 514 1471 559 pridem
1509 525 1568 558 spe

222 578 450 612 successionis
473 585 540 611 aut
557 585 694 624 paratu
709 579 888 625 facinoris
904 580 1165 626 adfectaverut‚
1184 600 1223 606 -
1237 579 1570 614 —vetustissimum

223 654 390 689 quemque
415 644 564 676 militum
590 644 723 677 nomine
750 656 897 681 vocans,
930 656 973 677 ac
1005 645 1167 678 memoria
1193 645 1386 678 Neroniani
1419 645 1565 677 comita-

222 716 283 743 tus
308 710 573 744 contubernales
597 710 835 755 01³]›ellancl05
861 710 952 744 alios
976 722 1174 757 agnoscere,
1200 710 1369 756 quosdam
1394 710 1569 756 requirere

222 784 257 810 et
277 778 432 821 pecunia
455 784 522 810 aut
545 778 668 823 gratia
695 778 839 810 iuvare,-
869 777 1050 810 inserendo
1074 778 1217 822 saepius
1244 777 1404 822 querelas
1429 783 1464 809 et
1490 789 1566 809 ‹mz—

222 842 345 888 higuos
371 842 412 874 (Ie
433 841 547 875 Galba
568 854 749 879 sermones,
777 842 807 878 h.
830 854 859 877 e.
887 843 1117 885 immiscendo,
1143 843 1313 887 loquendo
1338 845 1426 877 iuter
1451 847 1566 877 cetera

219 909 303 950 ista,
341 919 430 951 quae
454 914 692 943 memorantur.
742 911 813 943 Iam
846 909 944 943 rixas
977 910 1126 942 inserere
1160 910 1286 944 dictum
1312 915 1364 944 est
1400 911 1566 951 absolute,

221 974 324 1007 credo
350 975 429 1018 quia
453 977 547 1018 rixa,
572 977 765 1020 ubieunque
789 978 917 1019 oritur,
951 977 1093 1010 infertur
1116 977 1190 1010 aliis
1217 978 1339 1019 rebus,
1365 978 1422 1010 alii
1447 978 1566 1010 condi-

220 1042 303 1074 tioni
329 1052 452 1075 rerum.
503 1042 797 1078 Quemadmodum
830 1043 936 1085 igitur
968 1043 1025 1085 qui
1060 1043 1148 1075 inter
1173 1042 1363 1075 convivium
1390 1042 1480 1075 rixas
1506 1052 1566 1076 oc-

221 1108 315 1151 cipit,
340 1109 458 1142 inserit
475 1108 576 1149 rixas,
601 1109 650 1141 sic
676 1109 732 1150 qui
759 1108 848 1141 vitae
874 1108 1059 1140 amatoriae
1085 1107 1175 1140 rixas
1199 1107 1310 1140 insert.
1360 1107 1567 1140 Germanice

220 1173 331 1208 dicas:
365 1173 477 1206 Streit
510 1173 731 1206 dazwisclzen
763 1173 919 1220 bringeri.
968 1174 1070 1210 Quod
1099 1185 1180 1207 sane
1206 1174 1295 1207 idem
1321 1178 1374 1207 est
1398 1173 1488 1216 quod
1513 1175 1566 1207 in-

220 1238 362 1281 choare,
400 1239 556 1283 occipere
582 1240 728 1273 omnino.
779 1240 879 1273 Aliud
905 1240 1051 1282 denique
1084 1244 1137 1273 est
1167 1240 1358 1275 innectere,
1397 1245 1434 1273 ut
1451 1240 1565 1284 fraus

219 1306 348 1338 innexa
375 1305 494 1338 clienti
524 1307 633 1340 VIRG.
662 1308 743 1340 Aen.
773 1307 831 1348 Vl,
858 1310 939 1341 609.
979 1319 1093 1340 moras
1119 1307 1290 1339 innectere
1317 1308 1429 1341 Smer.
1455 1306 1564 1341 Theb.

221 1372 263 1412 V,
290 1374 370 1405 743.
406 1382 535 1405 causas
559 1372 694 1405 innecte
721 1374 880 1405 morandi
915 1374 1023 1408 VIRG.
1052 1375 1134 1407 Aen.
1163 1375 1222 1416 IV,
1248 1377 1305 1408 51.
1341 1374 1432 1416 quod
1457 1379 1564 1408 artem

219 1439 407 1481 significat,
444 1440 548 1473 veluti
582 1450 644 1473 nos
677 1440 818 1473 dicimus
853 1440 1052 1476 anzetteln,
1090 1439 1285 1485 einsiideln.
1343 1440 1455 1482 Atque
1481 1439 1563 1473 llaec

219 1503 392 1539 hactenus
410 1521 450 1529 —
478 1506 548 1539 Sed
575 1507 716 1539 observa
737 1506 881 1549 denique
907 1508 1011 1540 totius
1033 1507 1098 1539 loci
1121 1517 1256 1539 suavem
1283 1507 1458 1539 rationem.
1508 1506 1563 1539 Ex

219 1570 387 1604 flebilibus
422 1571 530 1604 modis
565 1575 666 1614 poeta
698 1571 740 1604 ad
777 1573 915 1605 laetiora
954 1582 1109 1604 reversus
1145 1583 1252 1614 usque
1291 1572 1333 1603 ad
1372 1572 1563 1614 petulantes

217 1647 329 1670 mores
364 1638 452 1670 vitae
489 1638 672 1670 amatoriae
710 1638 948 1680 progreditur,
987 1641 1023 1669 ut
1063 1632 1213 1680 opponat
1249 1637 1388 1669 militiae
1422 1637 1564 1669 bellicae

218 1702 434 1743 amator-iam,
470 1702 750 1744 quemadmodum
785 1702 961 1744 sequentia
993 1702 1193 1739 ostendunt,
1231 1707 1265 1734 et
1292 1703 1340 1735 sic
1365 1702 1408 1735 ad
1434 1704 1562 1736 exitum

217 1767 305 1800 viam
337 1768 474 1800 muniat.
526 1768 686 1800 Ceterum
720 1767 762 1800 de
796 1768 914 1801 militia
949 1769 1112 1801 amatoria
1147 1768 1317 1810 integrum
1352 1779 1486 1801 carmen
1513 1774 1564 1802 est

221 1836 328 1868 Ovm.
356 1837 486 1868 Amorr.
515 1835 542 1876 Ι,
569 1838 620 1876 9.,
657 1835 748 1867 rixas
781 1845 862 1868 vero
896 1836 996 1868 etiam
1031 1836 1238 1868 necessarias
1275 1845 1350 1868 esse
1382 1836 1415 1868 in
1448 1846 1562 1868 amore

222 1902 367 1944 probare
393 1902 530 1934 student
553 1903 788 1935 Pnornmrms
814 1902 875 1944 ΙΙΙ,
900 1906 934 1937 8.
961 1906 994 1936 et
1020 1902 1206 1936 Luctmns
1232 1902 1266 1934 in
1291 1902 1424 1945 Dialog.
1451 1912 1562 1935 mere-

218 1966 293 2000 tric.
323 1977 371 2000 nr.
399 1970 432 1999 8.
459 1986 504 1990 ——

312 2033 352 2065 V.
379 2034 520 2066 75-s1n.
578 2032 751 2067 Exitus.
801 2034 939 2067 Redit
972 2035 1177 2067 ultimum
1215 2034 1435 2077 primaria
1468 2044 1560 2066 sen-

217 2099 365 2131 tentia
399 2099 612 2132 carminis
646 2104 690 2132 et
723 2099 897 2132 claudit
930 2104 1084 2133 totum.

312 2167 353 2200 V.
379 2169 435 2199 75.
486 2166 569 2200 Hic
595 2175 677 2209 ego
704 2167 788 2200 dux
815 2167 1038 2209 milesque
1064 2166 1216 2199 bonus.
1266 2167 1493 2199 Gnmrfflnos
1519 2165 1560 2197 ad

217 2235 374 2276 Propert.
392 2232 437 2274 ΙΙ,
454 2235 512 2274 22,
533 2235 589 2266 34.
614 2233 745 2267 confert
766 2233 1005 2266 Homericum:
1032 2229 1221 2278 α’,ιιφὸτερον
1240 2229 1400 2274 &aalide
1422 2229 1454 2264 τ’
1477 2229 1561 2273 ‹lya-

216 2295 283 2335 θὸς
303 2295 465 2343 κρατερός
485 2295 516 2330 τ’
535 2294 715 2342 αἰχμητής.
764 2298 835 2332 Iam
853 2300 974 2332 transit
995 2299 1037 2332 ad
1058 2300 1168 2332 finem.
1182 2318 1225 2323 --
1252 2300 1293 2332 V.
1308 2302 1362 2333 76.
1379 2298 1510 2342 cupid
1523 2299 1530 2329 i
1544 2308 1559 2330 s

220 2365 251 2398 1ι.
278 2375 307 2398 e.
344 2364 546 2398 divitiarum.
605 2365 714 2398 Porro
751 2369 828 2408 post
862 2366 892 2407 i,
932 2366 995 2398 ite
1028 2365 1163 2408 saepius
1198 2364 1384 2406 asyndeton
1420 2367 1560 2406 ponunt,

217 2431 395 2473 aliquoties
420 2431 596 2473 copulam,
635 2435 673 2464 ut
707 2431 833 2464 Graeci
867 2434 945 2475 post
980 2431 1054 2471 ἴθι,
1091 2431 1133 2463 cl.
1160 2429 1290 2462 Hnms.
1317 2428 1359 2461 ad
1385 2427 1558 2460 Claudian.

219 2496 261 2530 de
296 2497 400 2540 Rapt.
435 2496 595 2540 Proserp.
629 2497 655 2538 l,
681 2499 738 2530 92.
776 2497 1102 2531 thnnnmcnmm
1128 2496 1169 2528 ad
1196 2495 1226 2528 h.
1253 2496 1272 2527 l.
1301 2497 1335 2526 et
1359 2493 1559 2526 Lmnmm-

219 2573 296 2595 mm
332 2562 373 2595 ad
409 2563 567 2605 Propert.
604 2574 634 2605 p.
666 2564 744 2595 170.
806 2565 854 2596 Ac
889 2563 1010 2606 copula
1044 2562 1164 2595 melior
1198 2559 1331 2592 videtur
1361 2559 1417 2592 nbi
1453 2560 1558 2602 prima

218 2627 384 2660 sententia
411 2631 550 2670 propter
575 2627 755 2661 secundam
783 2628 934 2671 ponitur.
971 2628 1029 2661 ubi
1063 2636 1141 2660 vero
1176 2636 1215 2659 ea
1250 2636 1309 2669 per
1334 2636 1370 2659 se
1397 2630 1482 2664 stat,
1523 2631 1557 2658 ut
1585 2651 1588 2654 Α
