1721 2953
620 130 861 172 TIBULLI.
1387 148 1423 170 111

73 258 164 289 neat
199 261 284 288 cras
315 248 403 286 sore
432 245 590 284 melius.
649 244 840 284 Profecto
880 243 1107 284 insanabile
1139 244 1291 285 vulnus
1321 258 1420 297 pro-

69 326 127 366 dit
167 325 346 376 singulus
391 323 567 376 quisque
607 335 749 362 versus
790 322 832 361 in
876 322 939 361 his
974 321 1133 362 duabus
1176 323 1334 374 elegiis,
1376 338 1420 362 ac

66 412 176 457 patet
196 401 426 454 periturum
447 400 525 439 hoc
547 400 668 447 malo,
698 399 771 453 qui
794 399 849 438 sic
875 400 1050 438 laboret.
1106 397 1229 448 Quod
1251 400 1418 439 factum.

65 478 236 517 Minime
268 483 488 516 contemno
523 475 670 526 elegias
699 483 782 514 tres
815 474 859 513 in
888 474 1110 525 Nemesim,
1138 476 1264 515 immo
1296 474 1416 516 docui

61 553 263 606 poeticam
297 551 637 604 compositionem
677 564 819 589 earum
857 549 901 588 in
937 549 1319 591 Introductionibus
1351 566 1417 591 ac-

60 630 240 669 curatius
276 643 399 682 quam
431 628 510 679 alii,
542 635 582 667 at
613 641 773 667 summa
802 628 931 667 virtus
956 626 1214 666 TibuHianae
1243 640 1416 678 poeseos

59 709 99 745 in
142 706 278 757 elegiis
319 704 371 744 ad
404 705 566 744 Deliam
604 705 774 758 aliisque
811 702 1057 743 luculentius
1097 701 1358 753 conspicitur.
1379 698 1415 753 *)

167 785 389 835 Postquam
430 782 661 832 singulatim
704 780 882 820 diximus
924 779 973 819 de
1016 793 1093 819 usu
1123 779 1280 818 Tibulli
1318 793 1411 818 cum

62 858 179 896 Delia
210 866 249 896 et
282 857 460 905 Nenoesi,
490 871 599 896 nunc
627 856 677 895 ad
709 856 964 908 generaliora
993 857 1207 896 veniamus
1237 863 1277 895 et
1307 871 1412 909 quae

58 934 101 972 in
130 935 368 974 universum
397 933 603 973 monenda
632 942 788 973 restant
818 933 868 973 cle
898 934 1058 973 ratione
1083 934 1235 974 amoris
1266 934 1412 974 Tibul-

58 1009 156 1048 liani
195 1017 234 1048 et
269 1008 318 1048 de
352 1011 595 1051 tractatione
630 1011 874 1051 eroticarum
909 1025 1049 1050 rerum
1088 1011 1131 1050 in
1171 1011 1247 1050 hac
1281 1011 1410 1064 poesi,

58 1100 369 1140 persequamur.

171 1162 531 1212 Quemadmodum
571 1177 671 1203 rura
709 1163 887 1204 vidimus
924 1170 1097 1215 propter
1135 1163 1410 1215 tranquillita-

58 1248 140 1279 tem
171 1240 278 1280 vitae
319 1254 502 1279 securam
546 1248 586 1279 et
626 1241 894 1292 simplicitatis
935 1241 1091 1291 priscae
1122 1248 1323 1278 retentam
1355 1240 1409 1278 si-

56 1315 326 1354 militudinem
365 1315 526 1366 placere
569 1315 757 1362 Tibullo,
797 1315 853 1352 sic
893 1327 1011 1352 amor
1045 1313 1081 1352 ei
1115 1327 1275 1353 summa
1309 1315 1406 1352 har-

56 1391 194 1430 monia
227 1390 354 1429 animi
384 1390 638 1442 omninoque
663 1389 768 1428 vitae
798 1387 1037 1437 videbatur,
1069 1389 1146 1427 sibi
1175 1389 1264 1440 ipsa
1295 1389 1409 1427 suffi-

56 1469 164 1508 ciens
196 1482 330 1521 neque
361 1481 481 1519 egens
514 1466 665 1506 divitiis
705 1474 776 1504 aut
816 1465 1047 1504 honoribus
1077 1464 1128 1503 ad
1159 1464 1409 1509 felicitatem,

54 1546 244 1585 Profecto
276 1545 390 1583 cuius
422 1543 572 1588 animo·
599 1541 751 1581 rustica
788 1542 873 1580 vita
913 1548 997 1579 tam
1029 1554 1122 1579 cara
1154 1548 1261 1589 erat,
1300 1540 1334 1578 is
1364 1541 1407 1577 in

0 1620 1 1650 ἶ
55 1621 286 1672 puellarum
326 1634 401 1659 usu
445 1633 530 1659 non
564 1618 699 1671 potuit
734 1618 944 1657 lasciviam
975 1626 1013 1657 et
1043 1619 1306 1669 voluptatum
1337 1632 1409 1657 va-

0 1700 1 1740 }
55 1697 241 1734 rietatem
279 1709 355 1747 pro
396 1708 556 1734 summo
587 1695 700 1733 bono
731 1695 908 1743 habere,
945 1693 1018 1733 sed
1049 1707 1212 1732 necesse
1243 1701 1304 1733 est
1329 1694 1409 1734 alia

56 1772 180 1811 suerit
210 1785 305 1810 vera
336 1770 495 1810 indoles
525 1772 675 1809 amoris
708 1769 955 1817 Tibulliani‚
985 1770 1080 1806 licet
1109 1771 1159 1807 ab
1191 1782 1238 1806 ea
1264 1776 1407 1819 postea

55 1849 99 1888 in
131 1848 317 1887 Nemesis
350 1847 528 1886 maxime
569 1845 865 1885 consuetudine
905 1859 991 1884 nou
1025 1859 1097 1884 sua
1138 1845 1259 1896 culpa
1301 1859 1406 1885 non-

58 1925 160 1964 nihil
192 1923 418 1963 recesserit.
489 1924 547 1962 Ac
587 1924 708 1963 Musa
743 1923 854 1963 Albii
891 1921 1042 1976 pudica
1076 1932 1156 1963 est:
1198 1921 1407 1963 dominam

152 2146 185 2190 ‘)
212 2147 366 2190 Scriptas
391 2144 495 2179 credo
521 2145 649 2187 elegias
675 2145 821 2184 tertiam,
855 2148 1020 2185 quartam,
1046 2145 1177 2174 sextam
1207 2151 1250 2174 eo
1276 2142 1405 2178 ordine,

58 2218 125 2250 quo
152 2207 322 2249 leguntur.
381 2205 419 2237 In
445 2205 563 2245 tertia,
613 2207 650 2236 ut
685 2202 776 2235 aliud
811 2212 914 2245 supra
950 2200 1049 2234 dictis
1084 2200 1225 2241 addam,
1264 2200 1296 2233 in
1334 2201 1407 2234 bel-

57 2267 125 2300 lum
158 2266 206 2298 ire
241 2275 306 2298 non
342 2267 477 2297 recusat
511 2262 553 2296 ad
587 2261 790 2306 explendam
826 2260 983 2295 Nemesis
1022 2260 1196 2292 avaritiam
1223 2259 1315 2295 „iam
1348 2271 1407 2292 re-

57 2325 159 2358 uiant
189 2323 365 2368 praedae,
405 2322 436 2354 si
480 2323 596 2354 Venus
636 2326 738 2364 optat
780 2326 893 2365 opes.¹‘
951 2319 988 2352 In
1028 2323 1147 2361 quarta
1185 2328 1266 2352 vero
1307 2319 1408 2359 longe

59 2385 269 2428 desperatius
303 2382 422 2416 scribit
452 2382 612 2424 abreptus
645 2380 823 2424 impotenti
855 2380 998 2413 affectu:
1034 2379 1088 2411 At
1118 2377 1202 2410 mila·
1233 2389 1296 2422 per
1331 2389 1409 2409 cae-

60 2443 133 2476 dem
165 2450 199 2476 et
219 2442 372 2489 fucinus
397 2447 482 2474 sunt
508 2440 599 2473 dona
623 2438 787 2483 paranda
817 2455 857 2463 —
884 2439 965 2470 Aut
991 2438 1128 2481 rapiam
1153 2446 1323 2479 suspensa
1348 2448 1409 2467 sa-

61 2501 128 2534 cris
151 2501 305 2547 insignia
323 2500 430 2546 sanis
455 2504 541 2541 etc„
580 2503 615 2532 et
647 2502 817 2542 postremo
851 2495 957 2530 avitas
990 2496 1089 2530 sedes
1114 2506 1191 2529 suas
1218 2495 1337 2536 offert,
1372 2499 1409 2527 ut

61 2559 140 2594 dixi.
190 2562 349 2594 Ultimam
378 2570 457 2592 vero
483 2563 612 2592 sextam
639 2557 734 2598 dico,
765 2566 831 2599 qua
857 2554 937 2589 nihil
964 2555 1119 2590 flebilius.
1169 2555 1295 2588 Parum
1322 2563 1408 2585 nunc

62 2619 158 2652 abest
185 2621 264 2662 quin
288 2619 330 2652 de
355 2619 501 2652 finienda
526 2618 592 2651 vita
620 2616 759 2658 cogitet.

942 2680 1008 2718 (12
