1721 2953
607 88 849 130 TIBULLI.
1245 100 1402 125 cxxxm

61 202 298 257 Opponitnr
341 205 406 245 hic
453 199 680 243 secundum
728 199 931 240 distichon
979 199 1112 253 primo
1155 206 1192 238 et
1234 197 1399 237 tertium

59 289 230 333 quarto,
274 288 312 320 et
351 277 596 318 describitur
633 278 695 318 vis
733 290 850 329 sagae
887 290 963 328 per
1002 289 1151 328 supera
1192 281 1231 313 et
1268 272 1403 311 infera

56 357 147 397 loca
179 355 386 408 pertinens
427 353 588 394 duobus
620 353 790 406 paribus
822 351 1091 392 distichorum
1125 351 1201 399 sic,
1243 356 1288 388 ut
1317 346 1402 399 pri-

57 446 170 470 mum
192 444 364 482 superae
391 438 428 471 et
451 429 608 469 inferae
635 443 700 469 res
726 435 1038 480 componantur,
1067 424 1214 465 deinde
1236 424 1402 463 inverso

59 506 201 545 ordine
224 506 381 544 inferae
407 513 446 544 et
469 518 655 557 superae.
712 501 827 552 Quae
852 501 1071 542 admodum
1099 501 1234 540 suavis
1258 501 1405 538 forma.

57 581 286 620 Memoravi
314 582 424 620 hunc
453 580 590 620 locum
619 581 701 619 iam
730 593 874 631 supra,
906 592 998 617 cum
1027 577 1076 616 de
1107 575 1402 628 compositione

58 653 377 706 descriptionum
416 654 527 708 apud
562 655 776 695 Tibullum
811 653 1000 694 dicerem.
1067 650 1146 691 Sed
1187 664 1297 689 nunc
1331 651 1405 688 ob-

57 745 172 770 serva
203 731 324 770 etiam
353 731 397 769 in
426 731 525 784 ipsis
555 730 736 770 distichis
761 738 913 784 quanta
944 729 995 768 sit
1025 726 1275 765 concinnitas
1301 723 1404 765 divi-

56 806 233 844 sionum.
289 805 449 858 Nempe
487 804 657 859 propria
696 806 773 844 suit
803 805 968 843 Tibullo
1001 803 1101 840 haec
1140 802 1200 841 vis
1239 800 1403 852 ingenii,

56 889 100 919 ut
142 880 295 933 ubique
338 895 381 922 se
424 880 461 922 ei
503 881 723 921 divisiones
764 894 906 921 rerum
949 879 1110 926 faciles,
1165 875 1404 916 commodae

56 956 255 994 offerrent
277 963 316 994 et
339 956 446 995 hanc
465 957 642 996 formam
663 958 859 1010 pleraque
889 953 1025 994 onmia
1048 953 1269 1001 haberent,
1298 966 1403 1004 quae

56 1030 270 1081 cogitaret,
306 1029 417 1071 unde
449 1032 600 1071 sactum
631 1039 677 1071 ut
714 1030 917 1084 exquisita
945 1029 1100 1082 pariter
1130 1042 1175 1066 ac
1205 1026 1403 1079 simplicia

55 1103 95 1142 in
126 1105 204 1144 hoc
232 1119 379 1156 genere
410 1106 640 1146 felicissime
672 1114 886 1155 tractaret,
922 1102 1271 1158 quemadmodum
1302 1102 1406 1142 nihil

56 1187 115 1218 est
157 1181 235 1220 hoc
279 1181 372 1220 loco
418 1180 462 1219 in
508 1180 580 1220 tali
626 1194 772 1232 genere
818 1179 1124 1232 compositionis
1169 1178 1404 1230 perfectius.

54 1253 170 1293 Adde
199 1268 309 1293 nunc
336 1254 449 1309 quod
472 1254 517 1292 in
542 1254 797 1293 antecedenti
822 1253 950 1305 capite
981 1254 1132 1293 formas
1163 1252 1404 1304 descrIpt'io-

54 1342 174 1378 num,
204 1330 355 1381 quibus
383 1329 535 1368 referta
557 1328 713 1367 Tibulli
741 1327 876 1381 poesis
908 1336 987 1377 est,
1020 1327 1072 1366 ad
1100 1327 1401 1366 distinctionem

54 1412 284 1443 accuratam
313 1404 495 1456 partium
525 1404 760 1444 notavimus
788 1403 924 1445 redire
955 1417 1117 1453 omnes,
1153 1402 1257 1442 adde
1289 1402 1403 1455 quod

53 1479 270 1518 universae
301 1480 450 1530 elegiae
475 1479 733 1519 Tibullianae
765 1487 1011 1519 structuram
1039 1479 1117 1518 hac
1145 1479 1298 1519 virtute
1327 1478 1404 1517 niti

52 1552 253 1595 vidimus:
298 1554 448 1594 senties
478 1569 603 1594 unam
634 1554 890 1610 eandemque
919 1554 1074 1606 ingenii
1107 1554 1288 1607 artisque
1319 1553 1401 1593 vim

52 1629 267 1680 propriam
295 1637 534 1680 regnantem
564 1629 608 1669 in
638 1630 815 1669 minimis
847 1638 887 1671 et
918 1629 1107 1669 maximis
1141 1628 1403 1681 compositio-

54 1702 176 1741 nibus
205 1704 328 1742 huius
358 1718 546 1754 poeseos·
615 1705 750 1756 Atque
782 1706 882 1744 haec
913 1704 1070 1754 obiter3
1112 1705 1207 1743 satis
1237 1703 1323 1742 dixi
1353 1703 1401 1741 de

53 1777 267 1818 divisionis
311 1778 496 1817 artificio.
525 1798 581 1806 --
650 1777 770 1816 Addo
812 1777 991 1831 denique
1032 1777 1144 1817 aliud
1182 1778 1404 1816 consimile.

52 1851 244 1891 Vidimus
272 1860 317 1891 ut
344 1850 616 1892 divisionibus
645 1861 685 1891 et·
710 1852 806 1891 inde
834 1860 924 1891 orta
952 1853 1213 1905 oppositione
1239 1853 1402 1891 exsistat

54 1941 230 1968 nervosa
262 1927 463 1981 quaedam
493 1928 742 1967 concinnitas
769 1929 1073 1978 membrorum3
1106 1928 1271 1969 exsistet
1300 1942 1399 1968 vero

54 2002 195 2044 eadem
226 2004 347 2042 etiam
377 2003 464 2042 aliis
495 2004 826 2055 oppositionibus
855 2005 1159 2054 membrorum,
1198 2004 1399 2057 siquidem

52 2093 138 2118 non
166 2079 211 2118 in
239 2079 335 2118 solis
365 2077 636 2118 diviSionibus
665 2087 810 2129 regnat
837 2080 1057 2131 multiplex
1085 2081 1146 2119 vis
1177 2081 1403 2132 oppositio-

53 2155 138 2204 nis,
171 2153 243 2194 sed
273 2154 394 2192 etiam
422 2152 465 2191 in
497 2153 583 2193 aliis
614 2154 757 2193 formis
789 2155 986 2194 orationis
1017 2154 1073 2194 sic
1103 2155 1199 2207 fingi
1229 2167 1401 2208 possunt

53 2229 298 2278 sententiae,
330 2237 375 2267 ut
404 2242 602 2268 nervosae
631 2237 670 2268 et
699 2229 924 2269 concinnae
956 2231 1238 2282 oppositiones
1264 2231 1401 2270 orian-

52 2313 134 2344 tur.
189 2303 297 2344 Vide
328 2305 515 2356 exempla
529 2318 539 2343 ε

170 2397 345 2437 Ferreus
375 2398 444 2437 ille
474 2397 572 2448 suit,
614 2400 706 2450 qui,
746 2407 780 2437 te
811 2413 900 2437 cum
933 2406 1070 2450 posset
1100 2399 1273 2447 habere,

224 2474 420 2513 Maluerit
446 2473 614 2526 praedas
644 2475 793 2512 stultus
825 2482 863 2513 et
893 2488 1005 2513 arma
1035 2476 1164 2527 sequi.
