1721 2953
305 132 325 165 3
341 131 382 166 to
616 122 987 165 COMMENTAR.
1017 124 1074 164 IN
1108 124 1334 165 'l'lBULLl

303 241 455 274 domos-‚⁴⁶
503 240 688 273 Praeterea
718 240 911 284 vituperant
948 243 1059 275 locum
1095 242 1138 274 de
1173 242 1379 275 ornamentis
1413 242 1499 274 libri.
1550 243 1641 275 Pro-

302 306 391 338 fecto
424 304 456 336 in
490 303 680 338 huiusmodi
718 306 820 339 rebus
857 306 1092 341 descrihendis
1131 318 1298 350 nusquam
1333 308 1479 341 verbosa
1515 308 1645 341 Tibulli

301 372 364 405 snit
392 371 509 411 Musa,
533 369 586 403 hic
611 374 724 404 autem
751 376 854 415 poeta
879 374 1056 406 manifesto
1082 377 1171 406 amat
1195 374 1294 415 talia,
1320 379 1359 406 ut
1383 374 1496 406 monui
1522 374 1585 406 iam
1614 374 1646 406 in

300 438 544 471 Dissertatione
570 437 612 470 de
638 437 739 471 Poesi
769 438 907 472 Tibulli.
957 440 1079 483 Neque
1113 445 1226 473 tamen
1261 441 1421 473 continuo
1448 450 1644 484 perversum

300 507 370 545 est,
406 504 499 546 quod
534 503 663 537 recedit
695 514 715 536 a
748 514 842 537 more
867 505 1005 538 Tibulli.
1064 505 1111 538 Et
1135 517 1223 539 nunc
1249 506 1384 548 quidem
1410 505 1501 538 dicat
1524 505 1645 547 aliquis

300 579 369 601 rem
403 569 438 602 in
473 570 621 603 carmine
656 571 790 613 puellae
823 571 924 604 misso
960 570 1095 613 haberi,
1136 573 1265 616 puellas
1291 577 1403 605 autem
1438 581 1505 604 non
1539 572 1646 613 magis

300 637 410 669 verbis
436 641 470 670 et
494 637 670 670 sententiis·
697 638 859 671 delectari
893 649 994 682 quam
1029 637 1146 672 habitu
1180 640 1330 681 eleganti
1361 639 1535 671 librorum.
1594 640 1644 670 Ae

297 712 435 744 verum,
469 707 606 746 poetam
639 702 692 736 hic
717 704 852 746 quidem
879 715 944 737 non
971 704 1141 738 excedere
1167 704 1304 737 modum
1332 704 1364 736 in
1400 704 1640 746 descriptione.

298 769 369 802 Sed
390 769 608 813 reprehendis
630 771 722 813 quod
744 771 786 804 de
811 776 1015 815 argumento
1039 772 1116 805 libri
1139 772 1219 805 nihil
1246 772 1342 804 dixit.
1393 772 1483 804 Sane
1508 771 1643 813 ineptus

296 836 434 878 suisset,
470 837 497 869 si
529 838 563 870 in
596 841 669 870 toto
703 838 852 871 carmine
886 838 1020 871 nonnisi
1047 838 1089 871 de
1121 843 1244 871 ornatu
1277 838 1353 871 libri
1378 838 1512 869 locutus
1538 838 1644 876 esset,

295 905 408 935 tamen
434 913 523 936 nunc
547 903 704 936 mandata
730 903 852 937 blanda
879 905 965 938 libro
998 904 1113 938 addita
1139 904 1256 945 vides,
1290 903 1411 946 quibus
1437 913 1504 945 quo
1530 902 1641 934 animo

295 968 363 1010 legi
389 978 409 1000 a
435 968 546 1011 puella
571 969 720 1002 carmina
746 980 807 1002 sua
832 970 936 1012 velit,
962 971 1044 1003 satis
1069 970 1284 1013 significavit.
1333 968 1512 1003 Praestitit
1535 968 1643 1010 igitur

295 1036 361 1068 alio
396 1035 498 1069 modo
534 1036 626 1079 qnod
671 1038 844 1081 postulas,
880 1048 944 1071 nec
977 1037 1074 1071 deest
1110 1037 1294 1080 quidquam
1329 1036 1449 1069 unitati
1484 1034 1641 1078 poeticae

295 1101 462 1135 carminis.
511 1103 624 1145 Atque
651 1101 736 1136 haec
768 1102 941 1137 hactenus.
992 1103 1044 1136 De
1077 1103 1221 1145 singulis
1255 1100 1409 1135 distichis
1434 1101 1520 1134 infra
1546 1101 1644 1134 dice-

293 1178 389 1210 mus,
423 1179 511 1201 nunc
537 1169 579 1202 de
604 1172 677 1202 toto
706 1170 787 1212 quid
815 1169 958 1203 iudicari
982 1169 1109 1203 debeat
1143 1170 1377 1213 exposuimus.
1427 1168 1552 1201 Forma
1578 1179 1640 1201 au-

293 1237 361 1267 tem
390 1236 645 1279 compositionis
678 1235 762 1269 haec
795 1240 867 1269 est:
909 1239 988 1280 post
1024 1235 1263 1269 introitum
1301 1238 1491 1278 sequuntur
1525 1233 1642 1268 duae

293 1304 470 1343 partes,
508 1313 651 1344 quarum
677 1303 796 1335 ultima
826 1303 924 1335 simul
969 1302 1119 1335 exitus
1148 1302 1342 1334 continetur
1376 1300 1518 1342 elegiae.
1582 1300 1644 1332 Di-

291 1367 418 1399 rectior
442 1369 554 1400 exitus
577 1368 685 1409 abest,
710 1379 774 1401 nec
801 1378 887 1411 opus
913 1367 970 1400 hic
994 1368 1068 1402 tali.
1119 1367 1274 1402 Vidimus
1301 1371 1413 1399 tamen
1441 1367 1475 1399 in
1501 1366 1638 1399 Disser-

292 1433 420 1466 tatione
444 1432 582 1466 Tibullo
607 1434 795 1477 praemissa
821 1435 951 1466 alienos
981 1433 1166 1467 indirectos
1202 1434 1314 1467 exitus
1338 1432 1381 1466 ab
1407 1431 1504 1465 huius
1530 1432 1639 1476 poesi.

786 1762 1064 1804 EXPLICAT
1068 1762 1139 1804 10.

386 1945 427 1979 V.
462 1948 552 1979 1-6.
611 1943 855 1977 Introitus.
914 1943 1153 1977 Kalendae
1191 1943 1391 1976 Martiae
1431 1952 1526 1976 cum
1563 1941 1634 1974 ad-

291 2010 382 2043 sint
422 2010 637 2044 uxoribus
683 2014 727 2043 et
763 2010 941 2054 puellis
978 2019 1139 2043 sacrae
1177 2009 1437 2051 festaeque,
1483 2009 1638 2041 Musas

288 2082 420 2120 rogat
455 2088 636 2122 quonam
670 2076 839 2111 honore
876 2079 974 2121 ipse
1006 2077 1226 2110 Neaeram
1261 2075 1428 2108 donare
1457 2074 1633 2107 debeat.

385 2147 428 2178 V.
455 2149 472 2178 1
500 2156 573 2188 sqq.
625 2145 788 2178 Martis
823 2145 970 2178 festae
997 2145 1243 2178 Kalendae.
1292 2143 1402 2176 Erant
1427 2141 1490 2175 hae
1515 2152 1633 2174 sacrae

288 2211 408 2244 Iunoni
433 2213 669 2254 coniugiorum
695 2211 844 2255 praesidi
871 2215 905 2243 et
932 2211 1132 2244 colebantur
1159 2221 1178 2243 a
1208 2210 1370 2242 matronis
1396 2218 1519 2252 magna
1552 2208 1636 2240 reli-

290 2279 404 2321 gione,
426 2278 468 2311 cf.
497 2280 603 2312 Ovu).
631 2280 725 2312 Fast.
747 2279 809 2320 111,
833 2281 900 2312 170
924 2289 998 2321 sqq.
1024 2282 1059 2311 et
1084 2278 1287 2311 LAiumNUM
1314 2288 1355 2310 ac
1381 2276 1632 2309 TORRBNTIUM

291 2346 334 2379 ad
360 2346 480 2379 Horat.
508 2347 568 2388 Ill,
588 2351 629 2388 8,
655 2348 726 2380 init.
760 2347 850 2380 unde
885 2346 1130 2380 Matronalium
1161 2346 1297 2378 nomine
1332 2348 1410 2377 sunt
1435 2342 1627 2385 insignitae.

292 2416 475 2448 Praeterea
500 2426 579 2447 vero
604 2416 705 2448 etiam
732 2416 853 2460 puellis
880 2419 958 2448 sunt
983 2414 1091 2448 festae
1116 2413 1262 2455 habitae,
1287 2413 1329 2446 cf.
1358 2412 1443 2445 infra
1462 2411 1522 2450 lv,
1543 2412 1576 2450 2,
1602 2411 1632 2442 l.

292 2491 398 2522 qnae,
436 2484 472 2512 ut
497 2484 669 2513 niatronae
695 2492 714 2513 a
743 2481 893 2522 maritis,
928 2491 1069 2513 munera
1095 2491 1135 2513 eo
1162 2481 1215 2513 die
1240 2480 1282 2512 ab
1308 2477 1498 2511 amantibus
1523 2486 1627 2518 spon-

292 2547 405 2588 sisque
436 2546 669 2588 accipiebant,
707 2546 749 2579 cf.
785 2546 953 2579 Macrum.
989 2547 1127 2579 Satnrn.
1155 2546 1212 2586 Vl,
1242 2547 1272 2577 1.
1312 2544 1439 2577 luvnN.
1469 2543 1526 2583 lx,
1561 2546 1632 2583 52„

294 2622 354 2644 nec
390 2621 456 2645 non
491 2611 696 2654 interpretes
730 2612 773 2645 ad
810 2612 999 2646 Manum..
1037 2612 1078 2652 V,
1107 2612 1163 2652 84,
1202 2612 1254 2642 10.
1315 2607 1513 2641 Laudarnnt
1550 2606 1631 2640 hace
