1721 2953
519 173 662 213 LlssR.
694 173 766 212 IV.
826 172 993 213 CARM.
1021 175 1053 214 Ι.
1369 178 1447 216 407

112 289 210 324 Quae
244 298 319 321 cum
355 288 400 320 ita
433 287 519 329 sint,
558 286 740 331 probamus
772 284 913 320 HssYNn
948 287 1112 320 rationem
1145 296 1220 320 cum
1255 287 1380 321 Vossro
1415 293 1449 322 et

112 353 324 394 Husc1u<103
361 353 458 385 adest
494 353 629 396 quidem
662 363 750 386 nunc
784 352 949 394 digressio
982 354 1153 387 Messalae
1187 352 1276 386 laudi
1310 354 1447 395 inutilis,

109 418 170 452 sed
197 419 227 452 in
257 419 320 452 hoc
345 420 462 453 vitium
496 420 632 464 saepius
663 418 780 452 incidit
812 418 864 453 hic
896 425 1016 464 poeta,
1054 432 1129 455 cum
1162 425 1318 454 ornatum
1342 431 1447 464 quae—

110 489 209 518 reret.
259 484 443 519 Videamus
475 486 539 519 iam
568 486 711 528 singula.
761 485 814 518 De
842 488 1085 520 exercitatione
1111 487 1246 520 militari
1272 487 1449 520 Romano-

108 560 183 583 rum
215 551 287 592 egit
320 551 373 583 LE
408 551 510 584 Bfflu
543 552 575 584 in
601 551 695 584 Actis
721 550 828 583 Paris.
852 551 955 585 Acad.
982 553 1149 597 Inscriptt.
1186 552 1448 593 Tom.XXXV‚

109 627 185 659 pag.
209 618 279 650 246
303 628 376 660 sqq.
397 636 443 641 —-
499 616 729 650 tardamve
760 617 931 658 sudem,
967 617 996 650 h.
1023 629 1051 651 e.
1082 628 1232 661 gravem.
1292 618 1445 652 Exerce-

109 683 231 716 bantur
258 683 381 716 milites
413 683 554 716 sudibus
585 683 726 726 aliisque
759 683 941 715 missilibus
970 683 1131 716 iaciendis
1156 683 1199 716 ad
1230 683 1362 726 palum,
1401 682 1445 716 cf.

110 748 249 783 Vssess'r.
275 749 308 781 d.
329 749 371 782 R.
393 749 464 783 Mil.
484 748 511 791 I,
529 750 585 782 24.
644 748 721 781 Hoc
746 751 799 780 est
823 745 962 780 vibrare
986 747 1104 780 sudem
1129 749 1204 781 Su„
1232 748 1330 780 Imm.
1353 746 1446 787 VIII,

107 825 137 846 v.
153 817 232 848 552.
253 815 310 848 ubi
330 815 373 848 de
393 816 562 859 Scipionis
583 815 754 848 exercitiis
772 815 894 858 agitur.
913 833 958 839 -
1007 814 1289 859 perfregerit
1315 814 1448 847 obvia

106 879 212 922 pilo.
263 881 340 915 LIV.
364 881 424 922 IX,
448 883 511 914 19:
536 880 656 914 Pilum
680 879 782 912 haud
801 879 924 924 paullo
949 891 1054 924 quam
1081 880 1188 912 hasta
1212 878 1449 912 vehementius

104 944 179 977 ictu
203 944 379 990 missuque
401 945 521 978 telum.
541 964 585 970 —-
635 946 776 980 lento,
802 945 891 988 quod
917 945 1077 978 intortum
1098 945 1194 979 sedet
1217 955 1257 978 ac
1282 943 1447 977 tenaciter

105 1009 233 1045 haeret.
257 1029 303 1035 —
364 1012 406 1046 V.
429 1014 474 1045 91
500 1023 574 1055 sqq.
632 1012 717 1046 Cum
754 1013 856 1045 lectio
890 1013 935 1046 sit
967 1010 1148 1044 celeremue
1183 1017 1300 1045 arcto,
1342 1010 1447 1043 Imm

103 1077 244 1110 celerem
269 1084 411 1111 arctato
436 1080 674 1121 coniecerunt,
708 1079 799 1123 quod
827 1080 930 1122 vulgo
961 1082 1156 1122 receptum3
1193 1078 1446 1110 LAcHMANNUs

103 1153 179 1176 cum
215 1145 426 1177 AYRMANNO
461 1144 668 1190 celeremque
705 1145 875 1189 praefert,
920 1145 985 1178 nisi
1019 1148 1128 1178 totum
1166 1143 1364 1177 vocabulum
1402 1151 1446 1175 ex

105 1212 207 1242 v.89.
236 1208 300 1242 huc
325 1210 466 1244 venerit.
516 1210 593 1244 Hoc
619 1211 773 1243 ultimum
800 1220 861 1242 nos
886 1219 1003 1243 verum
1027 1209 1206 1250 habemus3
1234 1208 1361 1241 excidit
1384 1206 1446 1239 ad-

103 1275 262 1309 iectivum
296 1278 480 1319 genuinum
513 1277 615 1310 trium
649 1276 868 1319 syllabarum.
931 1276 1020 1310 Nam
1052 1287 1115 1310 nec
1148 1282 1288 1308 arctato
1321 1275 1446 1318 placet,

103 1353 164 1374 nec
191 1342 271 1375 ferri
303 1346 416 1386 potest
442 1341 670 1386 celeremque,
703 1352 779 1375 cum
804 1342 839 1375 in
863 1342 972 1375 altero
996 1346 1163 1376 commate
1187 1352 1253 1375 non
1278 1342 1322 1374 sit
1344 1349 1446 1384 prae-

99 1409 238 1441 missum
263 1407 387 1445 tardo,
420 1412 457 1440 ut
483 1407 630 1440 debebat
655 1409 727 1441 fieri
755 1419 799 1441 ex
824 1407 887 1441 hac
912 1409 1063 1451 ratione,
1099 1409 1202 1442 veluti
1228 1408 1342 1451 paullo
1367 1410 1446 1439 ante

98 1476 230 1509 vidisti:
269 1477 318 1507 Ut
337 1474 607 1520 facilisque
634 1474 708 1507 tuis
733 1474 857 1507 aditus
880 1473 928 1506 sit
951 1481 987 1506 et
1011 1474 1187 1506 arduas
1212 1471 1325 1513 lzosti,
1357 1470 1445 1504 adde

98 1541 224 1574 Tibuli.
249 1541 300 1583 ΙΙ,
325 1543 365 1583 4,
389 1544 448 1575 27.
506 1541 606 1574 Nunc
632 1541 805 1574 effusas
830 1541 975 1585 primum
1001 1541 1112 1574 locum
1137 1539 1314 1573 commatis
1337 1541 1442 1579 tenet,

98 1609 292 1651 oppositum
312 1607 394 1640 illud
413 1607 543 1640 verbis:
569 1608 669 1639 arcto
687 1618 898 1650 compescere
907 1606 1053 1650 fraeno.
1101 1606 1262 1638 Ceterum
1284 1612 1444 1646 compara

99 1675 211 1706 locum
244 1674 279 1715 1,
305 1675 347 1715 4,
375 1675 437 1706 11:
486 1672 558 1704 Hic
588 1671 726 1715 placet,
771 1671 937 1716 angustis
973 1671 1068 1717 quod
1097 1683 1224 1716 equum
1258 1667 1443 1713 compescit

98 1738 254 1772 habenis.
278 1757 322 1763 -
373 1739 413 1772 V.
439 1741 483 1772 93
509 1749 582 1781 sqq.
631 1739 670 1772 In
696 1738 807 1772 verbis
831 1739 915 1772 Seu
942 1737 1089 1771 libeat
1114 1737 1256 1770 observa
1280 1736 1442 1769 variatio-

97 1816 174 1839 nem
198 1806 360 1839 orationis
384 1810 517 1849 aptam,
543 1809 582 1838 ut
604 1806 687 1838 alias
709 1810 787 1849 post
810 1804 908 1837 modo
933 1805 1060 1847 legitur
1083 1803 1278 1839 interdum,
1305 1813 1441 1838 rursus,

97 1883 217 1916 saepe,
252 1883 364 1908 nunc,
401 1876 434 1904 et
462 1872 491 1904 si
516 1870 598 1913 quid
630 1869 722 1903 aliud
750 1874 802 1903 est
836 1868 1036 1903 huiusmodi.
1063 1887 1108 1894 —-
1157 1878 1281 1910 gyro.
1331 1867 1438 1901 Vides

98 1938 166 1971 duo
193 1937 355 1971 exercitia
383 1937 565 1978 distingui,
599 1936 740 1969 incitare
767 1945 890 1978 equum
917 1935 1046 1967 directo
1072 1944 1172 1967 cursu
1197 1934 1251 1966 vel
1284 1932 1441 1966 adductis

97 2005 223 2038 fraenis
248 2008 411 2037 retortum
437 2003 591 2037 breviore
616 2013 702 2045 gyro
728 2003 968 2045 circumagere.
1018 2001 1096 2035 Vox
1121 2002 1257 2045 propria
1282 2001 1315 2034 in
1343 2000 1439 2043 equi-

97 2072 245 2111 tatione,
284 2070 325 2103 cf.
352 2070 532 2103 HEYNIUM
559 2070 600 2103 ad
629 2069 660 2103 h.
686 2071 707 2104 1.
764 2070 834 2103 Pro
866 2067 1070 2101 contendere
1103 2072 1237 2108 autem,
1272 2065 1363 2109 quod
1389 2066 1440 2098 bis

96 2135 150 2170 hic
183 2137 249 2169 dici
282 2136 417 2178 nequit,
454 2135 674 2168 substitutum
700 2145 720 2167 a
745 2135 1003 2167 BRoncKmrsm
1032 2131 1230 2176 compellere
1263 2131 1350 2165 bene
1378 2141 1441 2164 ex-

97 2205 199 2247 plosit
223 2204 387 2244 Vossms‚
423 2202 512 2235 unde
547 2202 757 2235 Huscmuns
790 2211 867 2234 cum
893 2201 1029 2234 emmo
1062 2205 1259 2233 convertere
1291 2196 1439 2237 coniicit,

96 2280 294 2314 comparans
321 2270 398 2303 C1c.
426 2269 530 2303 Acad.
556 2269 608 2310 II,
633 2271 690 2300 20.
717 2268 759 2301 de
786 2268 981 2309 Cynosura:
1016 2267 1115 2311 Quae
1141 2277 1246 2298 cursa
1273 2262 1438 2295 interiore

97 2335 190 2369 brevi
222 2335 440 2368 convertitur
472 2333 561 2370 orbe.
611 2335 696 2368 Cum
727 2334 893 2368 exciderit
921 2344 1000 2367 vera
1032 2344 1118 2375 vox,
1155 2343 1222 2366 non
1254 2331 1438 2374 depravata

96 2405 139 2437 sit
163 2403 359 2445 scribendo,
395 2403 504 2447 possis
531 2404 633 2436 etiam
660 2402 842 2435 decurrere
867 2401 1125 2442 commendare,
1156 2405 1194 2434 ut
1221 2403 1272 2433 est
1296 2399 1435 2431 Coeum.

94 2469 147 2510 X,
172 2472 263 2502 225:
300 2470 360 2501 Me
395 2480 469 2500 mea
500 2467 652 2512 Calliope
687 2479 773 2499 cura
807 2466 934 2499 leviore
965 2472 1152 2511 vagantem
1178 2467 1257 2497 Iam
1295 2468 1436 2496 revocat

90 2546 270 2580 parvoque
302 2534 398 2567 iubet
425 2534 606 2566 decurrere
635 2546 736 2578 gyro.
799 2534 946 2566 Vossms
981 2532 1033 2566 hic
1066 2532 1270 2565 contendere
1302 2530 1437 2569 retinet,

96 2606 131 2635 et
156 2603 187 2634 in
219 2602 431 2635 antecedenti
465 2612 563 2635 versu
592 2600 785 2645 propellere
813 2599 969 2633 emendat
995 2609 1057 2643 pro
1084 2598 1307 2633 contendere,
1345 2594 1435 2637 quod

94 2671 207 2701 tamen
243 2667 449 2701 Huscnst
484 2671 598 2701 tuetur
631 2668 754 2700 collato
791 2668 934 2700 Ymcin.
966 2666 1049 2700 Aen.
1077 2665 1118 2707 V,
1140 2667 1230 2698 291:
1274 2663 1343 2694 llic
1376 2662 1437 2706 qui
1492 2704 1495 2706 -
