1721 2953
645 122 884 165 TIBULLI.
1344 137 1445 163 xxix

97 240 194 281 Non
221 240 363 280 melius
383 238 424 288 fi,
452 237 524 292 qui
550 245 690 279 contra
713 237 908 281 Ovidium
933 245 1115 278 statuunt
1134 239 1299 279 tertium
1326 253 1439 279 amor

95 332 184 358 rem
213 318 290 356 hoc
319 314 425 354 libro
458 329 482 354 a
510 314 677 355 Tibullo
713 322 939 365 cantatum,
987 323 1027 355 et
1057 316 1234 355 Bachius
1275 315 1441 370 quidem

98 402 189 433 ante
227 391 407 433 carmina
446 391 569 443 primi
601 390 698 430 libri
734 399 898 443 poetam
935 391 1024 431 vult
1062 390 1112 430 de
1141 392 1220 431 hoc
1251 392 1440 443 coniugio

97 469 312 520 cogitasse3
336 465 513 507 vidimus
544 474 681 505 autem
710 466 879 517 elegiam
904 464 1104 507 decimam
1130 466 1247 506 istius
1266 467 1363 506 libri
1389 469 1439 508 ab

95 544 350 585 adolescente
374 543 542 584 Tibullo
567 544 770 596 scriptam,
801 551 972 583 aetatem
1001 544 1219 584 militarem
1247 545 1443 596 ingresso,

96 627 190 661 ante
221 618 333 674 quod
361 627 522 672 tempus
550 631 655 671 puer
676 619 766 659 fuit.
824 619 936 658 Haec
968 627 1090 673 atque
1119 619 1217 658 talia
1245 620 1442 660 continuo

96 698 262 740 obiicias
289 698 356 747 iis,
403 697 476 751 qui
510 697 666 736 Tibulli
706 704 881 737 amatam
920 696 1062 736 dicunt
1097 696 1322 748 Neaeram3
1369 696 1442 737 sed

94 788 181 815 non
208 774 274 813 his
305 773 401 813 solis
434 786 503 813 eos
542 773 791 812 refutamus:
832 771 1071 823 gravissima
1102 781 1339 823 argumenta
1378 773 1442 812 os-

93 853 174 892 fert
203 850 489 891 dissimilitudo
527 851 742 890 manifesta
780 862 974 903 poeseos,
1021 850 1064 889 h.
1093 865 1127 890 e.
1168 849 1330 890 diversa
1368 848 1441 899 vis,

92 929 289 979 inventio,
316 929 570 982 compositio,
602 927 788 977 elocutio,
822 941 948 981 quam
968 941 1054 966 rem
1081 941 1155 979 ego
1181 927 1225 965 in
1254 928 1442 981 sequenti

95 1005 377 1046 dissertatione
412 1004 654 1056 explicatius
691 1017 941 1057 persequar,
986 1017 1111 1056 quam
1150 1011 1243 1042 ante
1276 1016 1342 1042 me
1383 1012 1443 1042 est

94 1081 259 1119 sactum.
316 1079 381 1119 Ibi
408 1079 532 1130 igitur
557 1080 686 1119 lector
719 1088 852 1118 cetera
880 1079 1063 1119 inveniet
1096 1077 1148 1117 ad
1178 1079 1284 1117 hanc
1314 1092 1442 1131 quae-

95 1156 269 1196 stionem
297 1155 557 1207 pertinentia.
625 1155 759 1207 Atque
803 1153 944 1193 eadem
973 1155 1073 1193 haec
1108 1168 1213 1207 quae
1243 1153 1330 1193 dixi
1360 1154 1441 1195 dis-

96 1231 266 1271 crimina
293 1229 563 1281 inventionis,
604 1230 931 1281 compositionis,
961 1230 1202 1269 elocutionis
1232 1230 1354 1269 etiam
1384 1231 1443 1269 al-

94 1308 170 1346 teri
209 1302 397 1358 opinioni
425 1306 586 1344 obstant
614 1304 770 1356 Vulpio
808 1313 846 1343 et
875 1305 1092 1345 Huschkio
1131 1307 1326 1358 placitae,
1368 1308 1440 1361 qui

93 1383 306 1423 Tibullum
338 1381 456 1420 amici
485 1379 697 1420 cuiusdam
725 1380 929 1433 Lygdami
965 1395 1124 1422 amores
1166 1382 1340 1422 credunt
1377 1383 1442 1424 his

94 1457 227 1512 elegiis
257 1459 463 1499 cecinisse.
520 1457 711 1497 Tibullus
741 1458 856 1498 nullo
893 1458 1017 1498 modo
1057 1467 1201 1500 auctor
1240 1473 1326 1499 esse
1366 1475 1442 1513 po-

94 1538 191 1586 tuit,
235 1534 438 1590 quidquid
475 1534 614 1586 fingas.
685 1532 809 1583 Quod
851 1549 945 1574 cum
986 1537 1157 1576 sentiret
1194 1538 1260 1579 vir
1298 1537 1441 1578 doctus

94 1612 275 1664 Oebeke,
305 1614 349 1652 in
375 1613 586 1666 gymnasio
616 1611 941 1665 Aquisgranensi
968 1613 1106 1653 literas
1137 1615 1327 1669 antiquas
1356 1624 1441 1656 tra-

94 1687 205 1738 dens,
234 1702 368 1740 nuper
392 1688 437 1726 in
465 1695 767 1739 programmate
796 1688 1036 1729 scholastico
1067 1704 1163 1730 ann.
1185 1695 1308 1730 1832.
1342 1706 1441 1743 pro-

94 1766 192 1803 bare
213 1762 370 1803 studuit
391 1762 577 1802 Cassium
597 1764 861 1801 Parmensem
884 1773 1092 1805 auctorem
1113 1767 1251 1806 fuisse.
1309 1768 1442 1816 Hunc,

96 1855 190 1881 nam
221 1840 428 1892 antiquior
458 1846 556 1888 erat,
586 1852 826 1890 expressum
852 1853 876 1877 a
900 1841 1068 1880 Tibullo
1093 1843 1230 1881 multis
1259 1843 1304 1881 in
1332 1845 1442 1892 locis,

97 1916 208 1972 quod
238 1916 388 1967 colligit
423 1929 475 1954 ex
500 1915 644 1954 Horat.
681 1915 810 1967 Epist.
840 1917 870 1965 I,
899 1918 936 1966 4,
968 1921 1006 1957 3.
1071 1920 1157 1958 Vix
1187 1928 1325 1960 tamen
1356 1923 1441 1961 cui-

95 2008 219 2048 quam
247 1994 354 2032 hanc
394 1990 633 2044 opinionem
672 1991 935 2043 persuaserit.
1001 1993 1060 2035 Ac
1095 1995 1278 2047 primum
1312 2005 1442 2036 mutat

93 2085 200 2112 vers.
230 2067 361 2123 Lygd.
390 2068 459 2117 III,
490 2070 527 2117 5,
559 2069 623 2106 18.
652 2066 732 2106 sic:

321 2143 427 2183 Cum
456 2142 575 2182 cessit
604 2142 688 2182 fato
719 2143 863 2182 consul
892 2150 1067 2198 uterque
1095 2146 1199 2198 pari,

92 2221 322 2273 intelligens
350 2233 504 2259 annum
535 2221 629 2257 671.
670 2219 720 2257 ab
758 2219 850 2257 urb.
881 2218 1000 2258 cond.
1033 2221 1104 2260 ubi
1137 2221 1189 2262 L.
1223 2222 1440 2265 Cornelius

95 2297 231 2350 Scipio
262 2305 302 2336 et
333 2295 379 2336 C.
398 2295 542 2334 Iunius
566 2294 789 2334 Norbanus
820 2294 934 2335 Coss.
960 2297 1083 2349 vique
1116 2307 1155 2337 et
1185 2298 1289 2339 dolis
1315 2304 1366 2341 ab
1396 2303 1442 2344 C.

72 2372 289 2417 ,Cornelio
319 2372 434 2412 Sulla
463 2372 502 2410 in
536 2371 693 2417 Italiam
721 2386 889 2412 reverso
923 2372 1092 2414 devicti:
1137 2375 1254 2415 illum
1284 2380 1438 2431 perfide

97 2446 322 2487 deseruisse
353 2447 579 2488 exercitum
608 2446 823 2498 largitione
855 2457 1112 2501 corruptum,
1141 2452 1251 2492 hunc
1280 2456 1439 2506 proelio

97 2523 367 2575 profligatum.
424 2524 514 2564 Hoc
554 2523 676 2575 igitur
711 2537 797 2563 esse
838 2525 967 2564 satum
1005 2540 1094 2578 par.
1159 2527 1239 2567 Sed
1272 2543 1323 2568 ne
1362 2531 1440 2568 alia

100 2613 328 2653 opponam,
374 2609 561 2654 apertum
598 2610 656 2641 est
686 2615 724 2642 v.
744 2601 874 2653 sillum
904 2602 959 2641 sic
989 2611 1028 2642 ct
1060 2604 1104 2643 in
1133 2604 1204 2643 tali
1233 2605 1439 2644 locutione
