1721 2953
516 179 659 219 LIBR.
691 178 763 218 lV.
823 177 991 220 CARM.
1022 180 1055 219 Ι.
1377 184 1457 221 4143

118 296 260 330 Honm.
287 293 398 338 Epod.
425 294 468 335 ΙΙ,
493 296 552 327 20.
578 310 622 316 —
660 291 802 334 Tyrio
836 293 1136 335 subtegmine.
1185 292 1250 326 Est
1273 291 1463 327 subtemen,

118 373 179 396 seu
213 366 250 394 ut
283 359 336 393 hic
363 364 397 393 et
429 359 511 392 alias
540 368 642 402 saepe
667 357 826 391 scribitur
851 359 882 389 in
908 358 1000 391 libris
1024 357 1247 403 subtegmen,
1281 368 1370 391 nunc
1396 370 1462 392 nou

117 431 158 461 ut
182 428 285 469 vulgo
313 425 403 468 quod
430 430 657 458 transversum
685 424 718 457 in
753 425 821 457 tela
846 424 908 457 sub
933 426 1075 459 stamine
1098 426 1226 458 texitur
1250 425 1363 465 filum,
1401 426 1462 458 sed

122 491 360 534 complectitur
385 491 550 535 ampliore
576 489 825 532 significatione
858 491 958 523 etiam
984 495 1135 533 stamen,
1170 495 1203 524 et
1228 495 1333 525 totam
1361 493 1463 525 telam

119 557 290 600 significat
321 568 348 590 s.
376 558 469 590 filum
494 560 696 600 utrumque,
735 560 773 590 ut
798 557 922 601 passim
947 558 1069 591 sactum
1096 559 1367 591 Foncnmumus
1399 557 1463 590 do-

121 627 189 660 cet.
239 625 297 658 Sic
332 625 473 658 VALER.
500 625 634 658 FLAoc.
660 624 789 666 Argon.
817 624 909 657 vm.
943 635 972 657 v.
998 627 1085 658 234:
1125 637 1240 657 croceo
1273 623 1463 657 subtemine

120 697 246 723 vestes.
298 691 389 723 Dicit
415 691 520 732 igitur
544 689 749 734 fulgentem
779 688 885 732 Tyrio
912 688 1101 722 subtemine
1127 695 1256 723 vestem
1283 694 1383 733 poeta
1408 693 1462 722 to-

121 766 199 798 gam
225 759 457 799 praetextam,
490 755 677 798 fulgentem
705 765 877 798 purpureo
904 755 1005 788 limbo
1030 756 1061 788 iu
1087 767 1167 797 ora3
1201 767 1277 788 nam
1304 760 1462 799 praetex-

118 824 210 862 tam,
247 831 314 854 non
340 830 544 864 purpuream
569 824 684 862 togam
714 819 930 861 cogitandam
966 821 1081 853 nescio
1110 832 1170 854 cur
1202 822 1372 855 Huxmus
1397 821 1462 854 du-

121 887 217 920 bitet.
242 905 288 913 -
325 887 502 919 fertilis
527 886 640 920 anni.
690 886 818 919 lterum
852 888 967 930 posuit
993 889 1090 931 epico
1119 900 1212 922 more
1237 900 1359 922 ornans
1387 891 1462 932 epi-

117 951 244 993 theton,
272 952 335 984 nisi
359 952 466 984 voluit
493 951 581 984 huuc
604 962 728 984 annum
755 952 919 995 imprimis
945 953 1090 987 fertilem
1117 954 1231 996 fuisse,
1257 959 1294 987 ut
1314 955 1461 988 Vossms

117 1019 218 1062 cepit.
269 1018 431 1051 Similiter
459 1021 570 1050 tamen
597 1028 698 1061 supra
731 1017 906 1061 secundos
940 1029 1051 1050 annos
1086 1018 1182 1053 dixit.
1208 1038 1253 1044 ——
1293 1020 1379 1054 Mox
1412 1021 1461 1052 li-

118 1083 290 1126 quidis,
326 1085 407 1117 licet
441 1087 475 1116 et
507 1085 615 1127 ipsum
651 1088 853 1127 perpetuum
889 1084 1084 1128 epitheton,
1124 1097 1190 1118 uon
1218 1091 1330 1119 tamen
1362 1087 1462 1130 plane

117 1151 264 1184 otiosum
290 1160 365 1183 esse
399 1150 545 1190 senties,
583 1149 642 1182 sed
679 1151 816 1193 placere
851 1151 1089 1194 amplificatam
1123 1152 1187 1184 rim
1222 1162 1349 1194 aquae,
1385 1163 1462 1185 cum

118 1218 200 1250 solis
226 1218 339 1260 fulgor
362 1221 537 1250 recreetur
561 1217 670 1250 undis.
695 1235 741 1242 —-
778 1217 874 1250 sera
900 1217 1163 1259 discordes,
1189 1223 1268 1262 apte
1293 1220 1462 1252 cumulata

121 1281 292 1326 epitheta,
336 1292 412 1315 cum
446 1282 593 1315 furorem
629 1285 829 1323 ventorum,
869 1283 978 1324 qualis
1013 1288 1092 1316 ante
1129 1295 1243 1317 mense
1283 1285 1461 1317 Decembri

120 1347 253 1388 fuerat,
289 1351 440 1390 opponat
464 1348 635 1389 praesenti
661 1347 780 1388 quieti.
832 1347 948 1382 Quare
972 1349 1072 1380 etiam
1098 1349 1345 1382 PassuRATms
1372 1356 1464 1382 errat

119 1412 294 1445 discordes
337 1411 391 1445 hic
426 1422 488 1455 pro
525 1417 666 1444 ornante
704 1412 854 1455 epitheto
899 1417 1066 1455 perpetuo
1107 1418 1284 1446 ventorum
1324 1413 1463 1455 habens,

119 1478 241 1520 quibus
275 1478 410 1511 omnino
443 1478 534 1511 nulla
562 1489 629 1521 pax
658 1479 805 1522 placeat.
855 1478 1027 1521 Loquitur
1052 1483 1154 1521 poeta
1181 1479 1223 1511 de
1250 1481 1463 1523 tempestati-

117 1542 181 1575 bus
200 1543 301 1576 modo
321 1542 523 1586 praeteritis,
549 1543 606 1575 ubi
632 1543 886 1586 proeliabantur
912 1553 1014 1586 saepe
1040 1544 1130 1576 venti
1154 1555 1268 1578 secum
1297 1546 1461 1588 (HORAT.

116 1609 144 1650 I,
169 1612 203 1650 9,
230 1610 318 1651 10.).
343 1627 390 1633 —
432 1609 684 1641 tenuerunt
722 1608 931 1650 flamina,
969 1609 1217 1652 cohibuerunt,
1255 1623 1294 1644 ac
1331 1613 1464 1645 confert

117 1673 536 1716 noscamus-Aristoph.
561 1672 765 1716 Thesmoph.
793 1676 857 1706 43:
892 1675 993 1714 ἐχέτω
1028 1675 1065 1706 δὲ
1098 1672 1203 1711 πνοάς
1236 1672 1374 1719 νήνεμος
1408 1691 1462 1708 w-

118 1736 188 1783 θὴρ
204 1763 212 1778 ,
243 1740 332 1777 κῦμα
356 1739 393 1770 δὲ
418 1735 542 1770 πόντοι»
566 1734 614 1782 μή
641 1738 833 1771 uel-adesto).
858 1757 904 1762 —
939 1739 1101 1781 Curva,
1128 1742 1231 1783 vulgo
1257 1747 1461 1785 perpetuum

118 1803 292 1848 epitheton
312 1809 450 1847 propter
469 1804 576 1836 flexus
597 1803 752 1836 sinuosos
775 1803 961 1845 fluminum,
988 1804 1032 1837 cf.
1054 1806 1167 1840 Vme.
1188 1808 1319 1849 Georg.
1342 1808 1385 1849 Π,
1407 1812 1461 1842 12.

118 1870 218 1904 Nunc
251 1870 428 1904 commode
462 1871 667 1914 oppositioni
701 1871 862 1912 inservit,
900 1872 1049 1914 positum
1083 1881 1158 1905 eam
1188 1872 1231 1905 ob
1266 1883 1401 1905 causam
1429 1874 1461 1906 in

119 1939 298 1981 principio.
332 1957 378 1962 —
430 1942 623 1980 egerunt
669 1941 881 1971 assuetos
929 1948 1105 1980 cursus,
1150 1949 1216 1971 non
1255 1940 1462 1982 impulerunt

118 2013 223 2044 aquas
255 2013 332 2035 suas
368 2007 434 2036 tam
470 2003 559 2044 cito,
598 2004 720 2036 lentius
746 2003 906 2036 fluebant.
950 2003 1058 2036 Ovm.
1087 2004 1220 2038 Amorr.
1246 2005 1308 2046 Ill,
1335 2009 1368 2046 6,
1395 2008 1461 2039 95:

117 2068 198 2100 Aut
225 2067 427 2101 lutulentus
461 2068 539 2100 anis
573 2067 725 2100 brumali
759 2074 910 2111 tempore
944 2079 1083 2101 cursus.
1123 2069 1310 2102 CALPURN.
1338 2069 1460 2112 Eclog.

483 2095 503 2114 b

115 2132 160 2174 II,
188 2136 253 2166 15:
278 2135 327 2165 Et
355 2139 495 2165 tenuere
520 2146 602 2165 suos
622 2133 857 2177 properantia
872 2133 1030 2176 flumina
1057 2146 1203 2175 cursus,
1230 2136 1320 2177 quod
1349 2141 1460 2169 tamen

118 2197 161 2230 de
185 2199 352 2231 stantibus
379 2203 431 2231 est
456 2199 562 2241 aquis.
587 2217 628 2222 —-
658 2197 855 2241 placidis
882 2199 1099 2231 constitit
1124 2188 1266 2234 undis.
1319 2201 1460 2234 Erimus

117 2273 171 2307 ap.
200 2264 352 2297 Macrob.
378 2266 514 2297 Saturn.
542 2265 601 2306 Vl,
626 2268 660 2297 2.
687 2269 903 2308 comparatus
928 2276 947 2298 a
974 2266 1138 2300 vomo:
1181 2267 1343 2299 Mundus
1370 2268 1460 2300 caela*

118 2337 245 2363 vastus
271 2331 429 2363 constitit
451 2332 602 2364 silentiu.
652 2334 973 2366 WuNnui-tmcmus
1001 2334 1099 2367 affert
1124 2335 1233 2368 Vme.
1261 2335 1345 2368 Aen.
1367 2336 1462 2375 vni,

116 2398 182 2428 87:
210 2397 325 2427 tacita
352 2396 537 2440 (Thybris)
564 2396 727 2430 substitit
756 2397 864 2430 unda.
889 2416 934 2421 —-
963 2399 1045 2431 Mox
1072 2399 1208 2432 Nulla
1235 2411 1340 2441 nec,
1371 2399 1401 2432 h.
1430 2412 1458 2433 e.

120 2466 154 2495 et
175 2463 286 2504 nulla,
312 2462 354 2495 cf.
382 2463 468 2495 infra
495 2473 524 2495 v.
552 2465 628 2496 164.
678 2464 717 2496 Si
743 2468 975 2497 construeres:
1002 2465 1092 2497 nulla
1117 2476 1180 2498 nec
1206 2466 1371 2507 volucris,
1397 2476 1460 2499 uec:

119 2529 332 2572 quadrupes,
367 2530 489 2572 copula
514 2530 603 2562 inter
626 2528 713 2563 hunc
738 2536 773 2564 et
799 2531 1057 2565 antecedentem
1085 2543 1219 2566 versum
1246 2533 1459 2566 desiderare-

118 2599 183 2629 tur.
232 2596 362 2630 Tamen
388 2596 451 2630 hoc
477 2598 557 2630 fecit
581 2598 755 2632 BAcuius.
803 2597 936 2631 Eodem
961 2599 1062 2631 modo
1096 2600 1333 2633 Pnommvms
1360 2600 1457 2640 dixit,

118 2664 161 2706 ll,
190 2667 243 2705 19,
268 2667 302 2698 5.
329 2684 375 2691 —
417 2666 527 2700 Porro
560 2667 711 2700 aerias
749 2667 872 2700 iterum
909 2666 1134 2711 oppositionis
1171 2678 1274 2703 causa
1308 2668 1459 2702 additum
