1721 2953
281 189 363 229 366
590 181 964 229 COMMENTAR.
990 186 1051 229 IN
1081 186 1311 230 TIBULLI

284 303 511 335 Gnnumnvs
537 297 764 343 comparavit,
791 300 966 338 Qnm'rn„
991 302 1178 339 Declamat.
1203 304 1266 341 Xl.
1291 318 1324 350 p.
1354 308 1441 342 156:
1476 307 1623 340 sacrile-

279 379 363 413 gum
389 364 553 398 continuo
567 365 769 409 flagrasset
793 363 1010 406 incendium,
1034 369 1095 403 sed
1121 372 1197 414 quis
1221 372 1380 416 probabit
1406 373 1621 416 Lygdamum

281 437 376 468 certo
400 432 446 464 ita
470 431 668 475 scripsisse,
703 441 779 465 cum
805 431 1027 467 Cuncrmns
1053 436 1291 471 nominativum
1317 438 1505 473 exhibent?
1555 440 1624 473 Ce-

280 504 390 534 terum
433 498 636 541 templorum
681 497 836 532 incendia
873 498 961 532 inter
998 499 1150 533 facinora
1191 503 1338 537 maxime
1378 505 1479 548 impia
1520 504 1625 539 fuisse

279 568 422 599 constat.
472 564 622 608 Collegit
647 565 740 598 locos
765 565 1126 600 Bnoucxnusms.—
1150 567 1271 602 facta
1296 569 1488 604 nefanda
1511 572 1625 605 Wun-

281 642 503 665 nnnmcnms
538 631 781 675 iuterpretatur
812 632 959 676 impetus
984 637 1215 675 grassatorum
1241 639 1276 668 et
1301 635 1490 678 latronum,
1530 648 1625 671 com-

278 709 400 743 parans
434 698 597 731 comm.
621 697 753 740 XXIII,
781 701 843 732 10:
881 710 951 731 non
983 698 1088 740 facta
1122 698 1232 744 impia
1265 712 1327 733 nec
1364 701 1459 734 dolos
1491 702 1625 738 veneni,

279 765 336 799 ubi
360 769 472 799 tamen
497 765 618 808 opinor
643 768 779 808 praeter
803 765 972 798 latronum
997 766 1132 810 rapinas
1159 767 1262 800 etiam
1295 767 1418 801 caedes
1444 772 1479 802 et
1503 770 1623 803 iucen—

278 834 335 868 dia
360 834 595 876 intelliguntur
627 837 662 867 et
694 833 859 876 quidquid
887 837 1067 877 praeterea
1094 835 1320 869 violentorum
1346 835 1533 871 facinorum
1559 837 1627 871 do-

279 900 320 933 lis
345 899 471 944 opponi
499 902 624 943 potest.
671 898 820 943 Explico
842 899 947 942 igitur
970 900 1020 933 sic
1047 900 1180 943 potius:
1207 901 1354 935 Omnino
1379 901 1461 936 nihil
1485 903 1625 937 nefandi

280 966 367 1008 seci3
404 966 525 1009 quibus
550 966 789 1010 complectitur
816 971 851 1001 et
884 966 1012 1000 claudit
1045 967 1320 1001 antecedentium
1346 978 1458 1002 rerum
1484 978 1626 1002 enume-

279 1033 465 1075 rationem,
491 1038 738 1067 memoraturus
761 1028 887 1068 'deinde
911 1035 1016 1068 verba
1042 1035 1166 1079 impia,
1191 1035 1292 1079 plane
1315 1038 1353 1068 ut
1377 1045 1479 1078 supra
1504 1035 1567 1076 ΙΙΙ,
1592 1037 1626 1076 4,

279 1101 335 1134 15.
361 1099 427 1133 sibi
451 1100 610 1144 opposuit
634 1098 736 1133 llaec:
763 1099 803 1132 Si
827 1110 904 1132 mea
928 1110 990 1131 nec
1016 1099 1115 1144 turpi
1139 1112 1234 1133 mens
1258 1105 1312 1132 est
1337 1098 1486 1133 obnoxia
1504 1099 1628 1145 facto,

278 1177 340 1198 nec
363 1164 469 1198 laesit
493 1176 639 1211 magnos
662 1164 770 1210 impia
793 1164 921 1212 lingua
948 1165 1040 1200 cleos.
1065 1185 1113 1191 —-
1146 1166 1186 1200 In
1211 1167 1451 1210 sequentibus:
1476 1167 1626 1210 iurgia

278 1234 463 1265 insanae
488 1232 650 1265 mentis
675 1231 765 1275 quod
788 1233 921 1275 attinet,
946 1232 1200 1267 LAchANNus
1225 1234 1267 1267 ad
1290 1235 1448 1278 Propert.
1469 1235 1497 1276 I,
1516 1237 1550 1277 3,
1572 1238 1627 1270 18.

279 1298 367 1331 bene
393 1302 569 1342 comparat
593 1298 800 1331 locutionem
826 1296 947 1342 iurgia
972 1297 1157 1333 saevitiae.
1206 1298 1296 1333 Nam
1328 1299 1523 1332 Tibulliaua
1559 1310 1628 1334 non

280 1367 333 1397 est
359 1365 498 1397 locutio.
546 1365 677 1397 Sensus
702 1375 804 1398 vero:
838 1375 949 1408 neque
975 1376 1041 1408 ego
1066 1366 1319 1399 criminationes
1345 1366 1466 1408 iratas,
1492 1366 1628 1400 insanas

280 1429 466 1472 meditans,
490 1430 594 1462 verba
618 1429 722 1473 impia
747 1429 780 1462 in
805 1429 888 1462 deos
913 1429 1004 1472 dixi,
1029 1429 1058 1462 si
1083 1430 1216 1463 adversi
1241 1430 1453 1463 videbantur.
1503 1430 1627 1464 Tibul-

280 1497 333 1530 lus
358 1496 402 1538 Il,
428 1498 461 1538 6,
488 1497 551 1528 182
576 1494 705 1527 insana
730 1500 843 1528 mente
867 1493 1027 1540 nefanda
1052 1493 1159 1541 loqui.
1181 1512 1228 1521 —
1266 1496 1377 1529 Porro
1400 1495 1627 1530 solvimus

281 1571 366 1596 ora.
415 1562 528 1605 Saepe
553 1559 615 1593 hac
640 1559 752 1604 phrasi
778 1559 943 1592 Ovmrmu
968 1569 1065 1593 usum
1090 1561 1252 1594 Vunpxns
1277 1564 1384 1602 notat,
1409 1560 1514 1593 veluti
1539 1561 1627 1595 Met.

279 1629 308 1672 Ι,
333 1631 414 1664 151.
463 1629 531 1662 Hic
564 1637 725 1671 compara
761 1626 926 1670 imprimis
952 1626 1037 1659 Met.
1060 1626 1121 1667 111,
1146 1628 1237 1659 261:
1278 1632 1355 1658 tum
1386 1626 1546 1672 lingnam
1580 1626 1631 1659 ad

279 1695 400 1741 iurgia
424 1693 544 1728 soh-it.
570 1711 615 1718 ——
654 1693 697 1728 V.
724 1694 768 1726 15
793 1703 869 1735 sqq.
917 1692 1083 1735 Sequitur
1107 1702 1195 1725 nuuc
1221 1691 1338 1725 altera
1364 1704 1492 1730 causa,
1523 1704 1629 1737 quare

277 1765 423 1796 mortem
456 1760 670 1804 deprecatur.
705 1777 752 1783 -
796 1758 990 1793 nondum
1024 1759 1120 1792 cani
1155 1760 1311 1802 nigros
1347 1760 1525 1794 laesere
1559 1772 1628 1795 ca-

278 1827 439 1871 pillos,
475 1824 506 1859 h.
533 1836 563 1859 e.
587 1824 735 1858 nondum
761 1825 837 1858 cani
862 1825 1006 1858 immixti
1029 1825 1165 1869 plurimi
1190 1825 1319 1868 nigris,
1351 1825 1412 1860 hos
1436 1831 1626 1872 turparunt,

281 1895 378 1928 Dixit
403 1894 507 1937 igitur
532 1891 669 1925 laedere
692 1892 802 1926 latiori
828 1903 940 1934 sensu,
966 1897 1000 1926 et
1025 1896 1201 1936 comparat
1224 1897 1304 1938 apte
1324 1894 1474 1928 Vossms
1495 1895 1626 1929 Lucan⁸

279 1961 322 2004 V,
348 1963 438 1994 456:
483 1959 620 1992 laesum
657 1956 747 1990 nube
785 1957 886 1992 diem.
951 1957 1174 2001 Excogitavit
1211 1962 1325 1992 autem
1367 1958 1452 1993 hauc
1490 1959 1626 2004 phrasin

280 2025 481 2069 Lygdamus
513 2028 655 2069 propter
680 2023 930 2067 oppositionem
958 2024 1132 2066 colorum,
1167 2035 1269 2068 quam
1295 2025 1352 2058 ubi
1378 2030 1492 2070 potest
1513 2026 1626 2063 insert.

279 2094 406 2127 Melius
439 2093 529 2127 idem
561 2093 796 2125 Pnommmus
833 2092 919 2126 dixit
952 2093 1015 2134 ΙΙΙ,
1050 2095 1084 2134 5,
1110 2094 1175 2127 242
1218 2093 1398 2137 Sparserit
1433 2099 1469 2125 et
1502 2093 1627 2138 nigras

280 2157 364 2192 alba
388 2164 530 2191 senecta
554 2169 688 2193 comas,
725 2161 784 2190 aut
818 2159 972 2191 Ovmms
998 2158 1102 2191 Trist.
1128 2157 1189 2200 lv,
1215 2160 1258 2191 8:
1294 2157 1417 2201 Inficit
1442 2163 1475 2189 et
1504 2158 1627 2204 nigras

280 2222 363 2257 alba
387 2229 529 2256 senecta
555 2234 690 2258 com-os,
716 2226 750 2256 et
774 2222 931 2256 Tibullus
955 2222 982 2264 I,
1007 2225 1041 2264 8,
1061 2225 1125 2255 42:
1153 2223 1238 2254 Cum
1261 2227 1365 2255 retus
1388 2221 1514 2268 infecit
1536 2234 1626 2255 cana

280 2295 420 2323 senecta
437 2293 557 2333 caput.
575 2307 622 2313 -—
648 2288 732 2321 Mox
754 2298 835 2321 cave
855 2288 975 2330 iungas
1001 2288 1125 2321 venit
1150 2287 1280 2321 tardo
1307 2286 1438 2331 pede,
1464 2292 1502 2320 ut
1522 2289 1626 2330 vulgo

279 2364 362 2388 sane
387 2353 529 2387 dicimus
554 2357 588 2386 et
608 2352 735 2386 dictum
761 2363 793 2387 v.
818 2363 848 2388 c.
875 2354 983 2386 ΟΠ».
1010 2353 1143 2387 Amorr.
1170 2353 1215 2394 ΙΙ,
1239 2356 1333 2395 670.,
1357 2353 1416 2386 sed
1443 2352 1507 2386 hoc
1531 2353 1622 2386 vult:

282 2419 427 2452 necdum
452 2419 545 2452 venit
569 2430 671 2452 curva
694 2424 852 2453 senectus
880 2420 976 2453 tardo
1003 2420 1091 2463 pede
1116 2419 1301 2462 incedens,
1339 2419 1621 2462 quemadmodum

283 2484 599 2518 Wunnnmacmns
625 2488 660 2518 et
686 2485 847 2518 memus
871 2488 1042 2519 notarunt.
1092 2484 1260 2528 Ambigue
1286 2484 1390 2517 multa
1415 2483 1501 2517 dixit
1526 2484 1625 2527 Ly„-

282 2549 411 2584 damus.
468 2550 578 2584 Porro
612 2554 706 2584 recte
742 2553 858 2584 monet
891 2551 1211 2585 thnuamcnms
1244 2560 1310 2584 non
1345 2560 1524 2594 personam
1559 2552 1626 2584 Se«

283 2620 415 2651 nectam
450 2616 686 2659 cogitandam3
722 2617 925 2660 intelligitur
958 2619 1072 2662 potius
1106 2618 1178 2661 ipsa
1213 2615 1441 2649 membrorum
1476 2617 1625 2658 gravitas

285 2683 410 2718 senilis.
482 2683 686 2726 Designatur
733 2682 786 2717 hic
828 2687 985 2718 senectus
1026 2693 1070 2716 ex
1118 2680 1241 2716 canitie
1291 2685 1326 2715 et
1370 2681 1542 2715 tarditate.
1581 2698 1626 2706 —-
