1721 2953
523 143 665 183 LIBR.
697 145 729 182 l.
786 142 944 182 ELEG.
973 144 1024 182 V.
1365 145 1444 180 123

103 262 258 304 luporum
283 269 403 293 saevae
425 257 601 292 voracitati
627 257 755 290 relicta.
806 255 968 289 Ceterum
995 255 1138 289 similem
1167 254 1290 288 famem
1316 253 1446 287 descri-

104 326 153 359 bit
183 326 354 359 Lucinas
377 324 438 366 Vl,
466 325 652 356 109-117.
677 340 724 346 —
772 322 812 356 V.
842 324 887 354 55
912 331 962 364 sq.
1014 321 1238 355 Continuatur
1262 320 1446 364 descriptio

104 393 223 426 summi
256 391 380 424 furoris
414 400 458 425 ex
491 389 592 423 fame.
642 389 770 422 Mentis
806 397 873 421 non
908 398 1068 431 compos,
1103 388 1172 429 ait,
1211 390 1325 420 currat
1356 386 1446 419 nuda

103 457 217 490 scissis
241 456 391 490 vestibus
425 466 487 500 per
521 455 624 488 urbes
656 455 832 497 ululetque
865 454 992 487 furiosa
1027 455 1059 488 in
1091 454 1230 489 modum
1262 454 1448 487 bestiarum

103 524 191 556 fame
216 523 418 565 furentium,
454 523 487 555 in
519 533 587 565 quo
612 521 788 566 turpitudo
818 522 993 564 inguinum
1022 525 1056 554 et
1081 521 1313 565 pudendorum
1338 519 1447 553 nuda-

104 594 213 624 torum
239 590 281 624 ad
306 590 534 634 impuritatem
561 589 718 623 lenocinii
745 589 913 633 pertinet3
950 588 1079 622 discant
1114 599 1230 622 omnes
1263 598 1363 630 quam
1396 587 1448 620 in-

104 656 226 690 famem
251 660 428 700 quaestum
459 656 652 689 exercuerit
683 654 822 695 mulier,
855 664 923 687 non
948 654 1018 687 veri
1042 655 1166 687 amoris
1191 653 1250 687 sed
1276 652 1449 686 libidinum

103 722 262 755 adiutrix.
288 740 334 746 —
376 723 487 756 Post
520 725 646 764 agat,
681 731 770 765 pone
802 731 883 754 vero
909 731 1056 763 sequeus
1082 724 1162 763 agat
1186 730 1205 753 e
1230 719 1390 752 triviis
1416 721 1450 751 et

105 791 328 831 persequatur
354 791 398 821 tu
410 789 486 821 rba
519 799 699 831 canum,
733 792 771 822 ut
807 788 909 822 etiam
941 788 1094 821 Hecatae
1121 797 1260 819 coenam
1286 787 1331 818 ibi
1357 785 1450 829 posi-

106 858 173 886 tam
199 855 367 897 attingere
401 858 557 897 nequeat.
609 853 753 887 Constat
779 854 867 886 enim
892 849 1035 896 Ἑκάτης
1063 853 1198 884 δεῖπνον
1222 851 1364 893 singulis
1387 860 1451 883 no-

108 919 241 952 viluniis
268 931 286 953 a
314 920 492 953 ditioribus
516 920 550 953 in
575 930 673 953 usum
709 930 893 964 pauperum
919 919 952 951 in
980 918 1086 951 triviis
1111 918 1191 961 poni
1215 917 1373 957 solitum,
1408 915 1451 949 cf.

105 985 367 1021 HHMSTERHUS.
395 986 437 1019 ad
463 987 604 1020 anian.
625 987 759 1028 Dialog.
780 987 948 1020 Mortuor.
968 986 995 1028 I,
1013 988 1058 1026 1.,
1083 995 1146 1018 nec
1170 994 1236 1017 non
1261 983 1452 1027 iuterprett.

105 1050 146 1083 ad
181 1052 380 1085 Ams'ror‘fl.
414 1052 504 1085 Plut.
539 1054 621 1086 596.
661 1063 737 1085 cum
772 1051 920 1085 Scholiis
955 1055 990 1084 et
1023 1050 1065 1084 ad
1100 1051 1268 1084 ParmoN.
1307 1060 1336 1082 e.
1371 1051 1451 1082 135.

107 1120 267 1152 Ceterum
293 1125 377 1163 post
403 1124 474 1153 est:
501 1131 520 1152 a
545 1123 666 1162 tergo,
691 1123 729 1152 ut
754 1119 781 1160 l,
806 1121 861 1160 10,
886 1120 943 1152 24.
993 1117 1090 1151 Adde
1115 1118 1455 1150 WUNDERmcan.

108 1189 219 1230 Atque
254 1187 300 1220 ita
333 1187 504 1231 explicitis
538 1187 680 1230 singulis
714 1186 808 1220 vides
843 1185 1028 1230 perfectam
1054 1186 1219 1218 unitatem
1245 1185 1311 1217 loci
1336 1185 1452 1221 totius,

107 1254 139 1285 in
166 1263 232 1296 quo
258 1255 284 1286 si
309 1252 455 1286 foeditas
479 1263 592 1287 rernm
627 1253 687 1286 tibi
713 1252 942 1296 displicuerit,
981 1251 1175 1284 memineris
1200 1250 1453 1294 imprecationis

109 1329 270 1352 nervosae
295 1330 396 1352 causa
422 1320 534 1352 omnia
559 1318 644 1359 dici,
678 1328 765 1360 quae
789 1317 889 1350 etiam
915 1317 997 1349 alias
1023 1316 1135 1358 turpia
1161 1315 1309 1355 invexit,
1335 1315 1380 1348 cf.
1408 1315 1451 1347 ad

109 1386 136 1427 Ι,
163 1389 195 1428 9,
220 1389 266 1419 52
291 1396 364 1428 sqq.
413 1386 592 1418 Summum
617 1388 732 1417 autem
763 1384 940 1417 consilium
975 1386 1098 1426 poetae
1132 1392 1197 1415 non
1231 1381 1295 1414 hoc
1323 1385 1454 1415 tantum

107 1454 180 1495 suit,
212 1457 250 1485 ut
274 1454 356 1486 iram
382 1453 414 1485 in
440 1452 550 1485 lenam
577 1456 760 1493 evomeret,
788 1452 848 1485 sed
874 1450 979 1484 voluit
1006 1449 1103 1482 simul
1130 1447 1295 1481 indirecte
1321 1449 1451 1481 Deliam

108 1528 251 1551 avocare
283 1520 317 1551 et
343 1517 518 1550 deterrere
543 1528 563 1550 a
589 1516 782 1561 praeceptis
811 1516 977 1549 scelestae
1011 1514 1180 1556 mulieris,
1216 1513 1312 1547 cuius
1347 1514 1455 1557 turpi-

107 1583 257 1616 tudinem
290 1583 590 1627 imprecationibus
624 1568 832 1624 gravissimis
864 1581 1055 1614 luculenter
1088 1580 1284 1613 declaravit.
1341 1580 1455 1621 Atque

110 1649 173 1683 lioc
197 1650 310 1683 statim
337 1661 356 1683 e
387 1650 608 1692 sequentibus
633 1649 753 1682 discas.
777 1666 824 1673 —-
861 1649 901 1682 V.
927 1651 973 1681 57
1000 1658 1050 1690 sq.
1077 1647 1151 1680 dat
1177 1647 1310 1689 signa
1335 1646 1456 1679 deuS.

109 1715 273 1756 Intelligit
296 1724 419 1755 omen,
446 1713 536 1756 quod
561 1714 624 1746 sibi
648 1713 780 1746 videtur
802 1713 988 1756 accepisse.
1039 1711 1129 1744 Dicit
1151 1716 1267 1744 autem
1293 1710 1357 1744 hoc
1383 1721 1456 1743 ma·-

110 1780 232 1813 nil'esto
267 1779 310 1813 ad
345 1779 537 1813 terrendam
575 1779 719 1813 Deliam.
782 1777 867 1811 Mox
901 1778 1068 1810 relicta
1102 1777 1249 1810 Venus
1283 1776 1457 1810 iniusta

111 1848 214 1889 lege
248 1850 300 1880 est
336 1857 412 1880 cum
447 1847 611 1879 alteruter
647 1847 830 1879 amantium
866 1846 1009 1878 alterum
1046 1844 1174 1888 perfide
1208 1843 1378 1885 deseruit,
1418 1848 1456 1877 ut

112 1923 199 1946 nnnc
226 1913 324 1945 Delia
349 1912 543 1953 Tibullum,
578 1915 613 1944 et
645 1911 793 1944 saevit
828 1914 878 1943 est
905 1921 954 1953 pr.
984 1920 1110 1953 poenas
1135 1909 1248 1942 sumit.
1297 1909 1343 1942 Et
1369 1919 1456 1942 nunc

111 1978 246 2021 quidem
273 1977 418 2021 primum
442 1988 524 2010 sane
551 1978 625 2010 lena
660 1977 816 2020 punietur
850 1975 1010 2019 perfidiae
1038 1979 1178 2016 auctor,
1217 1975 1338 2009 deinde
1363 1986 1456 2016 vero,

112 2045 176 2078 hoc
201 2045 288 2077 enim
314 2045 412 2077 simul
437 2044 566 2086 innuit,
601 2045 703 2077 etiam
730 2044 848 2084 Delia,
885 2043 948 2075 nisi
974 2053 1073 2085 quam
1101 2043 1245 2086 primum
1269 2041 1312 2075 ad
1338 2042 1457 2074 melio-

112 2121 182 2143 rem
209 2110 342 2152 frugem
366 2110 515 2142 redierit.
573 2109 659 2145 Quis
693 2110 782 2142 enim
817 2109 883 2141 iam
918 2119 984 2141 non
1016 2108 1121 2141 sentit
1154 2106 1234 2150 quid
1268 2107 1377 2139 subsit
1409 2105 1458 2138 liis

113 2176 243 2216 verbis,
282 2185 349 2218 quo
374 2175 514 2209 tendant
540 2176 680 2209 omnia?
729 2176 936 2209 Observabis
964 2179 1077 2208 autem
1104 2175 1260 2208 eximiam
1286 2173 1459 2207 lenitatem

114 2246 236 2286 poetae
259 2243 421 2281 amantis,
456 2243 513 2285 qui
539 2244 647 2287 parcit
672 2248 834 2286 quantum
864 2246 978 2286 potest
1003 2252 1064 2286 per
1090 2246 1200 2274 totum
1223 2241 1334 2274 locum
1360 2240 1461 2284 puel-

115 2308 167 2340 lae
193 2309 396 2342 carissimae.
447 2309 574 2342 Gravia
600 2308 702 2350 dicit,
728 2307 787 2342 sed
813 2319 880 2341 nou
905 2308 1045 2341 directis
1069 2306 1181 2339 verbis
1209 2306 1355 2348 castigat
1379 2315 1459 2349 per-

115 2373 229 2407 fidiam
253 2374 339 2415 eius,
373 2374 579 2418 imprecatur
603 2373 712 2415 lenae,
745 2373 875 2406 nuntiat
903 2373 986 2406 iram
1012 2372 1166 2411 Veneris,
1191 2372 1323 2405 Deliam
1350 2372 1458 2415 ipsam

116 2441 263 2474 nondum
298 2441 502 2483 nominavit,
540 2445 680 2485 propter
705 2451 805 2483 quam
841 2440 922 2473 haec
959 2440 1048 2473 dicta
1074 2443 1151 2473 sunt
1176 2438 1332 2472 maxime.
1382 2439 1458 2471 Hoc

117 2511 169 2540 est
204 2507 389 2549 indirecte,
429 2512 518 2541 tecte
552 2508 735 2541 admonere
769 2512 802 2541 et
837 2511 947 2541 tamen
983 2506 1142 2549 graviter.
1167 2524 1213 2529 -—
1250 2505 1292 2538 V.
1318 2507 1375 2538 59.
1401 2506 1458 2535 60.

120 2585 138 2616 p
153 2566 373 2617 raecepta
390 2586 536 2617 sagae.
587 2575 684 2608 Talia
712 2575 860 2608 invenies
883 2573 972 2617 apud
991 2574 1176 2607 Pnopssnrr.
1198 2571 1257 2612 IV,
1277 2573 1310 2611 5,
1329 2573 1369 2602 21
1388 2580 1459 2612 sqq.

120 2638 197 2672 Noli
221 2640 345 2682 igitur,
372 2641 439 2682 ait,
470 2641 589 2675 divites
614 2647 784 2676 amatores
813 2640 996 2684 praeferre.
1018 2659 1061 2665 -
1097 2649 1189 2672 nam
1216 2637 1343 2669 donis
1372 2646 1382 2666 x
1401 2635 1459 2666 in-
