1721 2953
448 186 590 227 LIBR.
619 187 651 226 Ι.
708 185 867 228 ELEG.
896 189 929 228 Ι.
1316 195 1360 229 ll

118 306 285 339 V.7-24.
331 304 480 338 Prima
514 315 616 348 pars
650 304 785 339 medii
819 306 1041 339 carminis.
1097 306 1158 338 De
1193 305 1365 349 planta-

23 371 148 403 tione
185 371 343 404 vitium
376 369 683 412 arborumque
717 373 760 402 et
793 367 843 402 de
875 371 1000 403 cultu
1031 370 1212 403 deorum
1244 369 1365 412 agri-

23 438 236 470 colurum.

118 503 158 537 V,
178 506 211 536 7.
260 502 384 546 Ipse,
410 512 476 535 non
500 513 621 536 usurus
644 512 818 536 servorum
844 513 959 546 opera.
1009 502 1173 536 Similiter
1196 502 1366 535 Pnopnn-

24 578 104 600 'rius
133 567 196 609 111,
225 569 281 609 17,
310 570 365 600 15.
391 583 435 593 —-·
476 568 517 602 V.
540 571 573 600 8.
608 568 810 611 grandia.
861 569 1009 602 Vossms
1037 570 1124 602 male
1154 567 1283 600 eximia
1314 568 1366 600 in-

26 636 251 677 terpretatur3
288 634 391 666 immo
419 637 600 666 teneras
633 634 752 666 vites
778 637 813 666 et
837 634 1026 675 grandia
1050 645 1179 678 poma
1203 644 1280 666 cum
1305 643 1367 676 op-

25 699 193 743 positione
228 698 454 742 epithetorum
489 698 588 731 dixit.
637 699 695 731 Fit
720 702 834 731 autem
861 699 1007 733 alacrior
1032 703 1066 732 et
1091 699 1266 732 nervosior
1290 708 1369 730 ora-

23 766 70 798 tio
107 766 379 809 oppositionibus
413 765 538 798 talibus
576 763 825 809 epithetorum,
863 776 950 807 quae
985 766 1129 798 maxime
1168 765 1370 798 conveniunt

22 830 130 874 vigori
151 831 352 865 elocutionis
377 831 600 865 Tibullianae.
651 833 767 867 Quare
790 832 918 865 errabis
945 832 971 865 si
995 833 1075 864 talia
1100 832 1209 864 otiosa
1231 829 1368 871 habeas,

23 901 81 930 aut
116 897 220 930 solius
245 900 382 930 ornatus
408 907 508 929 causa
543 897 672 940 posita3
713 898 808 941 epica
832 899 886 931 vel
912 898 1048 931 ubertas
1073 899 1126 931 vel
1151 897 1370 940 magnificen-

23 963 69 995 tia
104 961 328 1005 epitlietorum
363 967 604 1007 perpetuorum
639 964 749 997 aliena
783 968 836 997 est
869 965 911 998 ab
946 963 996 997 his
1031 965 1244 997 carminibus.
1296 963 1367 997 Sed

22 1040 130 1073 pergo
164 1029 207 1063 ad
243 1034 368 1064 cetera.
426 1031 464 1064 In
498 1032 612 1075 priore
647 1042 746 1065 versu
779 1031 906 1065 adiecit
937 1035 1116 1065 maturo
1153 1033 1368 1074 tempore,

24 1096 101 1138 quia
126 1094 191 1129 hoc
222 1095 255 1129 in
289 1096 413 1129 vitibus
447 1096 600 1130 serendis
632 1097 778 1131 maxime
805 1108 910 1141 opus,
942 1097 1022 1130 licet
1046 1098 1146 1130 etiam
1173 1107 1274 1140 poma
1300 1106 1367 1129 non

23 1160 142 1202 quovis
166 1164 322 1203 tempore
346 1161 560 1204 plantentur3
589 1161 623 1194 in
647 1162 756 1194 altero
779 1166 892 1195 autem
918 1162 1050 1196 facili
1073 1173 1202 1195 manu
1226 1161 1367 1204 addidit,

22 1226 171 1258 suaviter
195 1226 296 1258 etiam
322 1224 386 1259 hoc
415 1226 524 1270 pomis
550 1227 733 1268 grandibus
758 1228 1031 1269 accommodans,
1055 1227 1211 1271 quoniam
1236 1227 1371 1261 facilem

21 1302 156 1324 manum
195 1292 315 1324 melius
351 1292 384 1324 in
422 1291 606 1325 maioribus
643 1291 831 1325 laudaveris
864 1303 965 1335 quam
999 1294 1032 1326 in
1067 1293 1250 1326 levioribus
1289 1291 1371 1334 (mit

22 1358 258 1403 ‚Leichligkeit
292 1358 381 1390 lzolze
409 1357 677 1401 Obststiimme).
735 1359 813 1392 Hoc
844 1370 946 1392 sensu
980 1360 1134 1392 Ovmms
1170 1361 1300 1393 Amorr.
1326 1358 1371 1400 II,

22 1427 78 1465 16,
104 1427 161 1456 30.
188 1423 293 1457 dixit:
335 1425 480 1467 Corpore
505 1435 567 1455 nos
586 1422 699 1467 facili
723 1423 824 1455 dulce
842 1423 1006 1470 feremus
1030 1437 1138 1460 onus,
1174 1435 1218 1458 ne
1241 1424 1371 1458 adscri-

21 1492 97 1524 bam
132 1495 268 1532 cetera,
306 1501 392 1533 quae
427 1490 660 1524 BunMANNus
690 1491 791 1524 affert
827 1490 868 1524 ad
908 1490 1008 1524 Ovid.
1035 1492 1110 1524 Art.
1134 1490 1209 1524 Am.
1236 1491 1264 1532 I,
1291 1492 1371 1524 160.

20 1559 146 1592 Errant
181 1558 286 1600 igitur
322 1559 379 1601 qui
416 1558 608 1602 explicant:
647 1558 770 1591 solerti
803 1557 996 1592 industria.
1030 1576 1075 1583 —
1118 1559 1160 1592 V.
1196 1561 1229 1592 9.
1278 1557 1371 1592 Nec

21 1635 126 1668 spes
150 1623 397 1657 destituat.
447 1624 597 1657 Verbum
623 1634 689 1656 non
714 1628 766 1657 est
789 1624 949 1667 optantis,
978 1625 1168 1668 precantis,
1203 1624 1263 1657 sed
1289 1634 1370 1668 spe-

20 1690 146 1731 rantis,
183 1693 343 1723 monente
374 1689 566 1722 Huscmuo
602 1694 721 1723 contra
755 1693 899 1723 ceteros.
949 1690 1060 1723 Porro
1092 1700 1216 1734 spem
1250 1700 1372 1723 censor

19 1756 171 1788 lenensis
209 1755 374 1788 Huschkii
412 1757 432 1789 l.
462 1757 518 1789 cit.
555 1768 587 1799 p.
622 1759 701 1790 187.
736 1762 948 1800 proventum
983 1763 1162 1800 speratum
1201 1757 1371 1799 intelligit,

19 1822 141 1855 collato
167 1821 365 1854 Boanum.
392 1820 434 1853 ad
462 1821 619 1863 Propert.
645 1820 690 1861 ΙΙ,
718 1823 747 1856 1,
772 1823 829 1853 73.
863 1824 900 1853 ut
924 1832 1001 1864 spes
1025 1820 1111 1853 anni
1134 1832 1237 1865 saepe
1262 1832 1365 1855 voca-

18 1891 74 1920 tur
98 1897 197 1929 seges
234 1887 359 1929 (Ovm.
387 1886 473 1919 Met.
498 1886 576 1927 XV,
604 1886 715 1929 113.).
765 1888 877 1929 Atque
905 1885 968 1919 lioc
996 1888 1096 1920 etiam
1122 1887 1284 1920 BAcmus
1311 1897 1368 1921 se-

18 1953 142 1995 quitur.
192 1952 262 1986 Sed
289 1963 424 1985 causam
457 1952 613 1995 equidem
643 1963 709 1986 non
744 1953 861 1994 video,
894 1964 999 1996 quare
1035 1958 1205 1986 contemta
1231 1954 1368 1998 propria

18 2020 214 2052 nervosiore
249 2019 496 2061 significatione
522 2019 761 2061 metonymiam
787 2019 961 2063 praeferre
987 2018 1181 2052 debeamus.
1232 2019 1366 2062 Nempe

18 2086 75 2128 qui
101 2085 245 2129 primum
273 2086 356 2127 legit
386 2085 508 2118 verba:
549 2097 628 2119 nec
662 2096 769 2130 spes
803 2086 1059 2127 destituat,
1091 2085 1217 2128 accipit
1242 2095 1282 2118 ea
1306 2095 1367 2118 ne-

18 2151 168 2184 cessario
198 2151 355 2195 proprie,
388 2151 492 2184 veluti
519 2161 595 2184 cum
622 2151 749 2183 Lrvms
775 2150 803 2192 J,
830 2152 887 2183 41.
917 2150 1018 2183 dicit:
1056 2149 1163 2182 sinzul
1188 2161 1278 2195 quae
1304 2161 1366 2182 cu-

19 2216 132 2249 rando
157 2216 297 2250 vulneri
322 2229 409 2261 opus
433 2224 536 2254 sunl,
574 2223 748 2263 tanquam
772 2229 850 2261 spes
875 2216 1054 2260 subesset,
1084 2217 1204 2250 sedule
1229 2229 1368 2261 compa-

18 2288 96 2325 rat,
121 2281 227 2315 simul
251 2282 282 2315 si
308 2282 484 2316 destituat
509 2295 609 2328 spes,
632 2283 707 2315 alia
730 2284 913 2328 praesidia
937 2284 1093 2317 molitur.
1141 2285 1227 2318 Cum
1253 2289 1367 2318 autem

19 2349 92 2391 spei
121 2348 251 2381 indoles
278 2348 362 2382 haec
387 2350 450 2391 sit,
487 2354 524 2382 ut
558 2351 614 2393 qui
645 2351 687 2384 de
716 2350 779 2384 hoc
807 2362 908 2385 sensu
943 2351 1072 2385 diceret
1106 2351 1195 2395 apud
1220 2356 1367 2393 vetere5‚

20 2416 179 2449 continuo
210 2420 328 2460 posset
366 2417 466 2449 etiam
494 2416 536 2450 de
563 2428 707 2461 persona
732 2419 803 2462 Spe
830 2419 943 2461 loqui,
981 2419 1140 2461 quoniam
1176 2418 1285 2452 vivida
1317 2419 1366 2452 vis

21 2482 287 2524 exspectationis
321 2483 493 2516 excitabat
527 2483 683 2518 facillime
717 2485 802 2518 deae
827 2485 1067 2527 cogitationem
1094 2486 1128 2518 in
1153 2496 1269 2519 eorum
1296 2486 1369 2519 ani—

21 2548 103 2588 mis,
135 2549 416 2590 quemadmodum
450 2552 537 2584 aliae
573 2553 699 2585 multae
731 2553 922 2585 abstractae
954 2553 1108 2585 notiones
1139 2553 1188 2585 sic
1221 2552 1254 2585 iu
1285 2552 1367 2584 deas

22 2616 169 2646 mutatae
194 2619 291 2657 sunt,
316 2626 404 2650 nunc
429 2618 529 2651 etiam
557 2619 684 2652 Tibulli
711 2617 885 2662 phantasia
911 2620 1070 2653 continuo
1095 2631 1114 2652 a
1141 2629 1176 2652 re
1201 2618 1244 2651 ad
1270 2618 1366 2651 deam

22 2680 159 2718 transit,
194 2690 256 2712 nec
289 2682 470 2726 quidquam
504 2684 578 2718 miri
611 2686 642 2718 in
678 2684 741 2720 hoc
778 2687 928 2720 transitu.
990 2687 1095 2721 Plaue
1121 2686 1240 2721 eodem
1268 2685 1367 2719 modo
