<?xml version="1.0" encoding="UTF-8"?>
<!DOCTYPE html PUBLIC "-//W3C//DTD XHTML 1.0 Transitional//EN"
    "http://www.w3.org/TR/xhtml1/DTD/xhtml1-transitional.dtd">
<html xmlns="http://www.w3.org/1999/xhtml" xml:lang="en" lang="en">
 <head>
  <title>
</title>
<meta http-equiv="Content-Type" content="text/html;charset=utf-8" />
  <meta name='ocr-system' content='tesseract 3.04.00' />
  <meta name='ocr-capabilities' content='ocr_page ocr_carea ocr_par ocr_line ocrx_word'/>
</head>
<body>
  <div class='ocr_page' id='page_1' title='image "./carminaexrecensi00tibuuoft_0710.png"; bbox 0 0 1721 2953; ppageno 0'>
   <div class='ocr_carea' id='block_1_1' title="bbox 287 152 1320 198">
    <p class='ocr_par' dir='ltr' id='par_1_1' title="bbox 287 152 1320 198">
     <span class='ocr_line' id='line_1_1' title="bbox 287 152 1320 198; baseline 0.004 -4"><span class='ocrx_word' id='word_1_1' title='bbox 287 159 366 194; x_wconf 67' lang='grc'>354</span> <span class='ocrx_word' id='word_1_2' title='bbox 605 152 974 197; x_wconf 87' lang='lat' dir='ltr'>COMMENTAR.</span> <span class='ocrx_word' id='word_1_3' title='bbox 1004 157 1061 197; x_wconf 78' lang='lat' dir='ltr'>IN</span> <span class='ocrx_word' id='word_1_4' title='bbox 1092 157 1320 198; x_wconf 84' lang='lat' dir='ltr'><strong>TIBULLI</strong></span> 
     </span>
    </p>
   </div>
   <div class='ocr_carea' id='block_1_2' title="bbox 286 267 1639 2683">
    <p class='ocr_par' dir='ltr' id='par_1_2' title="bbox 287 267 1632 712">
     <span class='ocr_line' id='line_1_2' title="bbox 290 267 1630 314; baseline 0.003 -12"><span class='ocrx_word' id='word_1_5' title='bbox 290 271 392 303; x_wconf 69' lang='lat' dir='ltr'>tantis</span> <span class='ocrx_word' id='word_1_6' title='bbox 427 267 616 313; x_wconf 76' lang='lat' dir='ltr'>praeconiis</span> <span class='ocrx_word' id='word_1_7' title='bbox 645 276 711 299; x_wconf 90' lang='lat' dir='ltr'>non</span> <span class='ocrx_word' id='word_1_8' title='bbox 747 277 822 301; x_wconf 85' lang='lat' dir='ltr'>esse</span> <span class='ocrx_word' id='word_1_9' title='bbox 857 280 992 312; x_wconf 88' lang='lat' dir='ltr'>parem,</span> <span class='ocrx_word' id='word_1_10' title='bbox 1029 269 1196 314; x_wconf 84' lang='lat' dir='ltr'>promittit</span> <span class='ocrx_word' id='word_1_11' title='bbox 1231 275 1341 304; x_wconf 83' lang='lat' dir='ltr'>tamen</span> <span class='ocrx_word' id='word_1_12' title='bbox 1378 272 1457 305; x_wconf 86' lang='lat' dir='ltr'>licet</span> <span class='ocrx_word' id='word_1_13' title='bbox 1489 272 1630 306; x_wconf 78' lang='lat' dir='ltr'>adversa</span> 
     </span>
     <span class='ocr_line' id='line_1_3' title="bbox 289 336 1630 382; baseline 0.002 -13"><span class='ocrx_word' id='word_1_14' title='bbox 289 338 420 369; x_wconf 70' lang='lat' dir='ltr'>fortuna</span> <span class='ocrx_word' id='word_1_15' title='bbox 447 336 604 376; x_wconf 79' lang='lat' dir='ltr'>afflictus,</span> <span class='ocrx_word' id='word_1_16' title='bbox 630 338 747 377; x_wconf 81' lang='lat' dir='ltr'>erepta</span> <span class='ocrx_word' id='word_1_17' title='bbox 775 344 898 377; x_wconf 88' lang='lat' dir='ltr'>magna</span> <span class='ocrx_word' id='word_1_18' title='bbox 925 341 1021 378; x_wconf 81' lang='lat' dir='ltr'>parte</span> <span class='ocrx_word' id='word_1_19' title='bbox 1049 337 1178 380; x_wconf 85' lang='lat' dir='ltr'>praedii</span> <span class='ocrx_word' id='word_1_20' title='bbox 1203 337 1294 378; x_wconf 82' lang='lat' dir='ltr'>aviti,</span> <span class='ocrx_word' id='word_1_21' title='bbox 1328 338 1428 371; x_wconf 82' lang='lat' dir='ltr'>etiam</span> <span class='ocrx_word' id='word_1_22' title='bbox 1454 339 1486 371; x_wconf 91' lang='lat' dir='ltr'>in</span> <span class='ocrx_word' id='word_1_23' title='bbox 1515 345 1630 382; x_wconf 88' lang='lat' dir='ltr'>poste-</span> 
     </span>
     <span class='ocr_line' id='line_1_4' title="bbox 288 401 1631 447; baseline 0.002 -11"><span class='ocrx_word' id='word_1_24' title='bbox 288 415 362 437; x_wconf 87' lang='lat' dir='ltr'>rum</span> <span class='ocrx_word' id='word_1_25' title='bbox 388 413 424 435; x_wconf 92' lang='lat' dir='ltr'>se</span> <span class='ocrx_word' id='word_1_26' title='bbox 458 412 524 435; x_wconf 91' lang='lat' dir='ltr'>non</span> <span class='ocrx_word' id='word_1_27' title='bbox 558 405 770 434; x_wconf 88' lang='lat' dir='ltr'>cessaturum</span> <span class='ocrx_word' id='word_1_28' title='bbox 804 401 987 435; x_wconf 80' lang='lat' dir='ltr'>Messalam</span> <span class='ocrx_word' id='word_1_29' title='bbox 1022 413 1162 444; x_wconf 83' lang='lat' dir='ltr'>canere,</span> <span class='ocrx_word' id='word_1_30' title='bbox 1201 403 1301 436; x_wconf 90' lang='lat' dir='ltr'>immo</span> <span class='ocrx_word' id='word_1_31' title='bbox 1337 414 1398 447; x_wconf 91' lang='lat' dir='ltr'>pro</span> <span class='ocrx_word' id='word_1_32' title='bbox 1433 409 1527 438; x_wconf 87' lang='lat' dir='ltr'>tanto</span> <span class='ocrx_word' id='word_1_33' title='bbox 1559 407 1631 439; x_wconf 79' lang='lat' dir='ltr'>viro</span> 
     </span>
     <span class='ocr_line' id='line_1_5' title="bbox 289 468 1632 513; baseline 0.002 -13"><span class='ocrx_word' id='word_1_34' title='bbox 289 469 398 502; x_wconf 78' lang='lat' dir='ltr'>munia</span> <span class='ocrx_word' id='word_1_35' title='bbox 423 478 461 501; x_wconf 90' lang='lat' dir='ltr'>se</span> <span class='ocrx_word' id='word_1_36' title='bbox 495 471 627 500; x_wconf 88' lang='lat' dir='ltr'>tentare</span> <span class='ocrx_word' id='word_1_37' title='bbox 662 472 696 500; x_wconf 91' lang='lat' dir='ltr'>et</span> <span class='ocrx_word' id='word_1_38' title='bbox 731 468 876 501; x_wconf 89' lang='lat' dir='ltr'>tolerare</span> <span class='ocrx_word' id='word_1_39' title='bbox 909 474 1063 512; x_wconf 88' lang='lat' dir='ltr'>paratum</span> <span class='ocrx_word' id='word_1_40' title='bbox 1099 479 1186 501; x_wconf 87' lang='lat' dir='ltr'>esse.</span> <span class='ocrx_word' id='word_1_41' title='bbox 1238 470 1353 504; x_wconf 83' lang='lat' dir='ltr'>Quare</span> <span class='ocrx_word' id='word_1_42' title='bbox 1378 469 1404 503; x_wconf 90' lang='lat' dir='ltr'>si</span> <span class='ocrx_word' id='word_1_43' title='bbox 1431 470 1531 502; x_wconf 91' lang='lat' dir='ltr'>modo</span> <span class='ocrx_word' id='word_1_44' title='bbox 1559 471 1632 513; x_wconf 89' lang='lat' dir='ltr'>pla-</span> 
     </span>
     <span class='ocr_line' id='line_1_6' title="bbox 288 532 1631 577; baseline 0.002 -11"><span class='ocrx_word' id='word_1_45' title='bbox 288 538 364 566; x_wconf 68' lang='lat' dir='ltr'>ceat</span> <span class='ocrx_word' id='word_1_46' title='bbox 389 532 441 566; x_wconf 83' lang='lat' dir='ltr'>hic</span> <span class='ocrx_word' id='word_1_47' title='bbox 467 533 580 574; x_wconf 88' lang='lat' dir='ltr'>labor,</span> <span class='ocrx_word' id='word_1_48' title='bbox 620 533 747 565; x_wconf 92' lang='lat' dir='ltr'>nullum</span> <span class='ocrx_word' id='word_1_49' title='bbox 774 543 811 566; x_wconf 90' lang='lat' dir='ltr'>se</span> <span class='ocrx_word' id='word_1_50' title='bbox 842 535 943 567; x_wconf 85' lang='lat' dir='ltr'>finem</span> <span class='ocrx_word' id='word_1_51' title='bbox 977 535 1118 567; x_wconf 87' lang='lat' dir='ltr'>canendi</span> <span class='ocrx_word' id='word_1_52' title='bbox 1144 534 1330 576; x_wconf 89' lang='lat' dir='ltr'>facturum,</span> <span class='ocrx_word' id='word_1_53' title='bbox 1366 539 1468 577; x_wconf 90' lang='lat' dir='ltr'>atque</span> <span class='ocrx_word' id='word_1_54' title='bbox 1492 536 1578 569; x_wconf 88' lang='lat' dir='ltr'>adeo</span> <span class='ocrx_word' id='word_1_55' title='bbox 1602 537 1631 569; x_wconf 88' lang='lat' dir='ltr'>si</span> 
     </span>
     <span class='ocr_line' id='line_1_7' title="bbox 287 599 1629 640; baseline 0.002 -8"><span class='ocrx_word' id='word_1_56' title='bbox 287 602 439 632; x_wconf 88' lang='lat' dir='ltr'>mortuus</span> <span class='ocrx_word' id='word_1_57' title='bbox 465 608 509 631; x_wconf 91' lang='lat' dir='ltr'>ex</span> <span class='ocrx_word' id='word_1_58' title='bbox 534 599 734 640; x_wconf 80' lang='lat' dir='ltr'>migratione</span> <span class='ocrx_word' id='word_1_59' title='bbox 759 599 792 632; x_wconf 91' lang='lat' dir='ltr'>in</span> <span class='ocrx_word' id='word_1_60' title='bbox 820 600 885 634; x_wconf 89' lang='lat' dir='ltr'>alia</span> <span class='ocrx_word' id='word_1_61' title='bbox 910 602 1069 634; x_wconf 87' lang='lat' dir='ltr'>animalia</span> <span class='ocrx_word' id='word_1_62' title='bbox 1092 601 1234 634; x_wconf 83' lang='lat' dir='ltr'>redierit</span> <span class='ocrx_word' id='word_1_63' title='bbox 1260 601 1292 634; x_wconf 91' lang='lat' dir='ltr'>in</span> <span class='ocrx_word' id='word_1_64' title='bbox 1327 600 1502 636; x_wconf 83' lang='lat' dir='ltr'>humanam</span> <span class='ocrx_word' id='word_1_65' title='bbox 1529 607 1629 636; x_wconf 84' lang='lat' dir='ltr'>natu-</span> 
     </span>
     <span class='ocr_line' id='line_1_8' title="bbox 288 666 1287 712; baseline 0.003 -14"><span class='ocrx_word' id='word_1_66' title='bbox 288 676 379 708; x_wconf 87' lang='lat' dir='ltr'>ram,</span> <span class='ocrx_word' id='word_1_67' title='bbox 409 666 682 700; x_wconf 89' lang='lat' dir='ltr'>continuaturum</span> <span class='ocrx_word' id='word_1_68' title='bbox 706 667 875 710; x_wconf 80' lang='lat' dir='ltr'>inceptam</span> <span class='ocrx_word' id='word_1_69' title='bbox 902 669 1047 702; x_wconf 87' lang='lat' dir='ltr'>laudem.</span> <span class='ocrx_word' id='word_1_70' title='bbox 1096 669 1149 701; x_wconf 90' lang='lat' dir='ltr'>Ita</span> <span class='ocrx_word' id='word_1_71' title='bbox 1174 672 1287 712; x_wconf 90' lang='lat' dir='ltr'>poeta.</span> 
     </span>
    </p>

    <p class='ocr_par' dir='ltr' id='par_1_3' title="bbox 286 731 1639 2683">
     <span class='ocr_line' id='line_1_9' title="bbox 383 731 1630 774; baseline 0.002 -9"><span class='ocrx_word' id='word_1_72' title='bbox 383 731 566 765; x_wconf 89' lang='lat' dir='ltr'>Videamus</span> <span class='ocrx_word' id='word_1_73' title='bbox 590 742 678 764; x_wconf 90' lang='lat' dir='ltr'>nunc</span> <span class='ocrx_word' id='word_1_74' title='bbox 703 732 783 774; x_wconf 90' lang='lat' dir='ltr'>quid</span> <span class='ocrx_word' id='word_1_75' title='bbox 810 732 852 765; x_wconf 87' lang='lat' dir='ltr'>de</span> <span class='ocrx_word' id='word_1_76' title='bbox 876 733 1005 766; x_wconf 87' lang='lat' dir='ltr'>ratione</span> <span class='ocrx_word' id='word_1_77' title='bbox 1030 734 1187 766; x_wconf 84' lang='lat' dir='ltr'>carminis</span> <span class='ocrx_word' id='word_1_78' title='bbox 1212 733 1427 768; x_wconf 89' lang='lat' dir='ltr'>iudicandum</span> <span class='ocrx_word' id='word_1_79' title='bbox 1453 734 1507 768; x_wconf 89' lang='lat' dir='ltr'>sit.</span> <span class='ocrx_word' id='word_1_80' title='bbox 1569 735 1630 768; x_wconf 88' lang='lat' dir='ltr'>Di-</span> 
     </span>
     <span class='ocr_line' id='line_1_10' title="bbox 286 798 1626 843; baseline 0.002 -13"><span class='ocrx_word' id='word_1_81' title='bbox 286 799 370 831; x_wconf 87' lang='lat' dir='ltr'>visio</span> <span class='ocrx_word' id='word_1_82' title='bbox 395 801 429 830; x_wconf 90' lang='lat' dir='ltr'>et</span> <span class='ocrx_word' id='word_1_83' title='bbox 451 798 626 841; x_wconf 85' lang='lat' dir='ltr'>dispositio</span> <span class='ocrx_word' id='word_1_84' title='bbox 651 808 762 832; x_wconf 89' lang='lat' dir='ltr'>rerum</span> <span class='ocrx_word' id='word_1_85' title='bbox 794 800 884 832; x_wconf 90' lang='lat' dir='ltr'>clara</span> <span class='ocrx_word' id='word_1_86' title='bbox 913 804 965 832; x_wconf 91' lang='lat' dir='ltr'>est</span> <span class='ocrx_word' id='word_1_87' title='bbox 998 804 1033 833; x_wconf 88' lang='lat' dir='ltr'>et</span> <span class='ocrx_word' id='word_1_88' title='bbox 1065 810 1132 832; x_wconf 90' lang='lat' dir='ltr'>non</span> <span class='ocrx_word' id='word_1_89' title='bbox 1165 800 1266 833; x_wconf 85' lang='lat' dir='ltr'>mala.</span> <span class='ocrx_word' id='word_1_90' title='bbox 1314 800 1405 833; x_wconf 90' lang='lat' dir='ltr'>Dicit</span> <span class='ocrx_word' id='word_1_91' title='bbox 1430 804 1552 843; x_wconf 82' lang='lat' dir='ltr'>poeta,</span> <span class='ocrx_word' id='word_1_92' title='bbox 1588 805 1626 833; x_wconf 90' lang='lat' dir='ltr'>ut</span> 
     </span>
     <span class='ocr_line' id='line_1_11' title="bbox 288 863 1631 906; baseline 0.001 -11"><span class='ocrx_word' id='word_1_93' title='bbox 288 863 450 903; x_wconf 85' lang='lat' dir='ltr'>vidimus,</span> <span class='ocrx_word' id='word_1_94' title='bbox 488 867 564 906; x_wconf 87' lang='lat' dir='ltr'>post</span> <span class='ocrx_word' id='word_1_95' title='bbox 589 863 758 896; x_wconf 89' lang='lat' dir='ltr'>laudatam</span> <span class='ocrx_word' id='word_1_96' title='bbox 785 864 1025 906; x_wconf 83' lang='lat' dir='ltr'>praestantiam</span> <span class='ocrx_word' id='word_1_97' title='bbox 1052 864 1223 897; x_wconf 82' lang='lat' dir='ltr'>Messalae</span> <span class='ocrx_word' id='word_1_98' title='bbox 1255 865 1443 906; x_wconf 83' lang='lat' dir='ltr'>generatim</span> <span class='ocrx_word' id='word_1_99' title='bbox 1470 866 1502 898; x_wconf 91' lang='lat' dir='ltr'>iu</span> <span class='ocrx_word' id='word_1_100' title='bbox 1529 875 1631 898; x_wconf 85' lang='lat' dir='ltr'>exor-</span> 
     </span>
     <span class='ocr_line' id='line_1_12' title="bbox 288 927 1628 972; baseline 0.002 -12"><span class='ocrx_word' id='word_1_101' title='bbox 288 927 368 969; x_wconf 88' lang='lat' dir='ltr'>dio,</span> <span class='ocrx_word' id='word_1_102' title='bbox 402 927 597 971; x_wconf 85' lang='lat' dir='ltr'>specialiter</span> <span class='ocrx_word' id='word_1_103' title='bbox 621 927 664 960; x_wconf 90' lang='lat' dir='ltr'>de</span> <span class='ocrx_word' id='word_1_104' title='bbox 690 929 885 970; x_wconf 85' lang='lat' dir='ltr'>eloquentia</span> <span class='ocrx_word' id='word_1_105' title='bbox 920 932 955 961; x_wconf 91' lang='lat' dir='ltr'>et</span> <span class='ocrx_word' id='word_1_106' title='bbox 989 928 1123 961; x_wconf 89' lang='lat' dir='ltr'>militari</span> <span class='ocrx_word' id='word_1_107' title='bbox 1158 929 1276 970; x_wconf 87' lang='lat' dir='ltr'>laude,</span> <span class='ocrx_word' id='word_1_108' title='bbox 1313 934 1348 962; x_wconf 94' lang='lat' dir='ltr'>et</span> <span class='ocrx_word' id='word_1_109' title='bbox 1383 929 1468 963; x_wconf 80' lang='lat' dir='ltr'>lianc</span> <span class='ocrx_word' id='word_1_110' title='bbox 1494 931 1628 972; x_wconf 86' lang='lat' dir='ltr'>quidem</span> 
     </span>
     <span class='ocr_line' id='line_1_13' title="bbox 287 995 1626 1039; baseline 0.001 -12"><span class='ocrx_word' id='word_1_111' title='bbox 287 996 336 1028; x_wconf 87' lang='lat' dir='ltr'>sic</span> <span class='ocrx_word' id='word_1_112' title='bbox 361 995 479 1028; x_wconf 79' lang='lat' dir='ltr'>dividit</span> <span class='ocrx_word' id='word_1_113' title='bbox 503 998 540 1027; x_wconf 89' lang='lat' dir='ltr'>ut</span> <span class='ocrx_word' id='word_1_114' title='bbox 564 998 634 1028; x_wconf 87' lang='lat' dir='ltr'>tum</span> <span class='ocrx_word' id='word_1_115' title='bbox 660 996 817 1039; x_wconf 83' lang='lat' dir='ltr'>peritiam</span> <span class='ocrx_word' id='word_1_116' title='bbox 843 996 1143 1029; x_wconf 87' lang='lat' dir='ltr'>castrimetationis</span> <span class='ocrx_word' id='word_1_117' title='bbox 1169 999 1204 1029; x_wconf 91' lang='lat' dir='ltr'>et</span> <span class='ocrx_word' id='word_1_118' title='bbox 1229 997 1370 1029; x_wconf 88' lang='lat' dir='ltr'>tactices</span> <span class='ocrx_word' id='word_1_119' title='bbox 1396 996 1531 1037; x_wconf 90' lang='lat' dir='ltr'>laudet,</span> <span class='ocrx_word' id='word_1_120' title='bbox 1558 1002 1626 1029; x_wconf 87' lang='lat' dir='ltr'>tum</span> 
     </span>
     <span class='ocr_line' id='line_1_14' title="bbox 289 1062 1631 1107; baseline 0.001 -13"><span class='ocrx_word' id='word_1_121' title='bbox 289 1062 378 1095; x_wconf 74' lang='lat' dir='ltr'>sacta</span> <span class='ocrx_word' id='word_1_122' title='bbox 404 1073 444 1095; x_wconf 88' lang='lat' dir='ltr'>ac</span> <span class='ocrx_word' id='word_1_123' title='bbox 469 1072 524 1094; x_wconf 85' lang='lat' dir='ltr'>res</span> <span class='ocrx_word' id='word_1_124' title='bbox 549 1062 719 1104; x_wconf 74' lang='lat' dir='ltr'>egregias,</span> <span class='ocrx_word' id='word_1_125' title='bbox 746 1072 831 1104; x_wconf 89' lang='lat' dir='ltr'>quas</span> <span class='ocrx_word' id='word_1_126' title='bbox 857 1066 892 1095; x_wconf 90' lang='lat' dir='ltr'>et</span> <span class='ocrx_word' id='word_1_127' title='bbox 918 1064 1063 1105; x_wconf 86' lang='lat' dir='ltr'>gesserit</span> <span class='ocrx_word' id='word_1_128' title='bbox 1088 1067 1124 1095; x_wconf 92' lang='lat' dir='ltr'>et</span> <span class='ocrx_word' id='word_1_129' title='bbox 1146 1067 1305 1105; x_wconf 87' lang='lat' dir='ltr'>gesturus</span> <span class='ocrx_word' id='word_1_130' title='bbox 1330 1064 1374 1096; x_wconf 89' lang='lat' dir='ltr'>sit</span> <span class='ocrx_word' id='word_1_131' title='bbox 1398 1064 1431 1095; x_wconf 91' lang='lat' dir='ltr'>in</span> <span class='ocrx_word' id='word_1_132' title='bbox 1458 1067 1631 1107; x_wconf 83' lang='lat' dir='ltr'>posterum</span> 
     </span>
     <span class='ocr_line' id='line_1_15' title="bbox 289 1127 1630 1169; baseline 0.004 -12"><span class='ocrx_word' id='word_1_133' title='bbox 289 1129 338 1160; x_wconf 65' lang='lat' dir='ltr'>xir</span> <span class='ocrx_word' id='word_1_134' title='bbox 371 1127 524 1161; x_wconf 82' lang='lat' dir='ltr'>eximius.</span> <span class='ocrx_word' id='word_1_135' title='bbox 575 1129 653 1162; x_wconf 81' lang='lat' dir='ltr'>Qua</span> <span class='ocrx_word' id='word_1_136' title='bbox 687 1127 853 1160; x_wconf 78' lang='lat' dir='ltr'>divisione</span> <span class='ocrx_word' id='word_1_137' title='bbox 889 1131 998 1161; x_wconf 89' lang='lat' dir='ltr'>totum</span> <span class='ocrx_word' id='word_1_138' title='bbox 1036 1132 1271 1169; x_wconf 83' lang='lat' dir='ltr'>argumentum</span> <span class='ocrx_word' id='word_1_139' title='bbox 1309 1127 1396 1160; x_wconf 87' lang='lat' dir='ltr'>bene</span> <span class='ocrx_word' id='word_1_140' title='bbox 1431 1127 1630 1162; x_wconf 80' lang='lat' dir='ltr'>exhaustum</span> 
     </span>
     <span class='ocr_line' id='line_1_16' title="bbox 288 1192 1632 1237; baseline 0.001 -12"><span class='ocrx_word' id='word_1_141' title='bbox 288 1197 362 1234; x_wconf 89' lang='lat' dir='ltr'>est,</span> <span class='ocrx_word' id='word_1_142' title='bbox 398 1203 438 1225; x_wconf 91' lang='lat' dir='ltr'>ac</span> <span class='ocrx_word' id='word_1_143' title='bbox 474 1193 591 1234; x_wconf 84' lang='lat' dir='ltr'>negari</span> <span class='ocrx_word' id='word_1_144' title='bbox 625 1193 743 1234; x_wconf 88' lang='lat' dir='ltr'>nequit</span> <span class='ocrx_word' id='word_1_145' title='bbox 776 1192 915 1234; x_wconf 88' lang='lat' dir='ltr'>spiritus</span> <span class='ocrx_word' id='word_1_146' title='bbox 951 1192 1077 1235; x_wconf 88' lang='lat' dir='ltr'>poetici</span> <span class='ocrx_word' id='word_1_147' title='bbox 1112 1192 1177 1225; x_wconf 72' lang='lat' dir='ltr'>vim</span> <span class='ocrx_word' id='word_1_148' title='bbox 1215 1192 1382 1235; x_wconf 89' lang='lat' dir='ltr'>quandam</span> <span class='ocrx_word' id='word_1_149' title='bbox 1415 1194 1564 1237; x_wconf 89' lang='lat' dir='ltr'>conspici</span> <span class='ocrx_word' id='word_1_150' title='bbox 1597 1195 1632 1226; x_wconf 88' lang='lat' dir='ltr'>in</span> 
     </span>
     <span class='ocr_line' id='line_1_17' title="bbox 287 1258 1631 1304; baseline 0.001 -11"><span class='ocrx_word' id='word_1_151' title='bbox 287 1264 380 1293; x_wconf 87' lang='lat' dir='ltr'>tanta</span> <span class='ocrx_word' id='word_1_152' title='bbox 417 1260 588 1302; x_wconf 88' lang='lat' dir='ltr'>descripta</span> <span class='ocrx_word' id='word_1_153' title='bbox 624 1259 847 1302; x_wconf 87' lang='lat' dir='ltr'>amplitudine</span> <span class='ocrx_word' id='word_1_154' title='bbox 885 1258 1014 1300; x_wconf 83' lang='lat' dir='ltr'>laudis;</span> <span class='ocrx_word' id='word_1_155' title='bbox 1052 1259 1086 1292; x_wconf 87' lang='lat' dir='ltr'>in</span> <span class='ocrx_word' id='word_1_156' title='bbox 1124 1270 1192 1302; x_wconf 88' lang='lat' dir='ltr'>quo</span> <span class='ocrx_word' id='word_1_157' title='bbox 1226 1259 1354 1293; x_wconf 89' lang='lat' dir='ltr'>iudicio</span> <span class='ocrx_word' id='word_1_158' title='bbox 1388 1261 1487 1294; x_wconf 89' lang='lat' dir='ltr'>simul</span> <span class='ocrx_word' id='word_1_159' title='bbox 1525 1272 1631 1304; x_wconf 88' lang='lat' dir='ltr'>genus</span> 
     </span>
     <span class='ocr_line' id='line_1_18' title="bbox 290 1326 1633 1372; baseline 0.001 -11"><span class='ocrx_word' id='word_1_160' title='bbox 290 1338 434 1371; x_wconf 85' lang='lat' dir='ltr'>poeseos</span> <span class='ocrx_word' id='word_1_161' title='bbox 460 1327 618 1371; x_wconf 89' lang='lat' dir='ltr'>respicio.</span> <span class='ocrx_word' id='word_1_162' title='bbox 668 1326 788 1361; x_wconf 92' lang='lat' dir='ltr'>Noluit</span> <span class='ocrx_word' id='word_1_163' title='bbox 813 1330 935 1359; x_wconf 85' lang='lat' dir='ltr'>auctor</span> <span class='ocrx_word' id='word_1_164' title='bbox 960 1326 1059 1360; x_wconf 89' lang='lat' dir='ltr'>odam</span> <span class='ocrx_word' id='word_1_165' title='bbox 1084 1328 1253 1370; x_wconf 89' lang='lat' dir='ltr'>scribere,</span> <span class='ocrx_word' id='word_1_166' title='bbox 1291 1340 1377 1372; x_wconf 88' lang='lat' dir='ltr'>quae</span> <span class='ocrx_word' id='word_1_167' title='bbox 1402 1340 1532 1363; x_wconf 88' lang='lat' dir='ltr'>summa</span> <span class='ocrx_word' id='word_1_168' title='bbox 1557 1335 1633 1363; x_wconf 92' lang='lat' dir='ltr'>tan-</span> 
     </span>
     <span class='ocr_line' id='line_1_19' title="bbox 289 1392 1631 1437; baseline 0.004 -13"><span class='ocrx_word' id='word_1_169' title='bbox 289 1398 360 1425; x_wconf 87' lang='lat' dir='ltr'>tum</span> <span class='ocrx_word' id='word_1_170' title='bbox 400 1392 535 1434; x_wconf 78' lang='lat' dir='ltr'>fastigia</span> <span class='ocrx_word' id='word_1_171' title='bbox 569 1402 683 1424; x_wconf 90' lang='lat' dir='ltr'>rerum</span> <span class='ocrx_word' id='word_1_172' title='bbox 720 1393 826 1433; x_wconf 83' lang='lat' dir='ltr'>lyrico</span> <span class='ocrx_word' id='word_1_173' title='bbox 863 1393 979 1425; x_wconf 89' lang='lat' dir='ltr'>volatu</span> <span class='ocrx_word' id='word_1_174' title='bbox 1016 1397 1192 1435; x_wconf 88' lang='lat' dir='ltr'>tangeret,</span> <span class='ocrx_word' id='word_1_175' title='bbox 1230 1395 1339 1427; x_wconf 88' lang='lat' dir='ltr'>noluit</span> <span class='ocrx_word' id='word_1_176' title='bbox 1373 1396 1537 1437; x_wconf 88' lang='lat' dir='ltr'>elegiam,</span> <span class='ocrx_word' id='word_1_177' title='bbox 1575 1397 1631 1429; x_wconf 87' lang='lat' dir='ltr'>ubi</span> 
     </span>
     <span class='ocr_line' id='line_1_20' title="bbox 293 1456 1633 1501; baseline 0.004 -13"><span class='ocrx_word' id='word_1_178' title='bbox 293 1458 448 1500; x_wconf 84' lang='lat' dir='ltr'>publicae</span> <span class='ocrx_word' id='word_1_179' title='bbox 473 1456 590 1489; x_wconf 90' lang='lat' dir='ltr'>laudes</span> <span class='ocrx_word' id='word_1_180' title='bbox 616 1456 788 1489; x_wconf 88' lang='lat' dir='ltr'>Messalae</span> <span class='ocrx_word' id='word_1_181' title='bbox 815 1466 892 1489; x_wconf 89' lang='lat' dir='ltr'>cum</span> <span class='ocrx_word' id='word_1_182' title='bbox 916 1460 1042 1499; x_wconf 87' lang='lat' dir='ltr'>poetae</span> <span class='ocrx_word' id='word_1_183' title='bbox 1067 1457 1239 1490; x_wconf 89' lang='lat' dir='ltr'>doloribus</span> <span class='ocrx_word' id='word_1_184' title='bbox 1267 1463 1325 1491; x_wconf 89' lang='lat' dir='ltr'>aut</span> <span class='ocrx_word' id='word_1_185' title='bbox 1351 1459 1482 1501; x_wconf 87' lang='lat' dir='ltr'>gaudiis</span> <span class='ocrx_word' id='word_1_186' title='bbox 1506 1460 1633 1494; x_wconf 77' lang='lat' dir='ltr'>mixtae</span> 
     </span>
     <span class='ocr_line' id='line_1_21' title="bbox 291 1522 1631 1568; baseline 0.004 -14"><span class='ocrx_word' id='word_1_187' title='bbox 291 1527 404 1555; x_wconf 80' lang='lat' dir='ltr'>essent</span> <span class='ocrx_word' id='word_1_188' title='bbox 439 1527 473 1555; x_wconf 84' lang='lat' dir='ltr'>et</span> <span class='ocrx_word' id='word_1_189' title='bbox 507 1522 703 1555; x_wconf 89' lang='lat' dir='ltr'>bellicarum</span> <span class='ocrx_word' id='word_1_190' title='bbox 736 1533 850 1555; x_wconf 86' lang='lat' dir='ltr'>rerum</span> <span class='ocrx_word' id='word_1_191' title='bbox 888 1523 1068 1566; x_wconf 85' lang='lat' dir='ltr'>praeconia</span> <span class='ocrx_word' id='word_1_192' title='bbox 1103 1527 1290 1567; x_wconf 87' lang='lat' dir='ltr'>temperata</span> <span class='ocrx_word' id='word_1_193' title='bbox 1324 1523 1526 1558; x_wconf 85' lang='lat' dir='ltr'>haberentur</span> <span class='ocrx_word' id='word_1_194' title='bbox 1553 1527 1631 1568; x_wconf 79' lang='lat' dir='ltr'>vini,</span> 
     </span>
     <span class='ocr_line' id='line_1_22' title="bbox 291 1588 1633 1633; baseline 0.001 -11"><span class='ocrx_word' id='word_1_195' title='bbox 291 1591 435 1630; x_wconf 86' lang='lat' dir='ltr'>amoris,</span> <span class='ocrx_word' id='word_1_196' title='bbox 468 1588 615 1621; x_wconf 86' lang='lat' dir='ltr'>rusticae</span> <span class='ocrx_word' id='word_1_197' title='bbox 641 1588 729 1620; x_wconf 78' lang='lat' dir='ltr'>vitae</span> <span class='ocrx_word' id='word_1_198' title='bbox 755 1588 936 1621; x_wconf 87' lang='lat' dir='ltr'>levioribus</span> <span class='ocrx_word' id='word_1_199' title='bbox 963 1588 1092 1628; x_wconf 85' lang='lat' dir='ltr'>modis,</span> <span class='ocrx_word' id='word_1_200' title='bbox 1126 1588 1185 1620; x_wconf 90' lang='lat' dir='ltr'>sed</span> <span class='ocrx_word' id='word_1_201' title='bbox 1211 1590 1317 1622; x_wconf 80' lang='lat' dir='ltr'>voluit</span> <span class='ocrx_word' id='word_1_202' title='bbox 1341 1591 1473 1633; x_wconf 89' lang='lat' dir='ltr'>epicum</span> <span class='ocrx_word' id='word_1_203' title='bbox 1499 1602 1633 1625; x_wconf 87' lang='lat' dir='ltr'>carmen</span> 
     </span>
     <span class='ocr_line' id='line_1_23' title="bbox 292 1650 1633 1694; baseline 0.002 -8"><span class='ocrx_word' id='word_1_204' title='bbox 292 1654 460 1694; x_wconf 88' lang='lat' dir='ltr'>condere,</span> <span class='ocrx_word' id='word_1_205' title='bbox 492 1652 592 1685; x_wconf 88' lang='lat' dir='ltr'>unice</span> <span class='ocrx_word' id='word_1_206' title='bbox 617 1651 788 1684; x_wconf 88' lang='lat' dir='ltr'>Messalae</span> <span class='ocrx_word' id='word_1_207' title='bbox 811 1650 1023 1691; x_wconf 87' lang='lat' dir='ltr'>dedicatum,</span> <span class='ocrx_word' id='word_1_208' title='bbox 1057 1651 1152 1683; x_wconf 86' lang='lat' dir='ltr'>cuius</span> <span class='ocrx_word' id='word_1_209' title='bbox 1176 1652 1294 1685; x_wconf 89' lang='lat' dir='ltr'>laudes</span> <span class='ocrx_word' id='word_1_210' title='bbox 1319 1663 1393 1686; x_wconf 88' lang='lat' dir='ltr'>eam</span> <span class='ocrx_word' id='word_1_211' title='bbox 1420 1655 1464 1687; x_wconf 94' lang='lat' dir='ltr'>ob</span> <span class='ocrx_word' id='word_1_212' title='bbox 1499 1666 1633 1689; x_wconf 89' lang='lat' dir='ltr'>causam</span> 
     </span>
     <span class='ocr_line' id='line_1_24' title="bbox 291 1716 1635 1765; baseline 0.003 -14"><span class='ocrx_word' id='word_1_213' title='bbox 291 1729 354 1761; x_wconf 89' lang='lat' dir='ltr'>per</span> <span class='ocrx_word' id='word_1_214' title='bbox 386 1718 497 1751; x_wconf 90' lang='lat' dir='ltr'>omnia</span> <span class='ocrx_word' id='word_1_215' title='bbox 530 1717 664 1760; x_wconf 89' lang='lat' dir='ltr'>potiora</span> <span class='ocrx_word' id='word_1_216' title='bbox 692 1720 862 1749; x_wconf 89' lang='lat' dir='ltr'>momenta</span> <span class='ocrx_word' id='word_1_217' title='bbox 900 1720 996 1750; x_wconf 90' lang='lat' dir='ltr'>erant</span> <span class='ocrx_word' id='word_1_218' title='bbox 1030 1716 1261 1751; x_wconf 85' lang='lat' dir='ltr'>deducendae.</span> <span class='ocrx_word' id='word_1_219' title='bbox 1319 1720 1397 1753; x_wconf 92' lang='lat' dir='ltr'>Hoc</span> <span class='ocrx_word' id='word_1_220' title='bbox 1431 1721 1536 1763; x_wconf 87' lang='lat' dir='ltr'>igitur</span> <span class='ocrx_word' id='word_1_221' title='bbox 1568 1733 1635 1765; x_wconf 85' lang='lat' dir='ltr'>ego</span> 
     </span>
     <span class='ocr_line' id='line_1_25' title="bbox 292 1781 1635 1826; baseline 0.003 -11"><span class='ocrx_word' id='word_1_222' title='bbox 292 1793 357 1816; x_wconf 93' lang='lat' dir='ltr'>non</span> <span class='ocrx_word' id='word_1_223' title='bbox 384 1783 561 1826; x_wconf 89' lang='lat' dir='ltr'>vitupero,</span> <span class='ocrx_word' id='word_1_224' title='bbox 597 1786 634 1815; x_wconf 90' lang='lat' dir='ltr'>ut</span> <span class='ocrx_word' id='word_1_225' title='bbox 660 1782 716 1814; x_wconf 91' lang='lat' dir='ltr'>alii</span> <span class='ocrx_word' id='word_1_226' title='bbox 743 1781 908 1814; x_wconf 84' lang='lat' dir='ltr'>fecerunt.</span> <span class='ocrx_word' id='word_1_227' title='bbox 959 1782 1004 1814; x_wconf 83' lang='lat' dir='ltr'>At</span> <span class='ocrx_word' id='word_1_228' title='bbox 1037 1782 1124 1814; x_wconf 83' lang='lat' dir='ltr'>enim</span> <span class='ocrx_word' id='word_1_229' title='bbox 1150 1783 1356 1817; x_wconf 87' lang='lat' dir='ltr'>considerari</span> <span class='ocrx_word' id='word_1_230' title='bbox 1381 1785 1481 1818; x_wconf 88' lang='lat' dir='ltr'>etiam</span> <span class='ocrx_word' id='word_1_231' title='bbox 1508 1790 1635 1819; x_wconf 89' lang='lat' dir='ltr'>tracta-</span> 
     </span>
     <span class='ocr_line' id='line_1_26' title="bbox 294 1837 1636 1895; baseline 0.002 -13"><span class='ocrx_word' id='word_1_232' title='bbox 294 1851 342 1882; x_wconf 89' lang='lat' dir='ltr'>tio</span> <span class='ocrx_word' id='word_1_233' title='bbox 368 1849 561 1891; x_wconf 77' lang='lat' dir='ltr'>argumenti</span> <span class='ocrx_word' id='word_1_234' title='bbox 593 1848 755 1891; x_wconf 88' lang='lat' dir='ltr'>descripti</span> <span class='ocrx_word' id='word_1_235' title='bbox 789 1848 910 1889; x_wconf 83' lang='lat' dir='ltr'>debet,</span> <span class='ocrx_word' id='word_1_236' title='bbox 948 1851 1052 1890; x_wconf 84' lang='lat' dir='ltr'>atque</span> <span class='ocrx_word' id='word_1_237' title='bbox 1078 1837 1161 1882; x_wconf 72' lang='lat' dir='ltr'>Haec</span> <span class='ocrx_word' id='word_1_238' title='bbox 1187 1854 1240 1882; x_wconf 89' lang='lat' dir='ltr'>est</span> <span class='ocrx_word' id='word_1_239' title='bbox 1265 1861 1351 1892; x_wconf 89' lang='lat' dir='ltr'>quae</span> <span class='ocrx_word' id='word_1_240' title='bbox 1379 1852 1522 1895; x_wconf 89' lang='lat' dir='ltr'>plurima</span> <span class='ocrx_word' id='word_1_241' title='bbox 1546 1853 1636 1885; x_wconf 90' lang='lat' dir='ltr'>clas-</span> 
     </span>
     <span class='ocr_line' id='line_1_27' title="bbox 291 1913 1637 1958; baseline 0.004 -11"><span class='ocrx_word' id='word_1_242' title='bbox 291 1915 364 1948; x_wconf 89' lang='lat' dir='ltr'>sico</span> <span class='ocrx_word' id='word_1_243' title='bbox 396 1918 499 1958; x_wconf 92' lang='lat' dir='ltr'>poeta</span> <span class='ocrx_word' id='word_1_244' title='bbox 532 1914 673 1956; x_wconf 86' lang='lat' dir='ltr'>indigna</span> <span class='ocrx_word' id='word_1_245' title='bbox 706 1913 818 1947; x_wconf 85' lang='lat' dir='ltr'>habet.</span> <span class='ocrx_word' id='word_1_246' title='bbox 869 1915 1063 1958; x_wconf 81' lang='lat' dir='ltr'>Disputavit</span> <span class='ocrx_word' id='word_1_247' title='bbox 1095 1916 1137 1949; x_wconf 91' lang='lat' dir='ltr'>de</span> <span class='ocrx_word' id='word_1_248' title='bbox 1171 1916 1260 1950; x_wconf 79' lang='lat' dir='ltr'>vitiis</span> <span class='ocrx_word' id='word_1_249' title='bbox 1287 1918 1444 1951; x_wconf 87' lang='lat' dir='ltr'>carminis</span> <span class='ocrx_word' id='word_1_250' title='bbox 1477 1919 1637 1952; x_wconf 87' lang='lat' dir='ltr'>disertius</span> 
     </span>
     <span class='ocr_line' id='line_1_28' title="bbox 293 1980 1637 2024; baseline 0.002 -10"><span class='ocrx_word' id='word_1_251' title='bbox 293 1981 394 2014; x_wconf 85' lang='lat' dir='ltr'>etiam</span> <span class='ocrx_word' id='word_1_252' title='bbox 422 1982 582 2014; x_wconf 57' lang='lat' dir='ltr'>sslcmus</span> <span class='ocrx_word' id='word_1_253' title='bbox 608 1981 641 2013; x_wconf 92' lang='lat' dir='ltr'>in</span> <span class='ocrx_word' id='word_1_254' title='bbox 666 1980 777 2023; x_wconf 89' lang='lat' dir='ltr'>Epist.</span> <span class='ocrx_word' id='word_1_255' title='bbox 804 1981 920 2014; x_wconf 87' lang='lat' dir='ltr'>critica</span> <span class='ocrx_word' id='word_1_256' title='bbox 946 1981 978 2014; x_wconf 90' lang='lat' dir='ltr'>in</span> <span class='ocrx_word' id='word_1_257' title='bbox 1003 1982 1199 2024; x_wconf 85' lang='lat' dir='ltr'>Tibullum,</span> <span class='ocrx_word' id='word_1_258' title='bbox 1228 1983 1576 2017; x_wconf 87' lang='lat' dir='ltr'>Pseudo-Tibullum</span> <span class='ocrx_word' id='word_1_259' title='bbox 1602 1989 1637 2017; x_wconf 89' lang='lat' dir='ltr'>et</span> 
     </span>
     <span class='ocr_line' id='line_1_29' title="bbox 294 2044 1636 2090; baseline 0.003 -11"><span class='ocrx_word' id='word_1_260' title='bbox 294 2047 526 2089; x_wconf 84' lang='lat' dir='ltr'>Propertium.</span> <span class='ocrx_word' id='word_1_261' title='bbox 571 2044 674 2078; x_wconf 86' lang='lat' dir='ltr'>Goth.</span> <span class='ocrx_word' id='word_1_262' title='bbox 714 2048 816 2079; x_wconf 83' lang='lat'>1812.</span> <span class='ocrx_word' id='word_1_263' title='bbox 855 2058 934 2089; x_wconf 84' lang='lat' dir='ltr'>pag.</span> <span class='ocrx_word' id='word_1_264' title='bbox 961 2050 1007 2080; x_wconf 78' lang='lat'>27</span> <span class='ocrx_word' id='word_1_265' title='bbox 1040 2058 1133 2090; x_wconf 89' lang='lat' dir='ltr'>sqq.‚</span> <span class='ocrx_word' id='word_1_266' title='bbox 1175 2052 1210 2081; x_wconf 89' lang='lat' dir='ltr'>et</span> <span class='ocrx_word' id='word_1_267' title='bbox 1252 2050 1284 2081; x_wconf 91' lang='lat' dir='ltr'>in</span> <span class='ocrx_word' id='word_1_268' title='bbox 1323 2049 1471 2083; x_wconf 88' lang='lat' dir='ltr'>editione</span> <span class='ocrx_word' id='word_1_269' title='bbox 1509 2050 1636 2083; x_wconf 89' lang='lat' dir='ltr'>Tibulli</span> 
     </span>
     <span class='ocr_line' id='line_1_30' title="bbox 293 2111 1636 2158; baseline 0.001 -12"><span class='ocrx_word' id='word_1_270' title='bbox 293 2124 326 2155; x_wconf 90' lang='lat' dir='ltr'>p.</span> <span class='ocrx_word' id='word_1_271' title='bbox 342 2112 450 2145; x_wconf 87' lang='lat' dir='ltr'><strong>XLV.</strong></span> <span class='ocrx_word' id='word_1_272' title='bbox 468 2111 594 2152; x_wconf 82' lang='lat' dir='ltr'>XLVI,</span> <span class='ocrx_word' id='word_1_273' title='bbox 620 2112 675 2153; x_wconf 88' lang='lat' dir='ltr'>qui</span> <span class='ocrx_word' id='word_1_274' title='bbox 696 2113 801 2145; x_wconf 89' lang='lat' dir='ltr'>multa</span> <span class='ocrx_word' id='word_1_275' title='bbox 823 2118 916 2146; x_wconf 89' lang='lat' dir='ltr'>recte</span> <span class='ocrx_word' id='word_1_276' title='bbox 935 2114 1076 2154; x_wconf 86' lang='lat' dir='ltr'>monuit,</span> <span class='ocrx_word' id='word_1_277' title='bbox 1101 2114 1264 2156; x_wconf 87' lang='lat' dir='ltr'>quaedam</span> <span class='ocrx_word' id='word_1_278' title='bbox 1285 2115 1404 2147; x_wconf 87' lang='lat' dir='ltr'>iniuria</span> <span class='ocrx_word' id='word_1_279' title='bbox 1422 2115 1636 2158; x_wconf 79' lang='lat' dir='ltr'>vituperavit.</span> 
     </span>
     <span class='ocr_line' id='line_1_31' title="bbox 295 2175 1637 2222; baseline 0.002 -13"><span class='ocrx_word' id='word_1_280' title='bbox 295 2176 369 2210; x_wconf 86' lang='lat' dir='ltr'>Nos</span> <span class='ocrx_word' id='word_1_281' title='bbox 401 2178 466 2209; x_wconf 87' lang='lat' dir='ltr'>alia</span> <span class='ocrx_word' id='word_1_282' title='bbox 500 2177 532 2209; x_wconf 91' lang='lat' dir='ltr'>in</span> <span class='ocrx_word' id='word_1_283' title='bbox 558 2175 797 2219; x_wconf 83' lang='lat' dir='ltr'>Explicatione</span> <span class='ocrx_word' id='word_1_284' title='bbox 830 2179 882 2211; x_wconf 84' lang='lat' dir='ltr'>vel</span> <span class='ocrx_word' id='word_1_285' title='bbox 913 2178 1135 2211; x_wconf 86' lang='lat' dir='ltr'>defendemus</span> <span class='ocrx_word' id='word_1_286' title='bbox 1160 2180 1213 2212; x_wconf 81' lang='lat' dir='ltr'>vel</span> <span class='ocrx_word' id='word_1_287' title='bbox 1239 2178 1545 2222; x_wconf 83' lang='lat' dir='ltr'>reprehendemus‚</span> <span class='ocrx_word' id='word_1_288' title='bbox 1583 2178 1637 2213; x_wconf 87' lang='lat' dir='ltr'>hic</span> 
     </span>
     <span class='ocr_line' id='line_1_32' title="bbox 294 2241 1638 2288; baseline 0.001 -10"><span class='ocrx_word' id='word_1_289' title='bbox 294 2249 407 2278; x_wconf 87' lang='lat' dir='ltr'>autem</span> <span class='ocrx_word' id='word_1_290' title='bbox 434 2255 519 2287; x_wconf 89' lang='lat' dir='ltr'>quae</span> <span class='ocrx_word' id='word_1_291' title='bbox 545 2241 690 2277; x_wconf 79' lang='lat' dir='ltr'>maxime</span> <span class='ocrx_word' id='word_1_292' title='bbox 717 2245 864 2278; x_wconf 87' lang='lat' dir='ltr'>notanda</span> <span class='ocrx_word' id='word_1_293' title='bbox 890 2245 1067 2286; x_wconf 86' lang='lat' dir='ltr'>videntur,</span> <span class='ocrx_word' id='word_1_294' title='bbox 1102 2245 1219 2278; x_wconf 92' lang='lat' dir='ltr'>ordine</span> <span class='ocrx_word' id='word_1_295' title='bbox 1244 2245 1476 2279; x_wconf 89' lang='lat' dir='ltr'>indicabimus.</span> <span class='ocrx_word' id='word_1_296' title='bbox 1525 2248 1638 2288; x_wconf 84' lang='lat' dir='ltr'>Atque</span> 
     </span>
     <span class='ocr_line' id='line_1_33' title="bbox 294 2309 1639 2353; baseline 0 -11"><span class='ocrx_word' id='word_1_297' title='bbox 294 2313 333 2343; x_wconf 89' lang='lat' dir='ltr'>ut</span> <span class='ocrx_word' id='word_1_298' title='bbox 364 2311 508 2353; x_wconf 89' lang='lat' dir='ltr'>primum</span> <span class='ocrx_word' id='word_1_299' title='bbox 543 2309 585 2342; x_wconf 92' lang='lat' dir='ltr'>de</span> <span class='ocrx_word' id='word_1_300' title='bbox 621 2309 761 2342; x_wconf 81' lang='lat' dir='ltr'>exordio</span> <span class='ocrx_word' id='word_1_301' title='bbox 795 2313 829 2343; x_wconf 91' lang='lat' dir='ltr'>et</span> <span class='ocrx_word' id='word_1_302' title='bbox 863 2310 957 2342; x_wconf 83' lang='lat' dir='ltr'>exitu</span> <span class='ocrx_word' id='word_1_303' title='bbox 984 2309 1152 2351; x_wconf 90' lang='lat' dir='ltr'>dicamus,</span> <span class='ocrx_word' id='word_1_304' title='bbox 1189 2309 1242 2343; x_wconf 78' lang='lat' dir='ltr'>hic</span> <span class='ocrx_word' id='word_1_305' title='bbox 1276 2310 1410 2352; x_wconf 88' lang='lat' dir='ltr'>quidem</span> <span class='ocrx_word' id='word_1_306' title='bbox 1439 2314 1558 2345; x_wconf 86' lang='lat' dir='ltr'>auctor</span> <span class='ocrx_word' id='word_1_307' title='bbox 1581 2309 1639 2342; x_wconf 73' lang='lat' dir='ltr'>ni-</span> 
     </span>
     <span class='ocr_line' id='line_1_34' title="bbox 296 2374 1636 2419; baseline 0.003 -12"><span class='ocrx_word' id='word_1_308' title='bbox 296 2376 401 2408; x_wconf 73' lang='lat' dir='ltr'>mium</span> <span class='ocrx_word' id='word_1_309' title='bbox 437 2382 472 2408; x_wconf 81' lang='lat' dir='ltr'>et</span> <span class='ocrx_word' id='word_1_310' title='bbox 506 2387 619 2419; x_wconf 82' lang='lat' dir='ltr'>paene</span> <span class='ocrx_word' id='word_1_311' title='bbox 656 2375 815 2408; x_wconf 71' lang='lat' dir='ltr'>servilem</span> <span class='ocrx_word' id='word_1_312' title='bbox 852 2375 1057 2408; x_wconf 77' lang='lat' dir='ltr'>modestiam</span> <span class='ocrx_word' id='word_1_313' title='bbox 1096 2388 1138 2408; x_wconf 86' lang='lat' dir='ltr'>ac</span> <span class='ocrx_word' id='word_1_314' title='bbox 1177 2374 1433 2410; x_wconf 79' lang='lat' dir='ltr'>submissiorem</span> <span class='ocrx_word' id='word_1_315' title='bbox 1473 2376 1636 2411; x_wconf 69' lang='lat' dir='ltr'>animum,</span> 
     </span>
     <span class='ocr_line' id='line_1_35' title="bbox 296 2438 1638 2486; baseline 0.001 -14"><span class='ocrx_word' id='word_1_316' title='bbox 296 2453 402 2486; x_wconf 80' lang='lat' dir='ltr'>quam</span> <span class='ocrx_word' id='word_1_317' title='bbox 429 2439 523 2472; x_wconf 83' lang='lat' dir='ltr'>decet</span> <span class='ocrx_word' id='word_1_318' title='bbox 548 2438 673 2472; x_wconf 73' lang='lat' dir='ltr'>habere</span> <span class='ocrx_word' id='word_1_319' title='bbox 698 2440 889 2485; x_wconf 77' lang='lat' dir='ltr'>ingenuum</span> <span class='ocrx_word' id='word_1_320' title='bbox 923 2440 1112 2476; x_wconf 76' lang='lat' dir='ltr'>hominem,</span> <span class='ocrx_word' id='word_1_321' title='bbox 1147 2442 1304 2475; x_wconf 81' lang='lat' dir='ltr'>ostendit.</span> <span class='ocrx_word' id='word_1_322' title='bbox 1353 2443 1412 2476; x_wconf 84' lang='lat' dir='ltr'>Sic</span> <span class='ocrx_word' id='word_1_323' title='bbox 1437 2443 1638 2475; x_wconf 76' lang='lat' dir='ltr'>conveniens</span> 
     </span>
     <span class='ocr_line' id='line_1_36' title="bbox 297 2505 1639 2552; baseline 0.003 -15"><span class='ocrx_word' id='word_1_324' title='bbox 297 2505 431 2547; x_wconf 91' lang='lat' dir='ltr'>quidem</span> <span class='ocrx_word' id='word_1_325' title='bbox 459 2509 532 2538; x_wconf 87' lang='lat' dir='ltr'>erat</span> <span class='ocrx_word' id='word_1_326' title='bbox 558 2506 589 2538; x_wconf 91' lang='lat' dir='ltr'>in</span> <span class='ocrx_word' id='word_1_327' title='bbox 616 2507 757 2539; x_wconf 83' lang='lat' dir='ltr'>exordio</span> <span class='ocrx_word' id='word_1_328' title='bbox 784 2508 984 2540; x_wconf 89' lang='lat' dir='ltr'>tenuitatem</span> <span class='ocrx_word' id='word_1_329' title='bbox 1017 2508 1136 2541; x_wconf 80' lang='lat' dir='ltr'>virium</span> <span class='ocrx_word' id='word_1_330' title='bbox 1171 2509 1346 2549; x_wconf 86' lang='lat' dir='ltr'>excusari,</span> <span class='ocrx_word' id='word_1_331' title='bbox 1382 2518 1493 2550; x_wconf 88' lang='lat' dir='ltr'>neque</span> <span class='ocrx_word' id='word_1_332' title='bbox 1518 2508 1551 2540; x_wconf 90' lang='lat' dir='ltr'>id</span> <span class='ocrx_word' id='word_1_333' title='bbox 1579 2519 1639 2552; x_wconf 91' lang='lat' dir='ltr'>per</span> 
     </span>
     <span class='ocr_line' id='line_1_37' title="bbox 296 2569 1638 2615; baseline 0.002 -11"><span class='ocrx_word' id='word_1_334' title='bbox 296 2580 334 2604; x_wconf 84' lang='lat' dir='ltr'>se</span> <span class='ocrx_word' id='word_1_335' title='bbox 359 2571 480 2613; x_wconf 90' lang='lat' dir='ltr'>aliquis</span> <span class='ocrx_word' id='word_1_336' title='bbox 506 2569 750 2614; x_wconf 81' lang='lat' dir='ltr'>reprehendat,</span> <span class='ocrx_word' id='word_1_337' title='bbox 784 2571 844 2605; x_wconf 94' lang='lat' dir='ltr'>sed</span> <span class='ocrx_word' id='word_1_338' title='bbox 869 2571 946 2605; x_wconf 81' lang='lat' dir='ltr'>vide</span> <span class='ocrx_word' id='word_1_339' title='bbox 981 2583 1081 2615; x_wconf 87' lang='lat' dir='ltr'>quam</span> <span class='ocrx_word' id='word_1_340' title='bbox 1115 2574 1221 2606; x_wconf 88' lang='lat' dir='ltr'>multa</span> <span class='ocrx_word' id='word_1_341' title='bbox 1253 2573 1297 2606; x_wconf 89' lang='lat' dir='ltr'>ibi</span> <span class='ocrx_word' id='word_1_342' title='bbox 1331 2573 1434 2606; x_wconf 83' lang='lat' dir='ltr'>verba</span> <span class='ocrx_word' id='word_1_343' title='bbox 1467 2573 1569 2607; x_wconf 81' lang='lat' dir='ltr'>faciat</span> <span class='ocrx_word' id='word_1_344' title='bbox 1595 2574 1638 2608; x_wconf 86' lang='lat' dir='ltr'>de</span> 
     </span>
     <span class='ocr_line' id='line_1_38' title="bbox 297 2638 1638 2683; baseline 0.001 -12"><span class='ocrx_word' id='word_1_345' title='bbox 297 2647 354 2678; x_wconf 85' lang='lat' dir='ltr'>re,</span> <span class='ocrx_word' id='word_1_346' title='bbox 389 2647 488 2681; x_wconf 83' lang='lat' dir='ltr'>quam</span> <span class='ocrx_word' id='word_1_347' title='bbox 526 2638 725 2681; x_wconf 83' lang='lat' dir='ltr'>generosior</span> <span class='ocrx_word' id='word_1_348' title='bbox 759 2642 859 2682; x_wconf 87' lang='lat' dir='ltr'>poeta</span> <span class='ocrx_word' id='word_1_349' title='bbox 895 2639 1043 2674; x_wconf 83' lang='lat' dir='ltr'>breviter</span> <span class='ocrx_word' id='word_1_350' title='bbox 1078 2638 1262 2682; x_wconf 79' lang='lat' dir='ltr'>significat,</span> <span class='ocrx_word' id='word_1_351' title='bbox 1298 2643 1402 2683; x_wconf 86' lang='lat' dir='ltr'>utque</span> <span class='ocrx_word' id='word_1_352' title='bbox 1438 2640 1524 2673; x_wconf 84' lang='lat' dir='ltr'>adeo</span> <span class='ocrx_word' id='word_1_353' title='bbox 1555 2639 1638 2674; x_wconf 88' lang='lat' dir='ltr'>deos</span> 
     </span>
    </p>
   </div>
  </div>
 </body>
</html>
