1721 2953
262 131 314 169 40
583 125 952 168 (ΌΜΜΕΝΤΑΠ.
983 129 1040 167 ΙΝ
1072 127 1299 168 'l‘lffljLLl

265 244 325 276 Sic
346 243 503 287 praemia
530 242 581 274 hic
609 251 669 284 pro
696 241 839 284 pecunia
864 241 973 282 dicta,
1008 246 1045 275 ut
1077 246 1168 275 recte
1193 243 1511 276 chnnnmcnms
1538 254 1611 276 mo-

264 315 331 343 net.
383 309 532 342 Notante
558 307 678 340 Nomo
704 318 734 341 c.
759 310 792 340 2.
826 318 878 341 nr.
902 311 983 343 629.
1019 299 1262 352 praemiatores
1287 308 1487 342 dicebantur
1510 318 1613 352 prae-

264 377 370 409 dones
395 374 425 407 h.
451 385 480 408 e.
507 374 563 417 qui
589 373 719 406 insidiis
744 375 919 407 nocturnis
944 375 1074 408 lucrum
1098 378 1275 417 quaerunt.
1326 374 1491 407 Similiter
1515 374 1612 406 Pno-

265 452 372 474 PBRT.
396 439 458 481 ΠΙ,
486 442 541 481 13,
565 440 629 472 46:
655 438 728 472 sive
747 445 854 483 petas
880 439 1015 472 calamo
1036 439 1196 483 praemia
1223 439 1296 472 sive
1322 450 1418 475 cane,
1443 443 1477 472 et
1504 439 1612 472 Ovm.

264 504 410 538 Remed.
444 505 560 537 Amor.
586 505 674 537 208:
709 503 822 536 lenius
855 509 908 536 est
942 503 1120 541 stadium,
1156 504 1317 538 studium
1351 510 1489 540 tamen,
1526 504 1613 536 alite

266 575 375 614 capta
405 575 469 601 aut
499 568 571 601 lino
603 574 670 600 aut
697 567 844 600 calamis
863 569 1025 611 praemia
1047 580 1164 613 parva
1188 569 1307 615 sequi,
1344 573 1396 603 est
1421 571 1612 612 venatione,

265 637 424 680 aucupio,
450 636 636 680 piscatione
654 636 785 668 lucrum
803 646 969 678 quaerere
991 639 1026 668 et
1045 635 1249 669 mercedem.
1297 635 1487 677 Potestque
1509 635 1610 668 etiam

268 703 378 745 ipsum
404 702 539 742 animal,
567 702 639 744 ipsa
663 711 719 733 res
746 704 844 744 rapta
870 701 1055 743 praemium
1082 701 1161 742 dici,
1197 705 1234 734 ut
1260 700 1403 733 Hom'r.
1429 699 1541 744 Epod.
1567 701 1614 742 11,

266 770 325 801 36.
362 767 469 799 Ovio.
498 766 580 799 Met.
609 766 667 807 Vl,
694 768 776 798 518.
825 766 1004 798 Postremo
1029 765 1071 798 ad
1098 769 1207 799 totum
1244 765 1413 799 distichon
1439 765 1613 799 Hermus

268 833 401 868 confert
424 834 651 867 ΑιΒῐΝονΛΝ.
678 833 710 866 in
738 832 928 866 Maecenat.
955 833 1037 866 obit.
1064 835 1122 867 29.
1147 835 1213 866 30:
1240 834 1352 866 Nocte
1377 831 1442 866 suh
1468 832 1617 866 obscura

266 900 347 946 quis
372 906 406 932 te
428 900 597 944 spoliavit
623 898 827 932 amantem?
875 900 964 945 Quis
989 900 1113 947 tetigit
1137 900 1252 947 ferro,
1280 900 1402 934 durior
1432 900 1526 945 ipse,
1560 900 1616 933 la-

268 963 423 998 tus?—
448 966 488 999 V.
516 968 561 998 29
587 977 638 1008 sq.
665 969 883 1008 tutusque
906 976 1149 1009 sacerque,
1176 965 1207 1001 h.
1235 977 1265 1000 e.
1294 977 1370 1000 cum
1395 967 1440 1000 sit
1465 971 1557 1000 tutus
1583 971 1618 1000 et

269 1042 377 1067 sacer.
426 1031 588 1065 Ceterum
613 1032 796 1076 particulas
821 1044 888 1078 que
909 1049 956 1059 —-
980 1044 1066 1078 que,
1098 1044 1163 1078 que
1187 1051 1235 1058 —
1259 1038 1295 1064 et
1320 1033 1473 1076 pluribus
1498 1044 1616 1067 exem-

268 1097 335 1140 plis
357 1097 507 1130 ostendit
531 1098 871 1141 Wmvnnnmcnms,
906 1103 944 1132 ut
968 1099 1058 1142 apud
1085 1100 1240 1132 Graecos
1264 1112 1303 1131 ’τε
1329 1117 1371 1126 —·
1402 1104 1481 1138 καί,
1509 1101 1614 1135 etiam

269 1164 435 1197 similibus
461 1170 495 1198 et
531 1175 648 1208 parum
674 1165 819 1198 diversis
853 1166 1048 1199 notionibus
1083 1166 1284 1210 copulandis
1309 1168 1492 1210 inservire,
1526 1174 1565 1202 ut
1588 1170 1614 1211 1,

270 1235 303 1273 9,
322 1234 380 1265 20.
407 1233 451 1274 ΙΙ,
470 1236 503 1273 3,
522 1235 578 1266 25.
630 1233 765 1267 Addere
790 1233 956 1267 debebat:
981 1235 1054 1267 fieri
1079 1234 1143 1270 hoc
1169 1236 1202 1268 in
1228 1237 1513 1279 amplificatione3
1538 1237 1617 1272 vido

271 1309 359 1340 quae
393 1300 506 1332 monui
539 1299 582 1332 ad
620 1301 729 1334 Pmn.
756 1301 811 1335 Ol.
837 1300 931 1342 XIV,
955 1305 989 1334 5.
1024 1313 1057 1345 p·
1085 1304 1165 1335 157.
1197 1320 1244 1326 -—
1283 1289 1366 1336 non
1390 1321 1437 1327 —
1466 1303 1619 1346 decet,

271 1369 366 1398 recte
391 1369 425 1398 et
450 1376 613 1406 nervose3
638 1377 719 1399 cave
745 1377 821 1400 cum
848 1367 1147 1400 WUNDERmcmo
1172 1380 1234 1400 nec
1260 1369 1403 1412 probes,
1428 1369 1520 1412 quod
1546 1370 1618 1402 lan-

271 1431 423 1473 guidum.
473 1431 628 1474 Denique
654 1432 694 1466 ad
721 1436 829 1466 totum
863 1434 972 1467 locum
1008 1434 1125 1467 confer
1150 1434 1240 1467 idem
1265 1433 1378 1467 thema
1403 1445 1422 1467 a
1447 1435 1619 1468 PROPER-

273 1507 335 1531 ¹1=10
359 1501 560 1538 tractatum,
594 1497 656 1540 111,
683 1500 739 1539 16;
767 1500 807 1531 ll
835 1509 909 1541 sqq.
934 1517 980 1522 —
1017 1499 1057 1532 V.
1083 1501 1126 1531 31
1153 1509 1203 1542 sq.
1252 1499 1396 1532 Dixerat
1421 1500 1464 1533 de
1489 1499 1619 1534 insidiis

274 1568 309 1597 et
331 1565 510 1608 periculis3
535 1575 623 1598 nunc
643 1566 775 1608 pergit:
805 1565 929 1598 Etiam
953 1565 1076 1598 hiemis
1101 1565 1153 1599 vis
1179 1578 1247 1599 non
1267 1573 1367 1600 nocet
1393 1567 1488 1604 mihi,
1513 1568 1621 1600 etiam

273 1629 398 1663 hiemis
432 1630 502 1662 vim
526 1631 628 1676 facit
658 1632 777 1664 Venus
809 1637 852 1664 ut
885 1631 959 1664 sine
995 1631 1122 1664 (Iamno
1140 1631 1284 1676 feram,
1324 1631 1410 1677 quia
1435 1644 1503 1665 non
1527 1633 1621 1666 iners

272 1707 351 1729 sum
375 1709 438 1730 nec
463 1697 595 1730 declino
620 1696 772 1730 laborem
797 1703 832 1730 et
858 1698 1049 1732 molestias.
1101 1697 1163 1731 *Ne
1192 1697 1310 1731 dubita
1335 1698 1423 1731 enim
1449 1708 1537 1732 nuuc
1562 1708 1620 1732 re·

274 1762 360 1805 spici
395 1772 415 1795 a
447 1766 549 1806 poeta
583 1762 724 1796 alteram
759 1767 890 1807 partem
925 1762 1058 1796 distichi
1083 1763 1268 1806 superioris
1293 1774 1324 1797 v.
1350 1766 1414 1796 23:
1450 1775 1535 1809 quos
1560 1775 1622 1796 nec

272 1828 404 1861 inertia
434 1828 571 1862 tardat.
596 1847 642 1853 --
681 1830 832 1873 pigra,
873 1831 996 1873 quibus
1031 1831 1145 1873 rigent
1180 1830 1342 1863 membra.
1391 1829 1532 1862 Luem.
1560 1829 1621 1870 lv,

273 1896 332 1928 50.
364 1896 445 1927 652.
469 1912 516 1920 -
552 1895 595 1928 V.
622 1896 678 1928 33.
715 1895 844 1928 labor
876 1894 968 1936 hic,
1006 1894 1069 1928 hae
1103 1895 1280 1928 molestiae
1314 1894 1451 1937 frigoris
1485 1898 1521 1926 et
1556 1894 1622 1927 im-

275 1959 396 1992 brium.
430 1978 476 1984 —
526 1959 692 2000 laedit,
740 1959 809 1992 noli
851 1958 966 1991 laedet
1003 1963 1062 1992 aut
1095 1959 1217 1991 laedat
1253 1958 1510 2000 commendare,
1552 1969 1621 2001 quo

275 2024 491 2066 frangeretur
517 2025 568 2056 vis
594 2024 670 2058 loci.
719 2024 827 2057 Immo
853 2025 918 2056 iam
945 2035 1032 2057 nunc
1059 2026 1235 2069 experitur
1261 2024 1344 2058 llaec
1370 2023 1504 2065 omnia,
1541 2023 1622 2056 dum

275 2091 424 2132 agitatus
459 2090 550 2122 curis
583 2091 708 2123 amoris
743 2101 805 2134 per
839 2092 957 2124 urbem
989 2096 1099 2133 errat,
1138 2103 1199 2124 nec
1233 2097 1357 2123 nocent
1391 2090 1423 2122 ei
1456 2095 1523 2122 aut
1558 2102 1620 2122 no·-

277 2153 403 2186 cebant
438 2153 501 2188 hae
536 2157 734 2199 molestiae,
772 2159 800 2190 si
836 2159 937 2191 modo
973 2158 1063 2192 t'ores
1088 2159 1208 2191 Deliae
1234 2169 1300 2191 non
1325 2167 1460 2201 semper
1484 2157 1621 2190 clausae

275 2222 352 2255 sint.
404 2223 564 2256 Ceterum
599 2224 686 2258 adde
711 2225 998 2259 Wmvnssnmcnn
1026 2226 1221 2259 Observatt.
1247 2243 1292 2250 -
1331 2226 1374 2259 V.
1399 2226 1456 2258 34.
1491 2227 1622 2257 vocet

277 2286 329 2319 ad
363 2289 582 2330 sonitum,
621 2294 659 2322 ut
693 2301 816 2333 sequar
841 2292 986 2324 sonitum
1013 2291 1121 2333 digiti.
1148 2310 1192 2314 —-
1238 2292 1351 2333 Atque
1375 2289 1458 2323 haec
1483 2288 1620 2331 quidem

277 2353 321 2388 de
345 2352 406 2387 his.
456 2354 649 2390 Exsecutus
676 2361 728 2390 est
754 2362 855 2401 poeta
887 2360 1076 2392 sententiae
1114 2357 1259 2392 disticho
1292 2369 1346 2392 vv.
1371 2360 1428 2390 23.
1454 2358 1510 2389 24.
1539 2366 1620 2400 pro-

277 2421 411 2464 positae
436 2427 612 2465 uti-amque
637 2428 779 2468 partem.
830 2426 968 2459 Transit
993 2437 1080 2460 nunc
1108 2427 1150 2460 ad
1177 2427 1331 2459 ultimum
1361 2426 1492 2464 locum,
1520 2434 1620 2466 quem

278 2487 333 2521 hic
360 2489 530 2522 tractabit.
557 2510 602 2515 —
641 2491 681 2524 V.
715 2494 761 2524 35
785 2503 859 2535 sqq.
921 2494 1059 2526 Sensus·
1087 2493 1152 2526 loci
1187 2497 1222 2525 et
1246 2501 1354 2525 nexus
1377 2501 1453 2524 cum
1481 2495 1622 2524 antece-

278 2553 438 2587 dentibus
474 2554 527 2588 hie
562 2558 633 2596 est,
667 2560 702 2588 ut
731 2557 882 2590 videtur:
923 2558 1039 2593 Quare
1064 2559 1165 2591 etiam
1192 2566 1312 2589 nomen
1339 2566 1451 2589 meum
1477 2567 1519 2589 ne
1546 2557 1622 2598 quis

277 2620 397 2663 prodat
435 2622 574 2663 marito,
611 2623 668 2665 qui
704 2623 736 2656 in
772 2629 840 2658 tam
875 2628 969 2657 certa
1006 2624 1112 2656 tutela
1145 2623 1208 2656 sim
1247 2622 1399 2656 Veneris.
1428 2640 1470 2647 —
1521 2622 1622 2654 Par-
