1721 2953
435 128 676 177 TIBULLI
724 128 834 175 LIB.
863 130 913 176 Il.
943 138 976 175 5.
1318 130 1378 176 53

35 260 181 308 essed
212 272 314 306 tunc
345 254 588 322 pascebant
625 253 817 302 herbosa
851 252 1019 301 Palatia
1055 270 1212 301 vaccae

154 347 209 393 Et
243 343 421 392 stabant
455 340 646 389 humiles
683 341 730 388 in
766 341 882 388 Iovis
918 358 1017 388 arce
1053 358 1192 387 casae.

86 434 217 478 Lacte
254 429 441 476 madens
477 427 567 476 illic
601 427 783 475 suberat
813 427 907 474 Pan
945 425 1058 474 ilicis
1092 425 1277 473 umbrae

147 517 205 563 Et
240 517 356 563 facta
380 514 551 579 agresti
582 513 732 578 lignea
767 512 880 561 falce
915 512 1071 570 Pales,

88 602 409 667 Pendebatque
445 600 547 664 vagi
580 599 773 666 pastoris
806 598 852 646 in
891 599 1051 646 arbore
1088 609 1250 656 votum,

32 700 80 735 30
159 687 353 735 Garrula
388 686 576 734 silvestri
614 685 763 733 fistula
799 704 925 733 sacra
962 684 1069 741 deo,

85 772 279 831 Fistula,
325 773 396 820 cui
432 790 608 838 semper
645 771 862 819 decrescit
898 769 1134 817 arundinis
1169 768 1304 815 ordo:

150 860 265 906 Nam
302 858 499 907 calamus
537 877 637 906 cera
671 857 875 920 iungitur
911 873 1054 922 usque
1092 855 1253 902 minor.

86 945 145 992 At
181 965 269 1010 qua
304 944 486 993 Velabri
517 945 643 1008 regio
680 955 823 1010 patet,
868 943 933 990 ire
966 941 1139 989 solebat

154 1031 354 1094 Exiguus
390 1030 520 1097 pulsa
555 1049 638 1096 per
669 1029 781 1076 vada
818 1027 951 1076 linter
987 1046 1114 1093 aqua.

34 1116 172 1165 35llla
204 1136 336 1182 saepe
372 1117 520 1181 gregis
558 1116 662 1163 ditis
697 1114 917 1180 placitura
948 1114 1163 1176 magistro

159 1204 233 1251 Ad
269 1205 470 1251 iuvenem
509 1202 621 1249 festa
658 1213 722 1248 est
755 1212 877 1247 vecta
912 1198 1059 1264 puella
1096 1198 1192 1255 die,

94 1292 204 1338 Cum
240 1309 328 1355 qua
362 1288 546 1337 secundi
583 1288 814 1334 redierunt
846 1303 1032 1333 munera
1068 1283 1210 1339 ruris,

158 1377 322 1422 Caseus
360 1386 401 1421 et
434 1374 588 1420 niveae
625 1371 847 1420 candidus
886 1389 1029 1434 agnus
1062 1369 1189 1429 ovis.)

83 1463 304 1528 ‘Impiger
333 1461 513 1518 Aenea,
557 1458 782 1529 volitantis
815 1457 953 1504 frater
980 1456 1185 1512 Amoris,

35 1561 83 1597 40
161 1548 324 1595 Troica
360 1547 434 1612 qui
473 1544 679 1612 profugis
717 1563 842 1591 sacra
878 1542 1002 1590 vehis
1037 1541 1234 1598 ratibus,

90 1638 186 1683 Iam
222 1635 304 1682 tibi
337 1635 583 1680 Laurentes
621 1631 819 1694 assignat
853 1629 1056 1695 Iuppiter
1092 1647 1249 1691 agros,

156 1723 250 1768 Iam
286 1731 414 1767 vocat
450 1729 646 1765 errantes
678 1717 856 1781 hospita
892 1727 1009 1761 terra
1044 1715 1192 1760 Lares.

95 1807 190 1854 Illic
227 1817 406 1853 sanctus
440 1804 553 1861 eris,
601 1822 699 1850 cum
738 1814 777 1849 te
809 1800 1062 1848 veneranda
1098 1798 1273 1846 Numici

160 1891 296 1939 Unda
331 1891 463 1937 deum
500 1888 621 1936 caelo
654 1888 823 1935 miserit
857 1886 1117 1950 Indigetem.

39 1980 213 2029 45Ecce
250 1996 385 2042 super
418 1976 557 2022 fessas
589 1975 740 2035 volitat
775 1974 973 2022 Victoria
1007 1991 1208 2038 puppes,

160 2063 363 2110 Tandem
399 2061 456 2108 ad
492 2061 713 2108 Troianos
753 2060 852 2107 diva
890 2059 1087 2124 superba
1119 2058 1247 2105 venit.

134 2207 176 2240 V.
195 2210 251 2239 32.
290 2206 397 2239 Nam
434 2206 536 2248 vulgo
574 2206 659 2238 libri.
734 2206 891 2238 Puccms
931 2206 1001 2246 Et,
1047 2203 1137 2245 quod
1184 2204 1386 2244 receperunt

40 2272 209 2312 Vossius,
247 2272 584 2312 WUNDssnmcmus,
621 2271 795 2303 Bicmcs.
827 2287 871 2293 —-
934 2271 974 2302 V.
995 2272 1052 2302 35.
1090 2267 1270 2300 Munwrns
1307 2264 1385 2307 (liti,

40 2348 138 2380 quem
164 2342 349 2380 sequuntur
374 2337 507 2378 Doum,
534 2337 796 2376 Piissunxrms,
824 2336 999 2374 mems,
1024 2334 1187 2373 VOSSIUS,
1214 2332 1386 2372 BAcnms,

40 2402 269 2443 Huscmuus,
304 2403 540 2435 Gonssimrus.
591 2403 701 2443 Atque
732 2400 796 2432 liuc
825 2400 897 2443 ipse
924 2400 1024 2432 etiam
1054 2398 1186 2431 inclino.

135 2469 177 2502 V.
192 2470 248 2502 40.
274 2468 438 2501 Troica
470 2466 588 2510 optimi
616 2471 649 2498 et
676 2466 838 2509 plerique.
889 2465 1003 2507 Vulgo
1033 2462 1157 2505 Troia,
1191 2462 1280 2506 quod
1311 2465 1385 2494 tan-

43 2543 141 2576 quam
180 2533 390 2566 emendatius
427 2537 461 2566 et
500 2532 633 2565 doctius
677 2531 935 2564 Buouxnusms
983 2540 1025 2563 ex
1068 2539 1134 2563 uuo
1171 2529 1385 2562 Boumumo

43 2599 204 2643 reposuit.
265 2598 350 2631 Vide
385 2598 426 2632 de
451 2609 482 2632 v.
511 2597 703 2631 Observatt.
735 2596 887 2630 Hermi.
