1721 2953
645 128 886 170 TIBULLI.
1328 138 1439 163 xlxii

91 249 293 301 imprimis
325 243 490 299 quidem
521 242 669 283 Isidem
700 244 869 293 colebat,
900 242 951 281 cf.
977 242 1005 291 Ι,
1036 245 1074 291 3,
1104 244 1155 279 23
1181 255 1283 293 sqq„
1314 254 1436 293 quem

90 327 245 365 cultum
285 330 431 362 notum
467 334 564 361 sane
601 320 749 359 multas
789 328 876 358 tum
903 318 1075 358 seminas
1103 316 1285 357 libidinis
1317 330 1437 356 causa

88 409 257 450 secutas,
291 400 357 439 cui
382 397 444 437 rei
472 396 822 449 opportunitatem
852 395 1106 446 praebebant
1139 393 1291 446 templa
1315 391 1436 442 deae3

86 477 157 519 sed
181 491 269 517 non
299 489 441 516 omnes
478 473 600 514 credo
630 473 702 513 tali
728 471 950 525 cupiditate
980 471 1124 511 ductae
1154 478 1272 521 sunt,
1313 477 1436 523 atque

85 554 206 593 etiam
236 552 280 592 in
311 550 469 591 Tibulli
497 551 590 590 loco
620 547 800 588 indicato
832 550 991 589 nullum
1019 548 1109 587 talis
1138 548 1184 587 in
1212 555 1335 600 poeta
1367 559 1436 586 su-

83 629 277 684 spicionis
306 627 544 679 vestigium,
585 625 656 666 sed
694 625 909 678 probabile
940 630 1000 664 est
1028 624 1193 662 Deliam
1223 622 1435 674 prioribus

81 708 204 748 huius
245 706 397 747 amoris
437 704 556 745 annis
595 704 769 744 alienam
806 703 932 743 fuisse
965 702 1015 741 ab
1050 700 1128 740 ista
1166 697 1435 752 turpitudine,

83 799 206 839 quam
234 792 378 837 postea
405 782 527 821 etiam
557 781 699 821 Bonae
730 779 830 818 deae
861 791 975 818 sacra
1002 777 1168 816 nolebat
1196 783 1320 828 poeta
1348 776 1434 814 sine

82 858 250 899 custode
282 860 557 911 subsequente
592 855 718 895 adire.
778 852 859 894 Sed
888 854 966 893 hoc
996 861 1162 906 postea,
1205 853 1319 905 prius
1355 852 1434 890 alia

79 948 166 986 res;
198 947 293 974 nam
324 941 480 973 certum
512 939 573 970 est
603 944 692 971 eam
724 930 894 971 omnino
924 929 1157 980 religiosam
1191 929 1343 977 fuisse,
1382 927 1434 966 cf.

80 1016 109 1063 I,
138 1018 174 1063 3,
206 1016 258 1052 10
289 1025 379 1065 sqq.
390 1040 401 1061 ,
434 1010 609 1050 similem
640 1009 761 1049 etiam
789 1007 833 1048 in
861 1009 941 1048 hoe
971 1008 1153 1047 Tibullo.
1211 1007 1347 1060 Atque
1376 1006 1433 1045 ita

81 1091 233 1130 factum
265 1097 313 1128 ut
340 1089 487 1140 plenae
527 1087 609 1125 sint
646 1086 723 1125 hae
766 1084 916 1135 elegiae
959 1082 1305 1134 descriptionibus
1336 1082 1433 1120 reli-

79 1167 225 1218 giosis,
267 1178 445 1218 quarum
483 1161 685 1216 quaedam
727 1163 761 1202 si
800 1160 983 1200 taedium
1024 1161 1181 1200 faciunt
1222 1160 1432 1199 nonnullis

79 1241 411 1296 superstitionem
450 1240 659 1280 fastidiose
697 1238 1077 1286 contemnentibus,
1121 1249 1193 1288 ego
1224 1237 1342 1276 aliter
1368 1236 1433 1275 iu-

79 1319 192 1367 dico,
243 1317 316 1370 qui
359 1316 480 1354 etiam
520 1316 586 1354 hic
630 1313 800 1352 numine
839 1313 1010 1365 plenum
1053 1312 1235 1351 animum
1277 1311 1433 1351 Tibulli

79 1405 314 1445 agnoscam,
353 1392 557 1442 poeticam
599 1399 735 1430 autem
776 1390 860 1431 vim
898 1390 1048 1430 haruin
1086 1403 1228 1429 rerum
1269 1388 1431 1429 videam

75 1485 162 1512 non
192 1482 375 1523 parvam.
398 1467 435 1521 ⁴¹)

167 1614 201 1657 ³)
226 1613 345 1646 Mirari
370 1611 452 1645 satis
478 1620 544 1643 non
566 1620 715 1654 possum,
744 1610 822 1652 quid
850 1608 1011 1642 acciderit
1035 1608 1221 1650 Passovio‚
1251 1609 1322 1641 viro
1349 1608 1429 1641 dum

72 1674 206 1707 vivebat
240 1673 391 1706 accurati
428 1670 563 1709 iudicii,
601 1674 638 1702 ut
677 1670 710 1702 in
752 1668 999 1702 Dissertatione
1035 1667 1078 1700 de
1115 1668 1326 1711 temporibus
1362 1669 1434 1701 ele—

71 1732 202 1774 giarum
238 1742 340 1774 supra
384 1730 533 1762 indicata
587 1739 665 1771 pag.
702 1730 758 1761 11.
803 1729 852 1759 sic
897 1727 1082 1759 scriberet:
1134 1728 1300 1767 „Animus
1337 1728 1432 1767 leuis,

70 1790 301 1831 „henes-olus,
353 1788 394 1820 nd
431 1788 519 1820 ruris
563 1786 686 1828 gaudia
730 1795 919 1828 propensus
952 1785 1159 1826 insignisque
1187 1796 1270 1826 erga
1307 1786 1434 1828 patrios

69 1852 176 1894 „deos
216 1852 324 1895 pietas
362 1851 538 1882 cesserunt
575 1847 712 1878 insanae
758 1843 991 1877 vehementiae
1034 1845 1281 1887 impotentique
1315 1845 1432 1886 furori,

69 1911 213 1952 „quibus
247 1909 290 1942 ad
328 1911 484 1941 extrema
517 1913 672 1947 quaeque
698 1903 807 1946 abripi
841 1913 879 1935 se
917 1902 1110 1946 patiebatur
1140 1902 1176 1934 in
1206 1903 1298 1936 omni
1328 1904 1431 1949 faci-

70 1981 240 2011 „norosae
279 1966 375 2000 urhis
411 1965 573 1997 dedecore
611 1962 800 1996 volutatus
838 1961 1110 2005 foedissimisque
1157 1962 1292 1996 deditus
1326 1963 1432 1996 salsae

68 2029 266 2072 „religionis
321 2025 655 2070 superstitionibus.“
719 2023 855 2056 Laudat
889 2022 924 2064 I,
961 2028 1005 2064 2,
1038 2025 1180 2056 43-66.
1221 2027 1260 2065 6,
1287 2025 1431 2058 43-56.

68 2091 109 2129 5,
134 2089 252 2120 9-16.
327 2085 456 2118 Credas
493 2084 536 2117 de
568 2083 788 2127 spurcissimo
825 2080 958 2114 homine
998 2082 1090 2125 loqui
1129 2083 1237 2116 virum
1281 2084 1429 2117 doctum.

69 2148 114 2180 At
153 2157 255 2190 quam
291 2145 437 2178 iniuste!
499 2143 578 2187 Ipse
615 2142 718 2176 affert
747 2139 886 2174 Goethii
923 2142 1030 2174 nostri
1068 2142 1171 2175 verba
1210 2143 1297 2185 eleg.
1326 2143 1428 2176 Rom.

68 2204 128 2247 IV,
155 2208 196 2239 1:

162 2264 301 2298 Fromm
330 2262 406 2297 sind
430 2262 491 2294 wir
516 2261 714 2303 Liebende,
748 2261 816 2294 still
842 2259 1007 2294 verehren
1033 2260 1094 2292 wir
1125 2261 1191 2293 alle
1215 2260 1407 2295 Diimonen.

68 2323 158 2356 Sane
187 2333 302 2364 sagam
327 2321 399 2355 adit
419 2321 576 2353 Tibullus
602 2324 636 2353 et
656 2319 823 2352 Bellonae
849 2319 1062 2352 sacerdotem
1081 2323 1116 2351 et
1142 2320 1262 2352 lustrat
1281 2322 1427 2363 puellam

68 2385 303 2424 aegrotantem
340 2380 488 2414 adhibita
525 2390 644 2422 maga,
687 2378 747 2411 sed
772 2378 943 2420 quomodo
983 2378 1142 2421 probabis
1179 2379 1257 2412 inde
1293 2385 1429 2424 poetam

71 2441 206 2473 exuisse
231 2442 395 2485 pietatem
421 2451 502 2482 erga
528 2440 654 2483 patrios
676 2438 758 2471 deos
785 2442 820 2471 et
842 2438 1008 2472 abiecisse
1034 2449 1152 2472 sensus
1179 2441 1330 2483 priores,
1371 2444 1427 2484 qui

73 2503 193 2541 postea
234 2500 266 2532 in
292 2499 440 2533 secundo
481 2499 566 2531 libro
599 2502 755 2541 agrestes
791 2497 873 2531 deos
897 2501 931 2531 et
961 2499 1108 2532 rusticae
1142 2498 1230 2532 vitae
1267 2499 1427 2543 simplici<

70 2560 175 2590 tatem
210 2559 332 2591 cecinit
366 2557 612 2602 pulcherrime!
662 2557 815 2591 Verbum
849 2567 916 2590 non
953 2557 1053 2591 addo.
1114 2557 1248 2602 Nempe
1283 2569 1430 2602 genero-

71 2617 141 2649 sior
167 2618 294 2652 animus
321 2619 420 2652 etiam
445 2618 704 2661 superstitiones
728 2617 832 2660 vulgi,
862 2618 888 2652 si
916 2617 1044 2658 credit,
1072 2617 1113 2651 ad
1141 2617 1263 2651 altiora
1289 2621 1428 2651 revocat
