1721 2953
297 172 377 209 402
589 165 961 209 COMMENTAR.
992 168 1051 209 IN
1082 169 1312 210 TIBULLI

296 295 357 318 nos
383 282 479 316 redit.
529 280 607 314 Non
632 280 738 324 igitur
760 280 806 314 ad
828 281 968 316 verbum
992 282 1160 325 expressit
1185 286 1287 326 poeta
1309 281 1497 316 Romnum
1518 282 1642 324 Odyss.

296 353 363 394 ΧΙ,
391 354 455 383 15:
491 345 570 381 οιῗδέ
596 345 671 380 ποτ’
695 344 821 385 αὗτοῦς
845 345 979 387 ’[Ῑέλιος
1005 351 1145 388 φαέθων
1172 350 1421 394 καταδέρκεται
1445 347 1644 389 ἀκτίνεσσιν,

295 416 379 452 0130'
412 413 507 448 ὁπότ’
537 411 579 448 ἂν
612 418 767 460 στιίχῃσι
801 412 885 460 πρὸς
923 414 1067 461 «niguarda
1100 413 1318 461 (ἴοι-ἐρόεντα,
1362 413 1449 450 Οὐδ’
1474 411 1557 449 ὅταν
1592 411 1642 457 ἶὶψ

294 488 346 517 ἐπὶ
379 491 481 526 γαῖαν
515 480 573 514 u'rr'
600 479 789 527 οὐρανόθεν
818 479 1079 528 προτράπηται,
1113 483 1194 516 licet
1221 486 1300 516 ante
1328 484 1446 517 oculos
1476 482 1641 525 habuerit,

293 550 353 583 sed
389 550 472 583 alias
508 550 686 593 opiniones
719 554 857 584 secutus
890 554 952 584 est.
1022 550 1234 583 Habitabant
1271 553 1384 583 autem
1419 551 1452 583 in
1488 554 1641 583 extrema

293 621 404 650 terrae
434 628 493 650 ora
519 617 712 659 Cimmerii,
747 620 785 650 ut
809 618 863 651 vel
893 618 1030 661 superni
1061 618 1113 650 vel
1146 617 1267 650 inferni
1297 617 1378 650 solis
1405 617 1529 650 lumine
1557 617 1639 650 tacti

294 685 454 724 fuissent,
501 684 564 716 nisi
599 684 726 717 densae
760 684 904 718 nebulae
939 685 979 717 iis
1012 684 1265 725 incubuissent,
1310 682 1458 716 nebulae
1491 683 1640 729 caligine

292 751 440 787 mixtae,
474 754 512 783 ut
536 751 691 783 Ovmms
717 750 804 784 Met.
823 750 885 792 XI,
907 752 989 783 595.
1018 749 1110 783 dicit.
1161 750 1276 784 Quare
1302 749 1483 793 expeditus
1507 749 1641 782 videtur

292 818 395 850 locus.
468 817 590 850 Vossn
624 817 804 849 lectionem
843 814 1044 857 „candente
1082 813 1153 846 dies
1185 813 1356 858 apparuit
1390 814 1538 855 aestu,“
1573 823 1640 846 non

290 882 481 926 probabis,
504 882 630 925 quippe
662 891 727 914 non
754 891 821 914 una
846 880 888 913 de
918 890 1018 913 causa
1046 879 1290 920 damnandam,
1323 878 1384 911 sed
1410 877 1493 911 illud
1526 878 1639 921 potius

290 948 441 990 tenebis,
476 947 680 980 candentem
705 953 822 980 ortum
848 947 916 979 diei
950 947 1087 991 proprie
1114 945 1180 979 dici
1205 945 1371 978 Romanis
1403 945 1484 976 solis
1514 947 1635 976 ortum.

289 1015 349 1048 Sic
381 1014 535 1047 Ovinius
569 1012 651 1046 dicit
682 1013 770 1047 Met.
800 1012 869 1054 VI,
899 1014 965 1046 49:
1008 1013 1058 1044 Ut
1090 1010 1179 1043 solet
1210 1013 1275 1043 αέν
1307 1012 1517 1054 Purpureus
1539 1007 1637 1051 fieri,

288 1093 366 1113 cum
397 1081 548 1124 primum
572 1080 719 1113 Aurora
750 1084 926 1114 movetur,
963 1079 1012 1109 Et
1039 1076 1137 1109 breve
1164 1082 1243 1121 post
1273 1083 1410 1120 tempus
1435 1075 1638 1107 candescere

288 1146 372 1179 solis
398 1145 443 1177 ab
467 1151 563 1178 orlu.
612 1145 735 1178 Differt
759 1142 932 1175 albescere
957 1146 992 1175 et
1017 1140 1137 1173 albens
1163 1140 1311 1176 coelum,
1347 1139 1438 1183 quod
1465 1140 1506 1172 de
1530 1139 1637 1183 prima

289 1214 365 1246 luce
399 1217 449 1246 est
482 1215 561 1244 ante
595 1213 773 1244 Auroram.
798 1226 845 1232 —
894 1208 935 1240 V.
953 1210 999 1240 68
1024 1218 1074 1249 sq.
1112 1207 1276 1248 Magna
1309 1205 1436 1238 deum
1472 1205 1636 1248 proles,

287 1279 377 1310 191«ch
410 1274 567 1321 ἓρικιῖδεα
603 1278 703 1308 τέκνα
731 1275 866 1307 ΟυΥεε.
893 1273 963 1314 ΧΙ,
988 1276 1069 1306 631.
1118 1272 1289 1306 HuYNms
1314 1275 1498 1315 comparat.
1548 1271 1635 1303 Sunt

287 1342 418 1376 heroes.
468 1343 577 1375 Porro
602 1341 782 1374 levibus
806 1339 1091 1372 discurreret
1114 1338 1282 1370 umbris
1308 1338 1434 1370 dictum
1456 1341 1493 1369 ut
1516 1337 1633 1377 „ince-

287 1408 369 1440 dere
404 1407 512 1439 forma
547 1405 727 1438 humana.“
784 1405 872 1436 Sunt
904 1404 991 1435 enim
1031 1404 1093 1445 ipsi
1121 1402 1240 1435 heroes
1264 1414 1350 1435 nnnc
1377 1404 1457 1435 levis
1483 1402 1634 1441 umbrae,

287 1479 324 1507 ut
349 1473 433 1507 vidit
457 1474 726 1511 PAssrmATlus,
758 1479 907 1511 ususque
935 1473 989 1501 est
1018 1472 1117 1511 poeta
1145 1469 1336 1510 locutione,
1372 1480 1502 1512 magna
1531 1468 1631 1499 deam

282 1539 417 1584 proles,
463 1538 561 1570 liuius
596 1536 703 1579 ipsius
737 1534 961 1578 oppositionis
995 1544 1107 1566 causa.
1174 1533 1382 1565 Dis-currere
1417 1537 1470 1566 est
1505 1544 1629 1573 errare,

285 1605 402 1648 vagari
427 1613 488 1647 per
512 1603 651 1636 Orcum.
701 1599 788 1633 Nam
814 1600 863 1632 sic
888 1599 971 1630 alias
996 1597 1126 1642 vagari
1150 1599 1307 1640 ponitur,
1331 1602 1369 1630 ut
1393 1600 1500 1631 Ovm.
1524 1599 1628 1631 Trist.

283 1671 352 1712 Ill,
379 1672 420 1711 3,
445 1671 501 1701 63.
551 1666 636 1700 Met.
658 1664 742 1705 vn,
767 1665 869 1703 611„
905 1667 940 1695 et
966 1663 1092 1694 Graeci
1117 1659 1271 1694 (ἵλᾶοθαι
1297 1663 1412 1695 dicunt
1436 1663 1479 1696 de
1504 1663 1631 1695 umbris

285 1740 319 1772 in
346 1739 460 1779 Orco,
487 1747 517 1769 v.
535 1746 564 1769 c.
589 1734 774 1766 Ausonum.
794 1729 974 1764 Eumenid.
998 1739 1029 1762 v.
1044 1731 1100 1762 98.
1149 1728 1252 1762 Errat
1276 1733 1388 1763 autem
1413 1729 1631 1764 vehementer

283 1805 496 1838 Huscnxms
536 1797 741 1832 discurrerit
779 1796 954 1837 scribens;
1004 1794 1125 1828 vidit
1161 1795 1323 1829 aoristum
1361 1806 1436 1830 esse
1474 1797 1527 1829 cui
1565 1807 1631 1830 non

281 1869 418 1912 liquet?
444 1885 490 1892 —-
549 1866 592 1900 V.
615 1869 662 1898 70
685 1875 758 1907 sqq.
804 1864 927 1896 inter
963 1862 1171 1905 geminae
1207 1862 1413 1896 confinia
1457 1865 1630 1905 mortis,

285 1937 373 1969 inter
406 1934 558 1976 Scyllam
595 1936 630 1965 et
667 1930 883 1972 Charybdin,
928 1933 1130 1972 nantem,
1176 1930 1401 1973 navigantem.
1475 1930 1630 1964 Imitatur

286 2002 494 2033 Cmnmm.
518 1998 645 2039 XLIV,
671 2001 728 2030 70.
763 2002 902 2030 notante
939 1998 1067 2030 Voss1o
1101 2001 1136 2030 et
1170 1997 1478 2030 Wunmmacmo.
1545 1997 1631 2030 Cum

284 2067 462 2100 Hom-mus
488 2066 612 2108 Odyss.
638 2065 723 2106 ΧΗ,
748 2068 793 2098 73
819 2077 891 2108 sqq.
924 2065 1009 2098 duos
1041 2066 1201 2109 scopulos
1232 2070 1414 2107 memoret,
1449 2075 1511 2109 per
1543 2074 1628 2107 qnos

284 2133 525 2165 transeundum
566 2136 655 2165 essct
693 2132 830 2174 Ulyssi,
881 2132 1091 2165 Huscmuus
1126 2133 1328 2165 lectionemz
1374 2131 1466 2163 inter
1499 2130 1629 2176 gemini

284 2197 436 2240 confinia
459 2196 585 2229 montis
612 2198 790 2246 praetulit,
824 2208 892 2231 non
913 2198 1061 2231 sentiens
1086 2202 1212 2241 quanto
1238 2198 1294 2230 illa
1318 2198 1362 2230 sit
1384 2195 1566 2241 pulchrior.
1582 2214 1627 2220 —

284 2265 471 2307 Scyllae
505 2266 714 2308 impetus,
749 2266 865 2307 Scylla
891 2265 1051 2308 impetum
1081 2265 1208 2299 faciens
1232 2265 1265 2299 in
1290 2265 1403 2298 socios
1427 2275 1530 2298 saevo
1555 2274 1626 2305 ore,

286 2343 428 2374 quorum
453 2342 514 2365 sex
539 2332 697 2376 abripuit.
747 2332 810 2365 Est
836 2343 916 2366 vero
941 2344 1075 2366 saevo
1101 2344 1177 2367 ore
1208 2333 1385 2366 collective
1409 2332 1555 2373 dictum,
1590 2335 1626 2364 nt

282 2408 384 2441 supra
419 2397 455 2439 l,
487 2400 530 2439 3,
555 2400 622 2431 71:
671 2400 757 2430 Tum
791 2398 890 2443 niger
926 2398 962 2431 in
997 2405 1103 2443 porla
1137 2406 1336 2443 serpentum
1372 2396 1536 2430 Cerberus
1569 2408 1626 2428 ore

281 2461 438 2498 Stridet,
478 2473 552 2496 nam
588 2469 683 2497 erant
716 2465 747 2498 ei
779 2465 811 2501 ἓξ
845 2466 956 2510 δειραὶ
989 2463 1196 2510 περιμήκεες.
1224 2484 1269 2490 -
1324 2464 1409 2498 Mox
1443 2466 1625 2496 construe:

281 2529 382 2562 Cum
417 2530 607 2563 canibus
640 2530 756 2572 fera,
796 2529 826 2564 h.
849 2542 878 2566 e.
905 2532 1002 2565 collis
1032 2537 1067 2565 et
1099 2531 1252 2565 faucibus
1284 2530 1393 2563 saevis
1425 2539 1544 2561 canum
1574 2529 1626 2561 in-

282 2597 431 2635 structa,
454 2600 663 2638 serperet
689 2596 810 2629 inter
835 2597 983 2630 undas.
1038 2598 1145 2630 Unice
1170 2606 1284 2629 rernm
1311 2599 1362 2628 est
1377 2594 1478 2641 fera.
1528 2594 1626 2628 Hom.

280 2660 404 2701 OdySS.
424 2659 502 2702 ΧΗ,
524 2663 566 2693 79
587 2672 678 2703 Sq‹1.:
715 2662 781 2705 Τῆς
807 2659 840 2694 δ’
864 2659 936 2707 ἤιοι
963 2659 1062 2699 πόδε,-
1088 2665 1148 2695 eloi
1174 2658 1329 2694 δυώδεκα
1355 2657 1476 2697 πάντες
1502 2656 1616 2704 ἄωροι,

1703 2564 1721 2680 {ss
