1721 2953
469 146 612 186 LIBR.
643 146 693 185 ΙΙ.
752 144 911 184 ELEG.
941 147 1014 184 ΙΙΙ.
1327 145 1408 182 249

71 264 198 306 inquit,
227 274 292 297 non
326 264 392 296 eris
426 262 476 296 his
510 261 650 302 similis3
685 259 747 292 tibi
781 259 920 302 frugalis
954 271 1062 295 coena
1093 261 1225 304 placeat
1251 259 1408 293 fictilibus

74 331 162 363 vasis
198 330 365 374 apposita.
425 328 494 363 Sed
529 327 615 359 heu!
653 336 720 358 non
754 327 909 358 assentiri
935 327 1105 360 Nemesim
1136 327 1248 360 sentit,
1298 327 1414 361 Quare

72 396 137 428 iam
163 399 291 428 mutata
316 393 482 426 sententia
506 391 613 424 tristis
639 390 769 434 pergit:
804 389 888 431 heu,
915 390 996 423 hen!
1024 392 1182 424 divitibus
1206 390 1412 424 amatoribus

74 460 172 492 video
205 459 358 502 gaudere
394 460 546 503 puellas,
583 457 614 492 h.
642 469 670 491 e.
707 457 791 499 heu,
830 458 927 490 video
964 460 1063 491 etiam
1098 459 1225 501 puellas
1261 458 1414 490 laborare

73 526 241 559 communi
265 526 392 559 saeculi
418 526 549 559 morbo.
599 525 738 567 Iamque
775 525 848 568 ipse
874 525 986 566 etiam,
1012 529 1048 557 nt
1072 525 1215 564 videtur,
1242 534 1282 556 eo
1308 522 1415 556 addu-

72 592 158 624 citur
183 596 221 625 nt
246 593 382 636 cupiat,
414 602 498 634 quas
524 593 771 631 commiserat,
806 600 889 633 opes
916 600 959 622 ex
985 590 1112 622 militia.
1163 590 1236 630 Age
1264 590 1328 622 iam
1354 597 1416 620 ve—

72 656 182 698 niant,
216 657 284 697 ait,
317 656 465 700 praedae
491 656 592 689 etiam
619 654 718 696 mihi,
752 655 830 687 volo
865 658 899 687 et
926 655 998 698 ipse
1023 656 1165 687 militare
1192 659 1225 687 et
1250 653 1416 697 praedari,

72 725 110 754 ut
135 726 247 755 vestes
281 723 446 765 pretiosas
480 721 636 754 Nemesis
666 731 741 753 mea
775 719 898 752 habeat
924 724 959 752 et
984 724 1098 753 cetera
1124 720 1234 753 omnia
1262 719 1415 752 luxuriae

73 787 174 822 hodie
206 794 368 833 usurpata
401 800 539 832 genera.
589 788 659 821 Sed
696 788 891 821 observabit
927 788 1034 820 lector
1069 788 1149 830 quid
1182 791 1262 829 agat
1294 790 1418 830 poeta3

74 866 141 888 non
175 856 265 888 serio
296 856 446 897 loquitur
471 854 535 887 hoc
570 854 665 896 quasi
691 853 841 886 facturus
868 863 1007 893 revera,
1044 853 1104 885 sed
1133 853 1259 885 ironice
1286 856 1320 884 et
1345 862 1418 884 sar—

73 923 220 963 castice,
246 922 528 965 quemadmodum
556 922 656 954 etiam
683 921 795 954 exitus
821 921 887 953 loci
913 921 1057 954 acerbus
1085 920 1126 952 de
1153 921 1244 952 rivali
1271 920 1416 963 pessimo

73 989 262 1022 luculenter
281 989 413 1032 probat.
463 989 668 1030 Sarcastice,
693 988 813 1030 inquis,
840 988 896 1030 qui
923 991 1102 1031 tantopere
1127 993 1216 1019 amat
1243 986 1418 1030 puellam?

77 1055 234 1090 Quidni?
282 1055 321 1088 In
355 1056 508 1097 sequenti
540 1055 688 1088 carmine
722 1055 823 1088 etiam
859 1055 1015 1097 graviora
1049 1054 1140 1087 dicet
1174 1055 1205 1086 in
1233 1053 1418 1093 Nemesim,

76 1131 177 1163 quam
210 1121 308 1154 simul
342 1121 509 1163 significat
543 1119 777 1152 ardentissime
806 1119 869 1151 sibi
895 1123 1049 1152 amatam.
1100 1120 1191 1151 Satis
1218 1119 1287 1152 noti
1313 1117 1345 1151 hi
1371 1117 1422 1150 af-

76 1185 186 1219 fectus
210 1187 242 1219 in
269 1197 396 1228 amore,
420 1188 605 1219 fluctuante
629 1186 663 1218 in
689 1186 797 1219 varias
822 1189 949 1229 partes.
1000 1188 1113 1228 Atque
1142 1185 1222 1218 haec
1247 1185 1422 1218 hactenus.

77 1252 148 1285 Tot
172 1253 274 1285 verba
298 1252 546 1296 praemittenda
571 1251 708 1284 suerunt
732 1251 775 1284 de
800 1251 933 1284 duobus
959 1251 1121 1284 distichis.
1182 1252 1302 1294 Neque
1337 1262 1419 1285 vero

77 1319 191 1360 dices,
215 1329 338 1362 spero,
371 1319 525 1351 intulisse
549 1328 610 1351 nos
636 1328 723 1360 quae
748 1328 816 1350 non
844 1318 967 1359 insint,
1006 1322 1040 1350 at
1066 1321 1167 1361 poeta
1192 1317 1336 1350 sortasse
1362 1317 1424 1349 tibi

78 1384 249 1417 videbitur
282 1384 418 1417 brevius
450 1384 588 1417 dixisse.
638 1385 752 1425 Atque
777 1383 841 1416 hoc
866 1384 985 1426 negari
1009 1384 1066 1416 vix
1093 1386 1215 1426 potest,
1265 1384 1356 1416 Satis
1382 1383 1425 1416 de

77 1450 139 1483 his.
166 1469 212 1474 —-
244 1451 286 1485 V.
312 1452 369 1483 47.
396 1453 453 1485 48.
502 1451 556 1484 At
581 1451 666 1484 tibi
691 1452 813 1483 laeta
839 1449 1026 1482 trahant
1051 1460 1125 1492 sqq.
1175 1449 1226 1481 Ad
1254 1449 1427 1482 Nemesim

79 1515 161 1548 haec
196 1516 298 1549 verba
333 1517 407 1549 fieri
436 1520 591 1560 apertum
617 1516 671 1549 vel
705 1526 748 1548 ex
773 1516 931 1558 sequenti
957 1513 1111 1548 disticho.
1162 1516 1222 1548 Sic
1248 1516 1274 1556 I,
1301 1518 1334 1556 8,
1359 1518 1426 1548 27:

79 1583 152 1614 Nec
177 1589 216 1615 tn
244 1583 286 1616 de
316 1582 468 1625 Pholoe,
503 1594 592 1626 quae
623 1580 656 1617 v'.
689 1586 747 1616 69.
783 1582 921 1615 demum
954 1582 1156 1614 nominatur.
1205 1582 1288 1614 Vult
1314 1584 1427 1613 autem

80 1659 168 1681 nnnc
204 1648 288 1682 hoc:
326 1650 381 1682 Tu
406 1660 487 1682 vero
514 1650 624 1681 aliena
659 1659 718 1689 es,
751 1650 896 1691 opinor,
935 1659 955 1680 a
990 1648 1182 1680 divitiarum
1210 1650 1244 1680 et
1276 1647 1429 1679 luxuriae

79 1725 213 1756 amore,
247 1715 373 1748 saeculi
398 1715 505 1746 nostri
529 1714 657 1746 morbO.
709 1713 796 1745 Cum
821 1717 935 1746 autem
967 1713 1000 1744 in
1036 1711 1250 1744 antecedenti
1285 1710 1429 1744 disticho

79 1781 225 1824 piscinas
257 1782 478 1813 memorasset
509 1782 544 1811 et
577 1778 679 1820 gulae
713 1777 850 1818 vitium,
888 1777 1068 1810 commodo
1103 1778 1248 1809 transitu
1273 1788 1361 1810 nunc
1386 1777 1429 1809 de

81 1846 308 1878 conviviorum
335 1845 530 1888 frugalitate
555 1844 655 1886 dicit,
693 1845 742 1877 sic
768 1855 830 1888 pro
856 1844 1063 1886 generaliori
1088 1844 1260 1876 sententia
1294 1844 1429 1887 specia-

82 1911 147 1943 lem
173 1911 380 1943 substituens
407 1910 559 1951 formam,
585 1908 628 1942 cf.
654 1908 695 1940 ad
721 1908 748 1950 I,
773 1911 806 1950 3,
829 1911 886 1941 33.
936 1909 1135 1941 Mensarum
1162 1909 1343 1950 luxuriam,
1368 1910 1427 1951 ait,

82 1980 118 2009 et
142 1986 221 2008 vasa
247 1980 429 2018 argentea,
463 1975 617 2018 patinas,
650 1974 764 2007 lances
789 1974 851 2007 sibi
876 1973 1041 2015 habeant,
1077 1975 1134 2016 qui
1162 1975 1321 2018 praedam
1349 1986 1432 2008 con-

81 2047 265 2084 sectantur,
300 2047 338 2075 ut
362 2043 495 2076 Vmffln
523 2041 634 2073 verbis
659 2045 746 2082 utar,
772 2044 809 2073 tu
836 2041 1010 2074 nobiscum
1038 2040 1162 2082 frugali
1190 2041 1344 2078 convivio
1372 2041 1433 2073 de-

81 2109 228 2141 lecteris.
277 2107 474 2140 Interfuisse
500 2107 631 2150 puellas
658 2106 820 2139 conviviis
847 2108 1029 2140 amantium
1055 2107 1197 2139 vidimus
1216 2107 1242 2147 l,
1263 2110 1296 2148 5,
1317 2110 1433 2141 65.-

84 2173 285 2214 trahant,
324 2172 355 2205 h.
382 2184 411 2206 e.
447 2171 560 2205 trahas
585 2173 674 2204 laeta
701 2172 856 2204 convivia
884 2173 982 2205 testis
1009 2176 1074 2205 etc.
1124 2172 1278 2205 Vidimus
1304 2172 1346 2205 de
1369 2172 1433 2205 hoc

83 2240 315 2282 similibusque
340 2239 450 2272 verbis
477 2239 520 2271 ad
545 2238 572 2280 1,
597 2240 630 2280 4,
656 2241 689 2272 5.
738 2239 775 2271 ln
802 2237 935 2271 'malam
972 2242 1104 2282 partem
1131 2237 1222 2271 dicta
1248 2249 1336 2280 vox,
1373 2238 1432 2270 sed

85 2305 337 2340 constructione
373 2304 490 2337 eadem
526 2304 661 2336 SnNssc.
688 2302 829 2336 Hercul.
865 2303 943 2336 Oet.
972 2305 1059 2337 647:
1102 2303 1292 2349 vigilesque
1319 2303 1435 2336 trahit

78 2382 246 2416 purpura
279 2375 409 2402 noctes-
435 2388 480 2393 —-
523 2369 591 2402 Sed
625 2369 856 2411 frugalitatem
883 2369 1110 2402 conviviorum
1138 2374 1238 2413 poeta
1266 2370 1434 2403 Samiis

84 2438 222 2470 testis
245 2436 401 2478 designat
425 2440 459 2468 et
485 2434 650 2467 Cumanis
674 2434 782 2468 vasis.
833 2436 882 2468 Ac
899 2434 1021 2467 Samia
1042 2447 1128 2467 vasa
1147 2436 1285 2479 fictilia
1305 2447 1435 2469 memo-

86 2508 202 2536 rantur
225 2503 268 2535 ab
302 2507 442 2535 auctore
471 2502 771 2534 RnnTonrcoRUM
800 2513 846 2534 An
874 2501 1106 2535 HanNNunu
1130 2502 1190 2544 lv,
1216 2505 1281 2535 51:
1318 2501 1437 2534 Aedes

90 2567 309 2604 vonzmodavi,
333 2568 517 2613 familiam
543 2568 632 2602 decli,
663 2574 849 2611 argentum
874 2580 1010 2614 quoque
1034 2568 1142 2601 vult?
1194 2568 1349 2601 Tametsi
1373 2567 1433 2600 lio>-

88 2634 198 2677 spiles
225 2632 333 2667 liabeo
360 2641 476 2669 lamen
503 2641 633 2668 ululat·
661 2635 763 2672 limt,
794 2649 855 2669 nos
882 2635 1011 2669 Samiis·
1038 2635 1296 2671 ‹Zela-labimur.
1347 2635 1391 2668 Et
1417 2647 1435 2667 n
