1721 2953
478 194 623 234 LlssR.
653 193 725 232 lv.
788 194 955 234 CARM.
986 196 1018 234 Ι.
1346 198 1423 233 401.

79 319 158 348 ante
184 314 318 357 sugam,
346 314 479 347 Onvss.
503 313 573 354 lx,
598 314 643 345 39
669 322 767 354 sqq.;
800 312 888 345 unde
915 314 1048 347 Oans.
1073 311 1211 354 XXIII,
1235 315 1318 346 310.
1347 314 1431 346 sim*

80 381 215 424 pliciter
256 379 380 412 dicitur
420 375 573 413 Κικόνας
618 374 794 415 δαμάσαι,
853 379 941 420 quod
987 379 1179 422 respexisse
1223 378 1430 411 HUSCffl-Llus

82 445 224 489 putabat
255 447 401 488 poetam.
428 462 473 467 -
522 444 675 477 Lotos.
724 442 812 476 vide
850 443 994 476 fructum
1020 444 1228 487 descriptum
1256 455 1276 476 a
1301 445 1429 477 Vossro

81 511 124 544 ad
150 511 246 552 Virg.
267 511 398 551 Georg.
418 509 468 551 ΙΙ,
494 521 526 552 p.
541 510 610 540 292
629 518 702 549 sqq.
754 507 793 540 V.
816 512 1027 542 avertere
1053 513 1104 542 est
1124 509 1279 542 absolute
1302 508 1428 542 dictum

84 587 135 620 pr.
162 579 318 609 avertere
343 586 362 608 a
389 575 452 609 ria.
475 593 522 599 —
571 573 732 614 cessit,
767 573 903 605 vincere
928 584 994 606 non
1020 575 1131 618 potuit
1157 575 1295 607 orbatus
1320 575 1430 608 oculo.

83 645 312 677 Aetnaeae
346 641 501 675 incola
536 640 684 683 rupis,
722 639 784 672 sub
819 639 928 672 Aetna
965 639 1137 682 habitans,
1175 645 1213 673 ut
1245 645 1324 684 post
1355 641 1434 674 Ho-

83 718 214 742 MERUM
251 706 435 740 credebant
472 706 627 749 plurimi,
676 704 719 738 cf.
754 705 856 738 Voss.
891 705 934 737 ad
970 706 1087 748 virgil.
1121 707 1252 749 Georg.
1285 707 1319 748 I,
1351 709 1432 741 471.

86 775 248 807 CLuvmt.
274 773 368 806 Sicil.
394 772 496 814 antiq.
520 771 557 812 I,
581 773 614 804 2.
635 789 681 794 -
729 770 864 804 Victa
894 770 1108 805 Maroneo
1135 773 1299 806 lumina
1324 773 1434 807 Bac-

86 840 187 882 cho,
222 839 312 883 quod
340 839 451 872 vinum
484 837 613 870 Ismaro
638 837 771 880 direpta
803 847 918 870 secum
950 838 1177 879 abstulerant,
1214 839 1346 872 Oans.
1373 838 1436 880 lx,

86 910 154 940 165
181 918 254 949 sqq.
304 906 402 939 Voss.
429 905 472 938 ad
499 905 594 946 Virg.
619 905 750 946 Georg.
773 905 820 946 Il,
844 907 899 938 37.
920 924 967 930 -—
1014 905 1239 939 foedatus'
1260 907 1434 941 lumina.

84 975 268 1016 Comparat
300 973 619 1005 thnnnmcmus
654 973 752 1014 Virg.
779 973 864 1005 Aen.
891 972 973 1013 VII,
999 974 1089 1005 575:
1127 971 1340 1018 foedatique
1373 983 1436 1004 ora

84 1037 219 1073 Galesi,
245 1038 374 1072 TAGIT.
400 1037 489 1070 Hist.
508 1037 578 1078 Ill,
597 1041 660 1070 77:
695 1036 864 1069 Iulianus
889 1035 1086 1069 verberibus
1104 1036 1301 1082 foedatus,
1327 1038 1436 1073 ΟΠΙ).

86 1104 172 1137 Met.
190 1103 284 1144 XIV,
308 1106 395 1136 190:
430 1101 575 1134 brachia
602 1100 684 1133 tabo
712 1101 881 1146 foedata.
905 1120 950 1126 -
997 1103 1040 1136 V.
1056 1105 1101 1135 59
1127 1113 1177 1144 sq.
1216 1102 1436 1144 1ncu1t0s‚

86 1168 197 1210 feros,
233 1179 253 1200 a
287 1168 381 1200 cultu
413 1166 557 1200 humano
584 1167 684 1209 plane
719 1166 868 1207 alienos,
907 1166 978 1200 fere
1005 1172 1043 1200 ut
1068 1167 1271 1200 illaudatus
1297 1167 1437 1200 Busiris

88 1238 140 1268 est
164 1235 284 1267 dictus.
308 1252 354 1257 —
405 1233 610 1273 Artacie,
635 1232 770 1264 Oans.
789 1231 841 1273 X,
870 1235 949 1265 108.
998 1233 1085 1266 Tum
1111 1233 1154 1266 ad
1180 1233 1301 1266 verba:
1327 1244 1438 1276 quos

89 1301 261 1342 irrigat
295 1299 384 1333 conf.
411 1299 497 1332 infra
533 1309 564 1333 v.
589 1301 667 1332 146.
694 1304 728 1331 et
755 1299 914 1332 Pmmn.
941 1299 995 1331 Ol.
1020 1299 1079 1340 IV,
1105 1302 1170 1333 12:
1208 1301 1265 1332 καὶ
1300 1297 1440 1339 σεμιιοῦς

87 1362 245 1408 ὅχετοῦς,
279 1360 444 1409 ςἽππαρις,-
479 1362 563 1396 οἷοίν
598 1361 695 1409 ἄρδει,
732 1361 894 1409 στρατόν.
919 1383 965 1389 -—·
1022 1367 1065 1400 V,
1089 1369 1131 1399 61
1159 1377 1232 1409 sqq.
1271 1368 1440 1408 Solum,

89 1434 180 1466 inter
205 1432 328 1465 socios.
353 1449 396 1455 -—
448 1431 632 1471 doctae,
667 1432 874 1472 magicarum
907 1432 1029 1464 artium
1062 1433 1203 1475 peritae.
1229 1451 1273 1457 —-
1322 1437 1440 1476 apta,

87 1503 126 1532 ut
150 1498 236 1532 infra
262 1509 292 1531 v.
311 1498 368 1530 82.
395 1501 491 1527 tenet
516 1494 637 1539 aptius
663 1506 714 1539 pr.
741 1495 893 1537 doctius,
927 1497 1088 1539 peritiuS,
1115 1501 1151 1530 et
1176 1503 1264 1541 apta
1291 1504 1440 1533 mutare,

89 1566 194 1599 veluti
219 1563 364 1596 idoneas
388 1573 417 1595 c.
438 1561 601 1594 infinitivo
627 1560 761 1596 dicitur.
809 1562 920 1595 Porro
941 1562 1073 1595 notabis
1094 1564 1296 1596 cumulatam
1319 1564 1441 1597 dictio-

90 1643 168 1666 nem
193 1636 282 1674 apta
307 1629 364 1663 vel
389 1627 505 1660 herbis
526 1622 699 1673 Aptaque
726 1627 782 1659 vel
809 1633 938 1664 cantu,
974 1639 1024 1672 pr.
1050 1629 1246 1673 simpliciori
1272 1631 1440 1673 legitima:

90 1701 170 1741 apta
194 1697 248 1729 vel
274 1694 387 1728 herbis
412 1695 463 1727 vel
492 1698 612 1735 cantu,
647 1698 725 1726 aut:
759 1698 839 1737 apta
865 1693 978 1727 herbis
1008 1699 1154 1738 aptaque
1180 1700 1290 1730 cantu.
1342 1697 1440 1729 Cons.

90 1761 133 1795 ad
164 1760 234 1802 Ill,
259 1762 300 1801 4,
325 1762 383 1792 52.
442 1759 763 1792 WUNDssRmcmus
798 1763 975 1803 comparat
1008 1761 1116 1795 Vme.
1150 1761 1273 1804 Eclog.
1299 1762 1350 1804 X,
1378 1766 1442 1797 11:

91 1829 186 1861 Nam
219 1837 328 1871 neque
351 1844 398 1850 -
429 1836 510 1857 nam
544 1837 666 1871 neque.
728 1825 884 1868 Denique
917 1829 1101 1861 veteres
1133 1832 1185 1860 est
1216 1829 1368 1872 priores,
1405 1833 1444 1862 ut

89 1896 338 1930 Pissmzmus
371 1894 596 1937 Vunpmsque
630 1892 808 1927 conferunt
842 1895 952 1928 Vme.
980 1896 1062 1929 Aen.
1089 1896 1156 1937 VI,
1182 1898 1272 1930 448:
1307 1896 1444 1929 iuvenis

92 1963 286 2009 quondam,
323 1973 415 1995 nunc
438 1961 580 2007 semina
606 1963 779 1998 Caeneus,
816 1962 958 1994 Rursus
981 1968 1017 1994 et
1044 1963 1081 1995 in
1104 1969 1253 1996 veterem
1273 1962 1363 2009 fato
1389 1975 1445 1995 re·-

91 2029 218 2062 voluta
242 2028 419 2073 figuram.
442 2046 489 2052 —
549 2028 590 2061 V.
615 2029 661 2060 64
685 2038 758 2069 sqq.
808 2026 1085 2061 Cimmerion
1119 2029 1253 2061 Graeca
1287 2030 1444 2070 flexione,

92 2097 196 2139 vulgo
230 2096 361 2129 rariore
395 2095 429 2128 in
463 2095 653 2127 nominibus
688 2095 908 2138 populorum,
946 2093 1014 2128 vid.
1047 2095 1228 2129 Sem-1311).
1254 2096 1448 2130 Grammat.

92 2161 171 2195 Lat.
207 2161 305 2195 Tom.
330 2160 366 2201 Ι,
403 2172 435 2203 p.
457 2162 515 2193 83.
549 2159 690 2192 defensa
725 2163 837 2192 tamen
875 2163 968 2192 recte
1002 2171 1022 2193 a
1056 2161 1198 2194 Vossm.
1262 2162 1311 2194 Ac
1348 2161 1445 2203 plura

96 2230 231 2262 Graece
264 2229 354 2261 flexa
385 2227 521 2261 nomina
556 2227 589 2259 in
621 2225 685 2259 hoc
711 2227 871 2261 carmine.
928 2227 1053 2261 Forma
1077 2228 1201 2262 Latina
1231 2240 1305 2265 um,
1341 2229 1445 2262 veluti

94 2297 147 2327 est
177 2293 377 2338 Argivum,
414 2295 606 2327 Danaum,
646 2303 706 2326 cur
740 2304 822 2326 usus
857 2304 923 2326 non
959 2295 1004 2327 sit
1039 2293 1112 2336 hic,
1159 2296 1233 2339 ipse
1268 2295 1373 2328 vides.
1399 2313 1444 2319 —

93 2370 244 2401 arces,
276 2364 315 2392 ut
338 2359 514 2391 HomnRUs
539 2356 636 2390 πόλιν
661 2365 922 2402 commemorat,
949 2361 1072 2403 Odyss.
1088 2362 1150 2404 XI,
1177 2364 1230 2395 14.
1250 2380 1296 2386 —-
1333 2362 1446 2397 Quis

95 2436 313 2469 nunquam
338 2429 404 2459 etc.
433 2424 464 2459 h.
483 2435 512 2458 e.
538 2425 661 2467 quibus
687 2435 854 2468 nunquam
881 2427 933 2459 sol
955 2430 1049 2460 ortus
1075 2431 1127 2460 est
1153 2426 1294 2471 pulchro
1321 2427 1445 2460 lumine

97 2501 178 2534 ξιιο,
216 2492 287 2524 sive
320 2501 423 2534 supra
456 2495 579 2524 terram
610 2502 748 2526 versans
781 2493 853 2526 sive
886 2492 990 2534 infra,
1027 2493 1118 2536 quod
1143 2497 1239 2539 patet
1264 2494 1306 2527 de
1332 2494 1386 2527 die
1412 2500 1446 2528 et

96 2562 199 2592 nocte
237 2559 325 2600 dici,
376 2562 549 2592 statuente
587 2563 689 2603 poeta
732 2560 838 2593 solem
879 2559 1141 2594 descendentem
1180 2571 1323 2604 vespere
1360 2560 1445 2593 infra

96 2628 200 2657 noctu
231 2625 364 2667 lucere,
403 2625 513 2658 donec
544 2635 642 2658 mane
675 2624 718 2658 ad
752 2635 813 2658 nos
847 2625 976 2659 redeat.
1036 2626 1094 2659 Sic
1127 2626 1217 2670 apud
1245 2627 1444 2659 Pmmnum

99 2690 235 2733 Fragm.
262 2689 387 2724 Thren.
414 2690 440 2724 Ι.
473 2691 523 2725 sol
558 2689 610 2724 hic
644 2694 760 2725 noster
795 2695 897 2725 noctu
931 2692 965 2726 in
990 2691 1109 2734 Elysio
1136 2693 1245 2735 lucet,
1279 2703 1376 2726 mane
1403 2692 1444 2725 nd

1017 2763 1068 2797 26
