1721 2953
626 124 864 167 TIBULLI.
1329 140 1394 164 xm
1403 141 1426 165 3<

79 259 177 285 vero
208 243 241 284 si
271 240 433 292 credas,
466 239 581 295 quocl
609 242 732 292 vulgo
764 241 887 281 statui
917 239 1060 290 video,
1090 240 1258 280 nonnisi
1286 239 1425 279 libivli-

78 336 173 362 nem
203 337 225 360 a
253 328 375 373 poeta
403 319 444 358 in
477 320 557 359 hoc
588 332 728 358 amore
757 326 991 371 spectatam,
1020 319 1151 372 qualis
1181 319 1318 357 nullus
1348 320 1425 358 suit

79 411 194 437 amor
222 397 391 436 Tibulli.
451 393 582 444 Quam
616 395 757 436 suavia
785 396 886 435 haec
917 397 1046 437 verba
1073 396 1124 446 ΙΙ,
1146 400 1184 446 3,
1208 401 1231 435 5
1255 409 1368 448 sqq.:

188 470 224 513 Ο
249 485 335 522 ego,
366 485 458 510 cum
488 469 739 524 adspicerem
760 469 981 521 dominam,
1011 486 1135 526 quam
1159 473 1321 514 fortiter
1345 473 1423 517 illic

245 547 467 586 Versarem
496 546 637 587 valido
666 547 817 600 pingue
848 547 1014 587 bidente
1043 549 1192 598 solum,

186 621 483 676 Agricolaeque
512 623 637 663 modo
670 638 843 665 curvum
874 632 1051 664 sectarer
1080 633 1275 673 aratrum,

243 698 357 736 Dum
388 698 582 750 subigunt
611 701 765 740 steriles
797 714 894 741 arva
925 699 1100 739 serenda
1129 698 1280 740 boves!

187 771 274 812 Nec
306 787 523 827 quererer,
555 773 669 827 quod
699 776 760 814 sol
789 773 956 826 graciles
988 783 1180 814 exureret
1210 780 1344 823 artus‚'

242 849 444 890 Laederet
476 857 515 889 et
539 859 699 889 teneras
729 852 895 903 pustula
924 858 1047 903 rupta
1076 863 1236 899 manus,

76 922 148 963 ubi
176 926 242 964 vel
269 938 348 977 pro
380 925 576 979 adspectu
606 926 762 967 amatae
792 926 904 969 vides
935 929 1103 968 serviles
1132 929 1294 967 labores
1325 930 1426 968 tole-

75 1009 263 1041 raturum
292 1010 479 1055 poetam,
526 1011 567 1044 et
595 1005 729 1044 statim
759 1004 881 1044 etiam
909 1005 1079 1058 mythici
1112 1003 1309 1056 temporis
1339 1017 1426 1042 mo-

76 1092 141 1119 res
170 1080 368 1132 pulchros
399 1089 633 1133 comparat,
665 1081 739 1120 ubi
768 1082 919 1134 Apollo
952 1081 1063 1134 apud
1091 1081 1309 1121 Admetum
1343 1094 1427 1120 ser-

76 1154 225 1195 viebat.
294 1156 345 1194 In
373 1164 487 1195 sexta
515 1170 616 1198 vero
645 1159 773 1209 elegia
803 1172 893 1197 cum
924 1167 1017 1210 post
1056 1158 1243 1210 querelas
1272 1157 1427 1208 gravis-

78 1231 198 1272 simas
227 1233 431 1284 puellam,
471 1233 581 1272 uncle
615 1241 676 1273 tot
713 1248 931 1273 aerumnas
972 1235 1121 1282 habet,
1162 1243 1350 1278 excusat,
1390 1242 1427 1272 et

76 1307 119 1345 in
155 1308 337 1359 proprio·
365 1307 507 1347 dolore
536 1309 716 1348 maximo
755 1323 797 1348 se
833 1317 998 1349 revocat
1029 1317 1162 1347 amata
1196 1322 1246 1347 ne
1279 1308 1427 1356 doleat,

76 1395 280 1435 quaenam
318 1382 534 1442 pulchrior
572 1383 722 1423 amoris
761 1383 999 1434 significatio
1045 1384 1217 1436 reperiri
1260 1381 1426 1436 potest?

76 1455 157 1497 Sed
184 1458 286 1498 tales
315 1471 436 1499 voces
464 1454 671 1499 idealium'
690 1473 884 1500 sensuum
916 1474 1008 1500 cum
1038 1462 1187 1505 affero,
1219 1461 1427 1499 nihilomi-

76 1547 152 1574 nus
183 1535 314 1587 probe
345 1534 466 1575 video
498 1535 612 1589 quod
641 1544 852 1589 apertum7
889 1537 1009 1576 aliam
1040 1549 1126 1575 esse
1162 1537 1283 1574 huius
1315 1549 1427 1575 amo-

74 1611 129 1650 ris
157 1612 383 1660 rationem,
428 1625 553 1665 quam
584 1612 694 1661 eius,
735 1613 807 1666 qui
837 1625 963 1664 supra
994 1610 1234 1663 descriptus.
1302 1611 1428 1651 Nulla

75 1687 140 1726 hic
170 1688 314 1727 effecta
355 1695 415 1726 est
445 1689 677 1728 animorum
713 1688 971 1737 coniunctio,
1018 1690 1149 1742 qualis
1178 1689 1255 1728 fuit
1288 1690 1427 1739 priore

76 1771 261 1815 tempore
290 1763 334 1801 in
364 1764 509 1802 Deliae
539 1778 639 1812 usu,
682 1764 753 1804 sed
791 1765 1009 1816 imperium
1041 1774 1079 1804 et
1110 1767 1319 1804 servitium
1354 1767 1427 1804 ha—

76 1841 198 1879 betur
227 1847 265 1878 et
294 1841 473 1891 superba
503 1838 688 1888 (lomina,
719 1839 833 1879 cuius
864 1842 1002 1880 vultus
1033 1841 1216 1893 placidus
1248 1842 1425 1893 plurimo

75 1915 200 1955 venit.
257 1914 343 1954 Nec
377 1913 426 1954 de
456 1929 572 1955 sacro
606 1915 773 1956 foedere
810 1916 856 1955 in
894 1917 957 1955 his
1001 1918 1248 1956 carminibus
1284 1919 1426 1969 agitur.

77 1990 189 2045 quod
210 1991 366 2030 laesum
392 1991 613 2029 ulciscatur
634 1991 695 2030 ira
719 1991 915 2032 deorum:
947 1992 1133 2033 Nemesis
1156 1995 1294 2045 plures
1318 2009 1427 2034 ama-

77 2076 185 2107 tores
215 2067 356 2112 habet‚
387 2081 461 2105 nec
489 2068 671 2119 postulat
701 2068 892 2107 Tibullus
923 2076 969 2107 ut
1001 2078 1108 2108 casta
1137 2083 1179 2108 se
1217 2084 1297 2109 uuo
1331 2085 1428 2109 cou-

75 2154 188 2185 tenta
217 2145 287 2193 sit,
326 2144 427 2183 felix
453 2144 638 2193 futurus,
677 2144 712 2184 si
740 2144 864 2184 modo
895 2158 980 2185 non
1011 2159 1171 2197 semper
1200 2147 1428 2186 remittatur

78 2231 117 2261 et
144 2234 288 2274 parem
318 2221 459 2260 saltem
491 2234 583 2260 cum
614 2221 702 2259 aliis
740 2221 923 2260 savorem
956 2221 1207 2272 experiatur.
1277 2223 1428 2273 Appel-

75 2301 133 2339 lat
167 2297 369 2338 Martialis
408 2297 616 2337 Nemesim
655 2297 845 2337 lascivam
887 2284 1000 2337 X'lv,
1038 2301 1127 2336 1023.
1169 2308 1204 2336 et
1244 2301 1326 2350 ipse
1359 2301 1428 2339 'tii-

77 2376 216 2414 bullus
246 2373 343 2412 dicit
373 2373 422 2421 II,
453 2376 489 2421 6,
518 2376 594 2412 51;

249 2471 642 2480 —————
672 2457 771 2489 tunc
800 2463 916 2488 mens
949 2449 1046 2489 mihi
1078 2450 1235 2502 perdita
1268 2452 1389 2504 fingit,

313 2524 465 2573 Quisve
496 2539 628 2564 meam
663 2534 794 2564 teneat
826 2533 927 2578 quot
956 2533 1141 2565 teneatve
1174 2527 1317 2569 modis.

83 2600 217 2653 qualia
247 2614 450 2654 nusquam
476 2601 520 2640 in
544 2600 793 2640 carminibus
818 2600 867 2640 ad
892 2602 1050 2640 Deliam
1074 2604 1288 2653 Ingaunum.
1322 2603 1427 2643 undo

1026 2676 1049 2714 tl
