1721 2953
257 152 328 179 cxc
801 135 876 175 DE
911 131 1067 177 POESl

260 265 408 293 aureae
448 249 588 290 aetatis
626 247 872 289 felicitatem.
939 247 1082 288 Verba
1119 243 1336 288 transitum
1370 243 1607 298 propiorem

261 328 421 367 nullum
457 327 634 371 habent:
677 322 748 362 sed
781 323 874 378 quis
910 324 1022 363 hunc
1059 317 1386 363 desideraverit?
1458 318 1610 359 Similis

259 416 326 442 res
360 404 399 453 Ι,
430 403 478 452 4,
510 405 576 441 57.
635 399 811 439 Dixerat
851 406 945 439 ante
983 396 1195 452 quomodo
1232 396 1416 437 honestis
1454 395 1612 434 artibus

262 478 450 530 obsequii
481 476 670 517 vincatur
698 488 826 529 puel-3
870 488 978 515 nunc
1011 472 1064 513 ad
1096 473 1333 525 oppositum
1367 470 1612 522 cogitatione

263 553 374 592 venit
407 560 446 592 et
477 551 689 593 avaritiam
727 564 898 604 pravam
931 562 1159 603 puerorum
1193 546 1440 588 hodiernam
1474 544 1616 599 queri-

262 636 355 677 tur,
413 641 496 681 quo
544 626 649 666 nihil
696 626 821 677 magis
868 632 1206 665 consentaneum.
1289 622 1433 662 Verba
1477 628 1615 660 autem

263 702 507 756 abruptiora
545 710 665 753 sunt,
716 709 838 754 atque
877 700 933 739 ita
972 698 1167 741 convenit
1205 695 1519 746 exclamationi3
1574 693 1615 734 itl

264 775 380 830 quod
407 779 490 817 iam
519 785 612 817 ante
643 784 786 817 notare
817 782 1026 828 poteram,
1064 782 1188 827 atque
1218 773 1367 813 iterum
1395 783 1617 822 cognoscas

263 853 305 904 Ι,
338 857 385 903 9,
416 858 484 894 57.
527 852 600 892 ubi
642 853 684 892 in
726 851 1014 902 obiurgatione
1054 864 1165 890 nova
1209 862 1305 901 pars
1345 860 1486 887 rerum
1525 858 1619 885 cum

265 928 563 969 exclamatione
600 929 778 967 infertur
807 927 904 967 satis
934 925 1126 978 graviter.
1181 923 1410 965 Veniamus
1443 920 1495 961 ad
1526 921 1620 960 alia.

266 1005 338 1044 Est
378 1005 561 1056 egregius
598 1005 712 1043 locus
751 1004 791 1053 Ι,
821 1007 870 1053 2,
901 1005 969 1042 35.
1037 998 1229 1042 Ostendit
1265 1007 1388 1053 poeta
1426 997 1509 1038 illic
1547 997 1620 1036 tri-

268 1081 418 1131 partito
462 1086 645 1118 amantes
686 1079 729 1117 in
771 1078 899 1117 tutela
937 1076 1114 1116 Veneris
1156 1089 1267 1124 esse,
1321 1081 1362 1113 et
1401 1080 1622 1125 postquam

270 1156 449 1207 primum
494 1153 544 1192 de
589 1153 744 1192 artibus
788 1152 951 1192 furtivis
990 1150 1103 1190 domi
1146 1149 1276 1199 dixit,
1325 1155 1413 1187 tutu
1454 1146 1504 1186 de
1545 1146 1622 1186 viis

269 1229 509 1280 nocturnis,
558 1237 766 1281 postremo
808 1235 950 1266 mouet
993 1225 1115 1266 etiam
1155 1223 1387 1277 proditores
1426 1223 1623 1275 loquaces

270 1321 294 1346 a
326 1307 494 1346 Venere
533 1304 726 1357 punitum
762 1303 826 1342 iri,
895 1301 1041 1341 Nexus
1080 1301 1205 1352 igitur
1242 1300 1423 1353 partium
1464 1299 1622 1347 clarus3

270 1381 343 1421 sed
381 1381 524 1420 ultima
564 1380 738 1430 abrupte
777 1377 988 1430 praeclara
1022 1390 1115 1416 cum
1148 1376 1190 1416 vi
1228 1389 1304 1426 per
1342 1374 1623 1426 apostrophen

270 1458 532 1507 inferuntur,
584 1467 676 1495 cum
729 1452 808 1492 dici
856 1460 996 1505 posset
1043 1451 1178 1490 minus
1226 1461 1426 1489 nervose:
1484 1446 1624 1495 Quare

271 1534 395 1573 etiam
433 1545 486 1570 ne
528 1529 620 1584 quis
657 1526 832 1581 prodat!
900 1525 983 1566 Sed
1020 1534 1116 1565 sunt
1156 1525 1278 1564 etiam
1318 1523 1398 1563 alia
1436 1523 1626 1575 exempla

270 1608 316 1647 iu
363 1606 508 1647 eodem
552 1605 731 1646 carmine
774 1617 814 1643 v.
838 1606 904 1642 67.
944 1609 984 1641 et
1013 1605 1081 1641 81.
1161 1599 1360 1652 Depingit
1403 1599 1462 1638 ibi
1504 1606 1627 1652 poeta

271 1684 405 1723 tribus
447 1681 547 1721 locis
589 1678 916 1731 magnitudinem
960 1685 1000 1717 et
1043 1676 1314 1716 constantiam
1358 1675 1508 1714 amoris
1551 1674 1628 1724 sui,

274 1759 347 1812 qui
383 1756 535 1810 optime
574 1762 724 1795 coeunt
760 1754 803 1793 in
844 1766 970 1792 unam
1009 1765 1212 1792 summam
1244 1751 1502 1791 sententiam.
1570 1749 1629 1790 Ac

273 1842 497 1887 postquam
532 1830 636 1871 dixit
674 1828 870 1870 restitisse
912 1841 955 1868 se
993 1826 1256 1868 exstinctioni
1294 1825 1446 1866 amoris
1481 1840 1504 1864 a
1536 1837 1630 1877 saga

274 1911 525 1963 promissae,
574 1906 755 1959 primum
795 1901 975 1944 ostendit
1013 1903 1205 1954 opposita
1240 1901 1380 1942 rivalis
1418 1899 1631 1941 cuiusdam

275 1984 442 2025 levitate
490 1994 533 2021 se
582 1982 647 2021 vel
702 1986 987 2032 paupertatem
1036 1977 1214 2017 libenter
1264 1977 1539 2015 toleraturum
1587 1976 1632 2014 in

276 2059 424 2100 Deliae
465 2071 565 2108 usu3
613 2054 684 2095 ubi
731 2068 823 2094 cum
864 2052 943 2093 dici
988 2060 1149 2105 posset:
1203 2049 1312 2090 Nam
1350 2051 1420 2090 ille
1464 2048 1633 2103 quidem

278 2137 440 2176 ferreus
480 2133 559 2173 suit
599 2139 699 2180 cet.‚
747 2136 902 2183 quanto
942 2128 1159 2168 nervosius
1197 2126 1284 2166 sine
1324 2127 1396 2165 tali
1434 2124 1635 2178 particula

280 2212 460 2251 infertur
490 2206 711 2260 oppositio.
769 2202 933 2243 Deinde
966 2217 987 2242 a
1019 2217 1060 2243 v.
1080 2205 1146 2241 81.
1176 2202 1256 2241 hoc
1287 2200 1367 2252 agit
1397 2208 1442 2240 ut
1471 2201 1506 2240 si
1534 2197 1636 2254 quid

281 2284 481 2326 meruerit
527 2290 566 2321 et
610 2281 843 2320 irascantur
886 2277 968 2328 dii,
1028 2278 1150 2318 etiam
1198 2274 1439 2328 expiatoriis
1487 2274 1636 2314 ritibus

284 2358 512 2400 durissimis
541 2353 767 2396 subeundis
799 2361 991 2406 paratum
1022 2366 1065 2392 se
1097 2350 1306 2401 ostendat,
1347 2350 1510 2389 nullum
1539 2361 1638 2400 sup-

283 2435 453 2490 plicium
478 2439 744 2472 recusaturus
769 2443 846 2482 pro
866 2429 1012 2468 Deliae
1037 2441 1129 2467 usu.
1186 2424 1269 2475 Qui
1291 2426 1406 2466 locus
1430 2431 1639 2465 crescente

288 2525 381 2553 cum
423 2507 598 2555 affectu,
651 2514 696 2544 ut
738 2518 814 2557 par
856 2511 941 2553 est,
993 2502 1188 2542 insertur.
1269 2499 1430 2552 Nempe
1474 2512 1639 2539 carmen

290 2579 716 2640 παρακλαυσίθυρον
764 2587 847 2629 est,
910 2577 1046 2631 qualia
1099 2582 1192 2616 ante
1245 2574 1413 2614 ianuam
1459 2574 1638 2614 clausam
