1721 2953
271 114 351 154 224
575 108 947 154 COMMENTAR.
980 113 1038 154 IN
1069 114 1298 157 TIBULLI

270 230 415 262 iratae
439 225 617 270 absolute,
642 231 680 261 ut
703 238 847 261 securae
870 229 916 272 11,
941 232 975 272 4,
1001 233 1082 273 50.,
1110 237 1229 265 tenero
1255 231 1284 274 Ι,
1308 233 1342 275 8,
1367 233 1439 275 51.,
1462 231 1522 266 ubi
1546 232 1623 267 vide

270 295 464 328 Hermum.
523 292 641 337 Ipsum
667 293 809 327 verbum
832 293 931 328 irata
954 296 1111 331 similiter
1142 297 1290 342 positum
1315 296 1420 332 habes
1444 309 1504 342 ap.
1525 298 1623 333 Pno-

268 371 376 395 mur.
401 360 430 402 I,
455 362 488 403 9,
511 362 570 395 22.
604 361 667 402 111,
691 364 726 404 8,
751 363 810 396 28.
835 380 881 386 -
928 363 980 397 ad
1013 362 1142 398 iratae.
1192 364 1354 399 Notanda
1389 356 1492 398 etiami
1527 365 1624 409 posi—

268 434 345 461 tura
376 429 658 472 praepositionis,
692 430 863 464 illustrata
884 441 906 465 a
931 432 1232 466 WuNDssRmcuro
1258 433 1301 466 ad
1327 433 1425 476 Virg.
1452 433 1536 466 Aen.
1562 433 1623 475 IV,

265 495 346 528 257.
396 493 494 527 Adde
528 495 635 529 Vmcz.
668 494 792 538 Eclog.
829 497 891 539 Vl,
917 499 974 531 19.
1021 497 1133 530 Ovm·
1158 497 1264 532 Trist.
1297 499 1341 540 V,
1364 502 1400 541 2,
1424 502 1482 534 75.
1517 503 1623 542 atque

268 559 414 593 habetur
444 570 500 594 res
534 561 639 595 etiam
672 561 705 594 in
740 573 843 606 prosa
875 563 1028 596 oratione
1057 562 1113 597 hic
1138 563 1229 606 illic,
1261 568 1300 598 ut
1331 565 1497 598 Commu·
1528 565 1623 600 Nan.

269 625 398 659 Conon.
419 625 463 668 Π,
487 628 522 660 2.
547 626 633 670 ibiq.
656 627 775 662 Bam.
826 628 924 662 Conf.
950 629 1122 664 Rumam.
1145 631 1208 664 Gr.
1233 629 1279 672 ΙΙ,
1305 643 1338 675 p.
1363 634 1447 665 335.
1496 632 1623 665 Rffls-

267 701 380 725 norm.
415 703 448 736 p.
473 694 556 726 380.
581 711 626 718 —-
673 693 814 726 verba
856 694 1084 738 pudenda,
1132 706 1210 729 cum
1245 706 1362 730 senem
1397 707 1464 730 non
1500 697 1622 731 deceat

268 768 386 800 amor,
412 759 456 792 cf.
480 758 508 801 Ι,
532 762 566 801 2,
592 761 650 792 95.
674 777 722 784 —
759 760 800 794 V.
825 763 870 794 75
896 771 971 803 sqq.
1019 761 1142 795 Puella
1168 772 1187 795 e
1213 762 1371 796 cubiculo
1397 763 1535 796 veniens
1559 773 1622 807 pet

265 825 352 857 atria
378 828 413 858 et
437 825 609 869 porticus,
645 830 859 868 transgressa
891 826 1054 860 custodes
1088 826 1319 870 dormienteS,
1357 825 1422 862 hoc
1454 829 1544 862 enim
1569 832 1622 863 est

266 875 497 932 iacentes,
532 890 689 924 iuvenem
722 891 851 924 foribus
876 893 1038 926 reseratis
1064 893 1204 937 recipit,
1242 893 1286 928 cf.
1312 894 1355 927 ad
1379 894 1408 936 Ι,
1434 897 1468 936 9,
1491 896 1553 929 43.
1573 913 1620 919 -

267 961 536 1002 praetentat
563 958 663 992 iter.
691 959 799 993 Ovln.
823 960 874 994 lb.
901 963 983 995 261.
1009 962 1145 996 SENEc.
1172 962 1258 996 Oed.
1284 965 1428 996 657.—
1451 963 1620 1006 Explo-

266 1026 335 1055 rat
370 1024 440 1056 cui
472 1034 625 1057 manus
649 1025 766 1067 vias,
802 1023 834 1060 h.
861 1035 892 1060 e.
917 1027 1122 1070 explorante
1145 1028 1247 1060 simul
1272 1038 1373 1061 manu
1395 1028 1478 1062 vias.
1528 1027 1621 1062 Ner-

267 1100 348 1123 vosa
373 1088 458 1124 haec
480 1091 653 1135 copulatio
678 1101 740 1134 per
761 1101 949 1134 pronomen
975 1092 1165 1135 relativum,
1192 1093 1249 1126 ubi
1274 1093 1401 1136 aliquid
1426 1092 1534 1126 simul
1557 1099 1620 1136 est,

265 1156 332 1190 vid.
370 1157 413 1190 ad
445 1157 491 1200 ΙΙ,
523 1159 556 1199 3,
591 1159 648 1190 43.
698 1156 860 1191 Ceterum
893 1157 984 1193 conf.
1022 1158 1131 1192 Ovm.
1163 1158 1250 1193 Met.
1283 1158 1328 1201 X,
1361 1161 1455 1193 455:
1502 1159 1620 1192 altera

266 1222 422 1267 (manus)
448 1229 544 1256 mota
569 1235 711 1256 caecum
734 1223 804 1256 iter
827 1223 1004 1269 explorat.
1041 1225 1191 1259 VIRGIL.
1217 1224 1345 1259 Moret.
1372 1229 1412 1260 6:
1438 1224 1621 1259 Sollicita-

266 1302 332 1336 qae
357 1302 465 1323 manu
492 1289 654 1324 tenebras
678 1290 855 1335 explorat.
905 1291 958 1325 Ad
983 1295 1094 1326 totum
1119 1293 1233 1326 locum
1258 1297 1433 1336 comparat
1456 1293 1620 1327 Vumus

265 1356 493 1390 ambulantem
528 1361 628 1390 caute
659 1358 694 1390 in
727 1358 877 1391 tenebris
908 1364 1096 1393 amatorem
1130 1372 1186 1404 ap.
1213 1361 1321 1393 Ovm.
1347 1361 1440 1393 Fast.
1464 1361 1494 1402 Ι,
1524 1362 1618 1394 425:

266 1425 391 1469 Surgit
417 1436 541 1457 amans
566 1424 790 1470 animamque
822 1431 963 1463 tenens,
998 1426 1150 1472 vestigia
1169 1427 1307 1472 furtim
1331 1439 1501 1471 suspenso
1526 1427 1620 1473 cligi-

266 1492 314 1523 tis
342 1491 426 1537 sert
460 1490 647 1524 taciturna
677 1491 808 1537 gradu.
832 1511 880 1519 -
917 1494 1086 1527 Perlectis
1119 1494 1262 1536 singulis
1295 1493 1339 1527 de
1371 1494 1620 1538 compositione

266 1557 371 1590 totius
396 1557 484 1599 loci,
520 1568 622 1599 quem
654 1558 820 1599 vidimus,
857 1563 964 1591 restat
989 1563 1027 1591 ut
1051 1569 1220 1594 moneam.
1277 1559 1412 1603 Nempe
1438 1559 1620 1604 descripsit

267 1624 334 1657 vim
366 1623 502 1656 Amoris
535 1623 621 1656 scite
656 1633 718 1666 per
755 1623 1004 1665 gradationem.
1065 1625 1170 1657 Amor
1205 1628 1284 1668 post
1317 1625 1471 1668 pecudes
1503 1627 1620 1670 coepit

266 1689 419 1724 homines
452 1689 613 1731 domare,
650 1694 685 1723 et
718 1691 851 1734 puellas
888 1694 923 1725 et
957 1690 1116 1724 fortiores
1149 1691 1272 1735 puellis
1305 1692 1406 1726 viros.
1465 1693 1620 1727 Observa

266 1766 365 1798 nunc,
386 1761 425 1789 ut
451 1755 528 1789 hinc
551 1756 686 1789 inverso
712 1755 833 1790 ordine
857 1760 980 1800 pergat
1005 1755 1191 1800 descriptio
1216 1767 1281 1801 per
1302 1758 1442 1801 gradus.
1490 1759 1618 1793 Domat

270 1822 355 1856 deus
380 1823 537 1856 iuvenem
567 1821 734 1855 fervidum
761 1826 801 1855 ut
826 1833 910 1866 opes
936 1822 1129 1866 profundat,
1156 1827 1191 1857 et
1215 1822 1299 1858 haec
1325 1826 1462 1868 quidem
1485 1826 1620 1861 facilior

268 1900 394 1933 opera3
430 1889 490 1922 sed
526 1889 642 1922 domat
677 1890 779 1923 etiam
813 1900 952 1932 senem,
988 1893 1028 1922 ut
1059 1890 1103 1923 ad
1132 1888 1270 1924 humilia
1302 1891 1406 1925 verba
1435 1892 1620 1926 descendat

267 1962 347 1991 ante
371 1957 506 1991 ianuam
531 1960 685 1998 amatae3
716 1962 891 2001 postremo
925 1957 1069 2001 impellit
1092 1959 1201 2001 ipsam
1232 1958 1319 1992 adeo
1343 1960 1494 1993 timidam
1518 1961 1621 2004 puel-

268 2024 358 2065 lam,
391 2027 431 2056 ut
463 2026 567 2056 noctu
601 2034 663 2067 per
697 2024 860 2058 custodes
894 2025 1029 2059 obviam
1063 2026 1177 2059 veniat
1201 2026 1338 2060 amanti.
1386 2026 1492 2061 Vides
1518 2037 1619 2070 quam

270 2090 421 2123 suaviter
452 2088 536 2123 haec
568 2090 731 2124 adornata
769 2092 848 2125 sint.
870 2111 918 2116 —
964 2093 1008 2127 V.
1034 2095 1080 2126 79
1104 2103 1156 2135 sq.
1205 2091 1265 2126 Ah
1300 2092 1474 2136 miseri,
1510 2104 1620 2136 quos

270 2155 340 2191 hic
365 2157 574 2199 graviter
607 2156 717 2190 deus
741 2158 891 2200 urget!
940 2158 992 2191 De
1017 2157 1230 2191 vehementia
1253 2159 1377 2192 amoris
1402 2159 1619 2192 Mrrscnssn-

270 2233 414 2255 mcnms
450 2223 542 2267 capit
576 2222 682 2256 verba
718 2222 761 2256 ad
799 2223 921 2257 Horat.
954 2223 984 2265 Ι,
1019 2225 1075 2265 19,
1110 2225 1143 2258 9.
1181 2228 1219 2257 ut
1251 2225 1540 2259 Vincxnmmus
1574 2223 1618 2257 ad

269 2289 452 2333 Hippolyt·
475 2291 556 2323 443.
590 2290 728 2333 aliique.
777 2290 849 2324 Sed
882 2290 970 2324 bene
1003 2290 1196 2324 Hmmvs:
1236 2297 1367 2337 „urget
1391 2296 1511 2336 potens
1541 2300 1618 2324 ver-

271 2355 352 2389 bum
378 2359 413 2388 et
437 2355 560 2389 efficax
585 2360 643 2389 aut
668 2356 711 2389 de
736 2357 865 2390 maiore
883 2357 939 2399 vi,
964 2356 1019 2390 cui
1045 2357 1156 2390 resisti
1182 2358 1319 2400 nequit,
1344 2361 1383 2390 ut
1405 2357 1434 2390 si
1455 2354 1617 2390 Phoebus

271 2424 374 2464 urget
397 2425 530 2462 vatem,
567 2422 596 2454 si
622 2421 717 2454 furor
747 2421 936 2456 Bacchicus
969 2422 1098 2464 ingruit
1132 2423 1323 2464 mentibus,
1359 2425 1418 2455 aut
1443 2421 1485 2455 de
1509 2422 1618 2463 malis,

271 2498 292 2521 a
317 2488 440 2531 quibus
464 2488 652 2531 respirandi
677 2491 786 2523 nullus
821 2491 917 2524 locus
950 2501 1013 2524 nec
1045 2495 1178 2534 tempus
1211 2493 1280 2530 est,
1318 2490 1462 2533 petitum
1489 2489 1571 2523 illud
1598 2501 1617 2522 a

272 2558 374 2588 vento
398 2555 549 2598 graviter
571 2555 786 2591 incumbente
811 2562 846 2592 et
871 2558 1086 2602 ingruente.“
1134 2557 1250 2592 Quare
1275 2566 1341 2599 ego
1366 2555 1430 2589 hoc
1455 2556 1531 2589 loco
1555 2565 1617 2589 ex-

273 2620 396 2665 plicuit
435 2620 569 2664 miseri,
606 2623 729 2665 quibus
764 2634 864 2669 asper
888 2627 940 2658 est
964 2623 1048 2657 deus
1073 2626 1109 2656 et
1133 2622 1269 2657 dolores
1295 2633 1418 2666 graves
1446 2622 1546 2657 affert
1572 2631 1614 2655 ex
