1721 2953
465 122 705 170 TlBULLI
754 123 863 170 LIB.
892 123 923 173 1.
949 134 982 169 4.
1338 127 1395 173 15

102 250 161 296 At
196 250 231 295 si
269 248 420 294 tardus
457 248 566 302 eris,
613 248 805 294 errabis:
862 248 1043 296 transiet
1080 261 1209 296 aetas.

176 334 323 397 Quam
361 333 446 379 cito
483 352 573 379 non
610 334 758 397 segnis
788 345 874 381 stat
908 346 1160 402 remeatque
1190 335 1310 382 dies!

110 419 256 482 Quam
293 419 378 465 cito
414 437 666 484 purpureos
701 419 907 486 deperdit
939 433 1055 470 terra
1091 421 1286 479 colores,

50 518 98 551 30
178 508 329 565 Quam
365 505 451 552 cito
483 505 703 552 formosas
740 506 935 572 populus
970 507 1070 555 alba
1107 511 1277 556 comas!

103 590 251 652 Quam
284 591 418 647 iacet,
455 590 658 638 infirmae
695 610 852 639 venere
884 593 962 640 ubi
997 594 1086 642 fata
1117 606 1340 650 senectae,

177 676 269 739 Qui
306 677 431 742 prior
465 677 572 724 Eleo
608 689 671 724 est
705 697 880 726 earcere
914 680 1075 727 missus
1112 683 1277 746 equus!

104 762 206 810 Vidi
242 763 329 810 iam
366 763 597 821 iuvenem,
642 777 863 829 premeret
898 785 997 812 cum
1034 766 1178 814 serior
1211 778 1353 824 aetas,

171 849 446 897 Maerentem
480 849 636 897 stultos
670 851 950 915 praeteriisse
988 852 1095 899 dies.

48 945 93 979 35
110 934 322 982 Crudeles
358 936 470 982 divi!
522 954 706 1000 serpens
738 955 879 984 novus
917 938 1036 984 exuit
1068 957 1235 985 annos:

167 1021 356 1068 Formae
391 1041 484 1069 non
522 1021 655 1068 ullam
694 1021 785 1069 sata
821 1022 985 1070 dedere
1018 1042 1203 1071 moram.

103 1106 220 1153 Solis
256 1119 434 1155 aeterna
467 1120 532 1155 est
566 1109 752 1156 Phoebo
784 1109 1054 1174 Bacchoque
1083 1110 1283 1157 iuventa:

167 1193 280 1239 Nam
316 1193 442 1240 decet
477 1194 682 1240 intonsus
719 1194 854 1241 erinis
891 1207 1130 1260 utrumque
1159 1195 1303 1242 deunr

99 1280 188 1335 Tu,
237 1297 377 1343 puero
408 1280 712 1344 quodcunque
744 1291 820 1326 tuo
857 1291 1025 1326 tentare
1055 1280 1236 1338 libebit,

44 1375 91 1410 4ο
175 1364 340 1410 Cedas:
391 1364 608 1429 obsequio
639 1364 832 1429 plurima
868 1365 1004 1412 vincit
1042 1384 1178 1412 amor.

95 1451 192 1496 Neu
229 1468 376 1497 eomes
412 1451 475 1497 ire
512 1469 670 1514 neges,
707 1452 909 1516 quamvis
941 1452 1010 1499 via
1046 1452 1179 1517 longa
1211 1467 1392 1519 paretur

168 1536 224 1582 Et
258 1536 390 1582 Canis
427 1536 568 1583 arenti
605 1532 770 1585 torreat
801 1557 904 1586 arva
937 1539 1032 1595 siti,

102 1622 319 1683 Quamvis
352 1634 611 1687 praetexens
648 1624 773 1689 picea
809 1624 1038 1688 ferrugine
1075 1625 1244 1672 caelum

166 1709 410 1753 Venturam
448 1708 649 1755 admittat
684 1709 889 1756 imbrifer
924 1728 1053 1756 arcus
1091 1730 1277 1774 aquam:

44 1804 89 1838 45
104 1791 183 1838 Vel
216 1792 252 1838 si
290 1791 514 1839 caeruleas
552 1793 694 1858 puppi
730 1793 845 1840 volet
878 1794 941 1840 ire
973 1813 1053 1859 per
1085 1795 1258 1852 undas,

159 1880 258 1942 [pse
296 1876 433 1924 levem
470 1896 591 1925 remo
628 1898 709 1943 per
741 1880 851 1925 freta
888 1879 1000 1944 pelle
1032 1892 1187 1927 ratem.

138 2024 178 2058 V.
193 2025 250 2058 27.
277 2024 473 2057 transiet
497 2029 636 2058 aetas.
685 2025 737 2057 lta
763 2025 837 2057 libri
864 2025 981 2068 optimi
1006 2029 1108 2069 atque
1134 2027 1386 2072 interpungitur

42 2092 119 2131 post
143 2094 255 2122 aetas.
306 2088 494 2133 Adseripsit
517 2090 790 2123 LACRMANNUS:
824 2090 1001 2124 H131Nsms
1035 2092 1207 2125 “transiit
1238 2105 1266 2127 v.
1294 2106 1322 2128 c.
1347 2096 1386 2129 F.

42 2152 73 2186 b.
92 2163 121 2186 e.
154 2157 251 2186 vetus
285 2153 394 2187 codex
428 2154 518 2198 apud
550 2155 836 2198 Falcoburgium‚
875 2157 933 2199 qui
967 2167 1028 2189 sua
1059 2158 1202 2201 sumpsit
1235 2170 1255 2192 a
1292 2160 1388 2193 Luca

41 2218 234 2253 Fruterio.”
293 2218 348 2252 Ex
373 2217 435 2252 hac
461 2219 567 2262 bona,
603 2224 639 2253 ut
665 2221 817 2263 videtur,
852 2221 1086 2255 emendatione
1112 2225 1215 2266 vulgo
1242 2226 1386 2268 probata

40 2285 309 2329 iuterpungiturz
344 2286 477 2318 transiit
505 2290 598 2318 aetas
624 2297 724 2328 quam
758 2287 847 2319 cito!
873 2305 918 2310 -
968 2288 1008 2321 V.
1024 2290 1081 2321 28.
1111 2295 1386 2334 remeatque.

42 2351 155 2393 Vulgo
169 2352 255 2383 male
269 2356 440 2382 remeatve
455 2351 496 2383 de
511 2351 702 2384 coniectura
714 2352 856 2388 Heinsii‚
871 2353 996 2386 reiecta
1013 2354 1113 2386 etiam
1128 2356 1170 2388 ab
1183 2355 1384 2392 Hnsmnsso.

135 2430 176 2463 V.
199 2432 256 2462 37.
304 2428 491 2463 Phoebo
530 2429 821 2473 Bacchoque..
888 2432 953 2464 Alii
992 2431 1132 2466 Baccho
1166 2434 1386 2482 Phoeboque,

40 2494 130 2537 qnod
164 2505 228 2527 non
263 2499 316 2528 est
348 2495 567 2538 probandum.

136 2572 177 2606 V.
192 2574 247 2605 44.
281 2573 487 2607 imbrifer
520 2575 606 2607 libri.
665 2574 826 2607 Heinsius
856 2573 1040 2620 nimbriser
1074 2577 1274 2613 emendavit.
