1721 2953
251 96 328 135 124
558 95 588 135 C
595 91 926 136 OMMENTAR.
954 94 1013 134 IN
1042 94 1269 136 TIBULLI

245 218 364 248 citur
398 213 539 248 omnis
571 221 709 253 amor,
745 222 845 245 omne
881 211 1002 245 foedus
1035 213 1159 245 amoris
1192 212 1277 245 solvi
1302 217 1438 256 potest3
1475 213 1518 247 cf.
1543 213 1586 246 ad

248 280 450 312 locutionem
478 276 563 310 infra
588 276 652 318 111,
676 279 711 318 6,
731 277 775 309 4:
803 277 912 320 Saepe
938 281 1001 307 tuo
1025 274 1149 308 cecidit
1175 288 1314 309 munere
1337 277 1455 311 victus
1479 289 1586 314 amor,

245 352 279 379 et
304 347 564 378 Menum-sun
590 343 633 377 ad
658 344 815 386 Propert.
844 354 920 387 pag.
943 344 1024 384 52„
1063 343 1122 376 ubi
1148 343 1247 376 etiam
1275 348 1433 377 monetur
1457 354 1587 376 omnem

245 422 393 442 amorem
417 410 467 443 sic
498 409 585 451 dici,
621 414 660 442 ut
693 412 813 442 natura
847 409 972 442 amoris
1005 409 1229 452 significetur.
1278 409 1378 444 Nunc
1409 410 1490 453 quid
1523 410 1587 443 sibi

244 476 346 508 velint
373 480 495 519 poetae
520 475 642 518 verba,
666 485 775 508 nexus
799 479 834 508 et
858 476 1068 520 comparatio
1092 477 1306 518 sequentium
1331 476 1446 510 docet.
1463 492 1471 498 ·
1496 475 1586 510 Nam

243 540 337 573 dives
361 544 511 583 amator,
537 541 603 583 ait,
629 552 706 575 cum
729 540 828 579 donis
853 542 924 575 suis
953 542 1066 575 omnia
1089 542 1247 586 pateant,
1272 544 1381 576 omnis
1406 543 1519 587 puelia
1543 543 1586 577 ab

242 618 284 640 eo
309 608 498 651 expugnari
523 608 648 652 possit,
672 619 739 642 non
764 608 853 642 fidus
878 609 966 651 erit,
991 608 1052 642 sed
1077 607 1214 642 deseret
1238 612 1295 651 tei,
1320 609 1462 643 simulac
1485 610 1585 643 aliam

242 674 485 717 concupiverit.
533 675 647 717 Atque
682 674 729 706 ita
764 672 847 706 haec
881 674 984 706 etiam
1019 673 1341 707 thnssnmcmus
1376 675 1489 718 cepit,
1529 673 1588 716 qui

242 739 374 774 confert
399 741 587 774 Pnopssnw.
612 740 657 781 ΙΙ,
683 742 740 780 26,
766 741 832 772 27:
875 737 1036 772 Multum
1068 737 1106 771 in
1140 749 1256 771 amore
1281 738 1396 783 fides,
1435 737 1587 771 multum

242 805 447 838 constantia
468 805 638 850 prodest:
677 806 739 851 qui
765 805 848 837 <lare
873 805 989 837 multa
1008 810 1150 849 potest,
1183 804 1297 838 malta
1319 811 1355 838 et
1379 817 1499 839 amare
1520 818 1586 851 po-

241 878 325 906 test.
375 873 504 907 Contra
528 873 829 914 Bnoucxmrsws,
863 872 1025 906 vomat-s
1051 876 1086 906 et
1111 871 1282 905 Hermus
1305 872 1353 906 ita
1378 871 1586 905 constituunt

239 948 396 972 sensumz
432 939 516 973 Cum
544 940 688 984 primum
712 939 799 972 dona
832 939 1011 982 admittes,
1046 939 1093 973 sis
1125 939 1207 973 licet
1231 939 1418 972 castissima
1450 938 1585 980 femina,

241 1010 353 1039 tamen
378 1005 463 1040 fides
488 1011 546 1040 tua
575 1007 688 1040 statim
713 1007 802 1040 vieta
827 1007 912 1048 erit,
943 1007 1010 1040 eris
1035 1015 1171 1050 semper
1194 1015 1281 1038 nova
1304 1003 1431 1048 praeda
1455 1003 1588 1037 ditioris

240 1077 276 1104 et
309 1073 385 1116 plus
417 1072 602 1105 offerentis.
651 1071 721 1105 Sed
755 1072 886 1105 monuit
918 1072 985 1105 iam
1009 1071 1329 1104 Wuxnssnmcmus
1353 1080 1417 1103 nec
1442 1068 1587 1103 adiecti-

240 1147 317 1170 vum
343 1138 472 1173 omnis,
496 1147 560 1170 nec
584 1136 761 1179 sequentia
783 1137 852 1180 pati
877 1136 980 1169 talem
1005 1135 1279 1179 explicationem.
1304 1153 1352 1160 —
1375 1135 1416 1169 V.
1443 1137 1483 1168 61
1511 1145 1586 1177 sqq.

239 1203 416 1246 Pauper
439 1213 530 1244 vero,
556 1203 681 1246 pergit,
705 1202 898 1236 fidissimus.
946 1203 1142 1236 Praemittit
1163 1206 1265 1246 poeta
1289 1202 1482 1245 generalem
1506 1211 1586 1234 sen-

198 1281 201 1283 *
240 1272 406 1313 tentiam,
434 1271 556 1304 deinde
580 1271 789 1313 singularum
816 1281 929 1304 rerum
965 1271 1254 1304 enumerationem
1279 1269 1436 1303 subiiciet
1460 1278 1584 1302 secun-

240 1335 319 1368 dum
333 1335 578 1378 gradationem.
618 1337 682 1369 Est
699 1341 812 1370 autem
833 1337 960 1380 optima
975 1337 1167 1370 emendatio
1181 1337 1258 1377 loci,
1277 1346 1365 1378 quae
1378 1336 1411 1368 in
1429 1335 1583 1368 Munss'rr

240 1402 389 1436 editione
408 1402 568 1436 liabetur:
594 1412 762 1446 pauper
788 1402 881 1435 erit
908 1406 1095 1445 praesto
1121 1410 1295 1444 semper
1319 1399 1415 1432 tibi.
1465 1400 1582 1442 Signi-

239 1471 316 1503 ficat
337 1469 464 1503 locutio
486 1474 640 1513 paratum
660 1479 736 1502 esse
760 1468 802 1501 ad
821 1468 945 1510 officia,
969 1473 1005 1501 ut
1024 1471 1168 1508 constat,
1193 1467 1237 1500 cf.
1257 1467 1437 1508 Vunmtm,
1464 1466 1583 1500 ducta-

238 1547 305 1580 que
329 1548 417 1570 nunc
443 1541 493 1570 est
518 1547 538 1569 a
562 1546 736 1570 servorum
761 1537 967 1570 ministeriis.
1018 1536 1102 1568 Aliis
1127 1536 1212 1568 locis
1238 1535 1281 1568 de
1306 1535 1457 1579 patronis
1483 1545 1584 1568 usur-

239 1607 348 1646 patur,
375 1603 432 1644 qni
456 1612 576 1635 causas
598 1601 795 1642 defendunt,
820 1601 886 1635 vid.
908 1601 1096 1633 Hssnx'sxuu
1119 1600 1161 1634 ad
1183 1601 1282 1634 Ovid.
1304 1601 1448 1634 Remed.
1469 1603 1583 1635 Amor.

237 1669 317 1699 663.
343 1667 547 1700 Rmmxssx.
569 1666 691 1700 Dictat.
718 1665 760 1698 ad
782 1665 922 1698 Terent.
942 1664 1080 1698 Phorm.
1101 1664 1145 1706 11,
1170 1667 1203 1706 1,
1223 1668 1280 1700 36.
1329 1665 1457 1699 Tibulli
1480 1667 1583 1700 verba

237 1731 447 1764 Hrscnmus
480 1732 528 1764 ita
555 1730 730 1764 emendat:
770 1739 900 1774 pauper
934 1729 999 1762 erit
1024 1734 1180 1773 praesto,
1218 1731 1430 1774 praestolans
1455 1741 1583 1774 pauper

236 1798 353 1832 adibit.
403 1798 474 1832 Sed
510 1808 586 1832 cum
615 1796 836 1841 praestolor,
875 1804 1035 1839 quantum
1062 1797 1208 1839 scimus,
1247 1797 1417 1839 significet
1436 1802 1583 1840 praesto

236 1876 315 1896 sum
346 1870 448 1896 stans
474 1869 539 1894 aut
563 1869 794 1906 exspectans,
830 1866 999 1906 repugnat
1034 1860 1167 1903 adibit,
1206 1873 1270 1896 nec
1305 1863 1437 1896 admitti
1471 1867 1585 1906 potest

236 1930 300 1963 ista
324 1930 533 1962 coniectura.
559 1946 604 1952 —-
643 1927 789 1960 adibit
826 1929 1007 1971 primuS.
1058 1928 1144 1961 Cum
1179 1929 1294 1972 plures
1327 1929 1426 1962 Delia
1456 1929 1583 1962 amicos

236 2000 272 2029 et
295 1995 518 2028 admiratores
543 1993 701 2035 haberet,
739 1999 776 2027 ut
801 1995 886 2027 aliae
913 1994 1101 2028 huiusmodi
1128 1996 1263 2039 pueilae
1299 1994 1361 2038 (cf.
1396 1997 1581 2029 Pnopssm.

235 2060 280 2102 Π,
307 2063 340 2101 9,
365 2060 463 2102 27.),
506 2060 561 2102 qui
587 2061 760 2093 matutinis
796 2059 886 2093 horis
912 2063 1095 2095 salutatum
1119 2062 1296 2103 venirent,
1335 2071 1484 2106 pauper,
1523 2063 1583 2103 ait,

236 2125 363 2169 primus
389 2126 511 2158 veniet.
537 2143 583 2148 —
619 2125 743 2158 fixus
769 2125 876 2167 erit,
903 2136 968 2158 non
996 2126 1148 2160 discedet
1171 2138 1190 2159 a
1216 2128 1320 2161 latere
1347 2131 1425 2169 tuo,
1451 2127 1583 2160 officio-

235 2201 313 2232 sus,
338 2192 450 2224 omnia
475 2191 564 2224 iussa
589 2179 669 2233 tua,
695 2192 807 2225 omnia
832 2196 910 2226 vota
937 2197 1073 2236 paratus
1096 2194 1248 2236 exsequi.
1298 2193 1351 2226 Ad
1375 2194 1580 2228 locutionem

237 2261 372 2299 praeter
394 2257 632 2290 Gssnmnnnm
658 2258 735 2291 vide
760 2258 1061 2301 Bnoucuuusmm,
1088 2261 1144 2303 qui
1170 2260 1301 2293 confert
1321 2261 1431 2293 Ovm.
1451 2263 1580 2294 Amorr.

239 2323 296 2365 ill,
324 2326 378 2365 11,
403 2325 465 2356 17:
493 2323 645 2367 Quando
668 2336 731 2370 ego
756 2338 823 2358 non
842 2326 946 2369 fixus
972 2325 1079 2358 lateri
1104 2325 1299 2370 spatiantis
1325 2323 1501 2357 adhaesi?
1534 2324 1580 2357 Et

238 2390 398 2422 CATULL.
425 2387 520 2429 xxi,
546 2391 585 2421 6:
624 2389 752 2423 iocaris
779 2403 872 2427 ιιιια,
897 2391 1020 2423 haeres
1046 2392 1095 2424 ad
1118 2393 1234 2428 lalus,
1262 2391 1375 2425 omm'a
1399 2390 1579 2434 experiris.

237 2457 281 2488 At
307 2454 447 2487 HoRA'r.
471 2454 497 2495 1,
524 2457 582 2495 32,
609 2458 663 2488 10.
709 2457 813 2490 Vino.
842 2459 926 2491 Aen.
953 2458 996 2499 X,
1021 2461 1100 2491 779.
1137 2459 1278 2490 haerere
1311 2456 1420 2488 alicui
1453 2458 1580 2490 dictum

237 2531 287 2563 pr.
319 2520 475 2553 comitem
512 2530 595 2554 esse.
656 2522 807 2565 Denique
832 2525 921 2557 malo
947 2535 1048 2558 seusu
1075 2529 1128 2558 est
1152 2523 1259 2556 lateri
1284 2523 1475 2555 adhaerere
1500 2525 1579 2559 Lrv.

236 2586 400 2629 XXXIX,
425 2591 483 2622 25.
509 2607 554 2613 ——
600 2593 781 2633 tenero,
815 2595 975 2625 revocato
1009 2591 1051 2625 ad
1084 2595 1213 2634 partem
1243 2591 1395 2634 corporis
1429 2590 1580 2634 epitheto
