1721 2953
420 114 661 161 TlssULLl
708 114 818 160 Llss.
849 116 880 160 l.
915 124 966 161 10.
1309 118 1373 164 37

77 244 204 290 Hanc
235 258 349 306 pura
387 257 487 286 011111
523 250 640 285 veste
675 257 838 303 sequar
870 250 1105 306 myrtoque
1144 239 1337 286 ‹fanistra

137 329 295 376 Vincta
332 344 509 390 gerani,
553 336 700 393 myrto
737 325 910 372 vinctus
949 337 990 372 et
1026 325 1120 390 ipse
1159 338 1301 391 caput.

69 415 143 462 Sic
182 413 382 478 placeam
418 411 565 458 vobis:
615 411 727 458 alius
764 411 820 458 sit
852 411 980 458 fortis
1016 412 1061 458 in
1101 413 1261 470 arinis,

20 512 68 546 30
145 500 325 547 Sternat
360 511 402 546 et
438 498 648 546 adversos
687 498 832 544 Marte
869 498 1043 545 favente
1079 498 1238 557 duces,

74 587 134 632 Ut
164 585 275 632 mihi
311 585 484 650 potanti
521 584 663 650 possit
700 602 780 630 sua
818 584 965 631 dicere
1001 584 1117 632 facia

138 672 269 718 Miles
303 683 344 718 et
379 672 425 718 in
463 690 616 718 mensa
646 671 832 735 pingere
871 683 1011 718 castra
1046 689 1182 717 mero.

79 757 194 820 Quis
226 757 356 804 furor
387 769 449 804 est
485 768 624 804 atram
662 756 790 803 bellis
828 774 1050 802 arcessere
1087 756 1308 802 mortem?

144 844 352 890 Imminet
388 854 428 890 et
464 843 596 889 tacito
633 841 745 889 clam
784 841 901 888 venit
937 841 1010 888 illa
1048 841 1173 906 pede.

23 930 181 977 35Non
214 949 340 994 seges
378 941 442 977 est
477 929 618 985 infra,
656 948 745 975 non
784 928 911 974 vinea
943 927 1081 983 culta,
1116 927 1196 973 scd
1230 927 1375 975 audax

143 1016 363 1063 Cerberus
401 1027 440 1062 et
476 1015 658 1082 Stygiae
696 1014 842 1061 navita
881 1013 1025 1078 turpis
1064 1032 1229 1078 aquae:

79 1100 172 1148 Illic
203 1101 518 1166 percussisque
551 1101 677 1163 genis
716 1112 905 1164 ustoque
943 1098 1103 1164 capillo

144 1189 278 1234 Errat
311 1187 368 1233 ad
403 1186 620 1233 obscuros
654 1185 822 1251 pallida
853 1185 984 1232 turba
1022 1184 1156 1231 lacus.

76 1275 225 1337 Quam
246 1273 396 1337 potius
427 1272 681 1318 laudandus
702 1271 774 1317 hic
801 1282 877 1328 est,
909 1288 1039 1335 quem
1064 1269 1188 1334 prole
1218 1281 1374 1334 parata

23 1371 70 1408 40
150 1361 356 1425 Occupat
390 1359 437 1405 in
472 1377 608 1424 parva
646 1358 775 1422 pigra
814 1369 990 1404 senecta
1026 1359 1149 1404 casa!

80 1450 182 1513 Ipse
215 1465 318 1494 suas
356 1457 550 1493 sectatur
582 1463 706 1501 oves,
750 1455 793 1490 at
826 1443 944 1490 {ilius
978 1462 1142 1506 agnos,

140 1536 197 1583 Et
229 1533 420 1582 calidam
457 1533 577 1580 fesso
610 1526 844 1597 *comparat
880 1550 994 1578 uxor
1025 1550 1199 1596 aquarn.

78 1622 153 1670 Sic
189 1640 273 1685 ego
311 1620 419 1677 sim,
464 1619 681 1684 liceatque
716 1630 849 1683 caput
887 1617 1155 1665 candescere
1193 1617 1340 1675 canis,

143 1707 381 1772 Temporis
420 1717 461 1752 et
497 1705 633 1770 prisci
670 1704 786 1751 facta
823 1704 988 1750 referre
1026 1722 1189 1749 senem.

24 1796 254 1843 45Interea
292 1793 387 1839 Pax
421 1810 524 1838 arva
559 1789 683 1837 colat.
720 1790 813 1836 Pax
850 1789 1045 1836 candida
1077 1789 1273 1853 primum

144 1878 283 1926 Duxit
315 1888 518 1924 araturos
552 1876 637 1922 sub
674 1875 780 1938 iuga
815 1875 967 1939 panda
1004 1875 1161 1929 hoves,

73 1967 165 2012 Pax
203 1963 311 2011 aluit
346 1963 453 2010 vites
486 1974 527 2009 et
562 1980 720 2009 succos
757 1960 960 2008 condidit
997 1979 1132 2017 uvae,

144 2050 374 2098 Funderet
405 2061 451 2096 ut
487 2060 592 2096 nato
630 2060 739 2096 testa
776 2059 961 2113 paterna
998 2065 1194 2093 merum:

121 2236 232 2270 v.36.
256 2236 405 2269 navita
429 2234 557 2279 puppis
581 2236 634 2269 vei
654 2234 762 2279 pupis
787 2235 881 2276 libri,
907 2234 996 2267 unde
1014 2233 1268 2266 Licnmmus
1292 2229 1375 2264 iilud

26 2303 189 2346 reposuit.
238 2302 342 2334 Imm
374 2301 544 2345 turpis,
579 2301 668 2343 quod
698 2305 874 2344 receptum
900 2301 1014 2341 vulgo.
1039 2317 1080 2322 —
1132 2298 1245 2331 V.37.
1279 2307 1376 2340 per-

28 2369 279 2410 cussisque
318 2367 486 2410 scriptura
522 2367 659 2407 vulgata
699 2366 870 2398 librorum.
944 2365 1166 2397 (leucum-us
1207 2362 1377 2395 recentior

26 2434 268 2480 percissisque.
331 2433 509 2466 Hssmsius
545 2431 724 2476 exeo-isque
760 2430 960 2464 emendavit.
1022 2430 1171 2462 Vossws
1206 2427 1377 2472 perculsis

28 2500 149 2532 intulit.

129 2579 166 2609 V.
186 2581 240 2610 46.
276 2578 427 2621 panda.
480 2578 545 2611 Alii
575 2577 653 2610 boni
683 2587 805 2610 curva.
