1721 2953
504 167 648 208 LIBR.
676 167 749 206 IV.
809 166 978 208 CARM.
1007 168 1039 207 Ι.
1362 172 1442 209 409

103 283 267 327 quadrato
291 284 443 326 agmine,
476 284 600 318 ducere
625 282 811 317 exercitum
835 282 998 325 quadrato
1021 282 1174 325 agmine3
1215 285 1332 314 contra
1366 280 1442 314 lon-

101 362 187 395 gum
235 362 358 394 agmen
404 351 438 383 in
487 350 731 393 longitudinem
774 354 968 393 porrectum
1015 353 1068 382 est
1120 346 1209 390 (der
1257 345 1446 378 calonnen-

105 415 275 456 marsclz).
325 416 423 450 Quae
455 415 522 448 duo
557 425 683 457 genera
716 415 859 456 agminis
891 415 1073 447 Pomanus
1107 413 1256 456 explicat
1290 412 1364 445 libr.
1387 412 1445 452 vl,

105 481 161 512 40.
212 479 299 511 Vide
332 479 433 512 etiam
469 479 511 512 de
545 480 680 521 agmine
714 477 878 520 quadrato
911 478 996 512 bene
1029 482 1186 520 agentem
1212 478 1381 510 Nimium
1411 477 1444 508 in

107 545 371 586 Antiquitatibus
405 546 500 579 milit.
535 546 710 578 Romanae
744 556 776 588 p.
801 547 870 576 233
896 555 968 586 sqq.
1041 545 1140 577 Nunc
1174 548 1287 576 autem
1324 553 1447 587 agmen

106 609 323 654 quadratum
349 609 390 642 de
415 614 525 642 stante
549 610 608 642 tali
633 610 705 642 acie
730 613 793 650 est,
818 613 856 642 ut
877 620 980 652 saepe
1002 620 1123 652 agmen
1145 609 1188 642 de
1213 613 1322 642 stante
1349 618 1449 640 exer-

107 674 187 714 citu,
212 678 247 707 et
270 674 500 707 consistat
524 675 565 707 in
593 683 749 716 agmen
772 674 1013 716 interpretatur
1036 675 1327 707 Foncntmmus:
1352 673 1450 705 sistat

110 751 147 773 se
180 742 314 783 agmine
347 741 512 784 quadrato
548 740 604 783 (in
636 739 988 785 Sclzlaclztordnung)
1027 740 1199 784 disposita.
1259 740 1448 773 WUNDER-

112 817 253 840 memus
279 808 322 840 de
344 807 596 840 constructione
621 810 797 850 comparat
821 805 950 840 ΤΑσῐΤ.
977 806 1095 840 Annal.
1118 806 1162 847 11,
1188 808 1249 838 16:
1282 806 1449 837 Intentus

105 879 328 918 paratusque
354 872 468 909 miles,
502 879 544 904 ut
567 872 650 905 ordo
675 871 826 917 agminis
849 871 885 904 in
911 871 1019 903 aciem
1044 871 1242 903 adsisteret.
1269 888 1315 894 -
1361 871 1449 903 Per-

110 939 178 981 git:
213 942 258 971 ut
282 943 436 972 rectus
461 938 566 971 ordo
594 939 809 971 decurrat
838 937 1053 979 aequatis
1084 936 1333 977 frontibus,
1367 934 1400 969 h.
1421 946 1451 968 e.

111 1010 257 1047 aequata
288 1005 422 1046 fronte,
463 1005 570 1037 reluti
604 1006 751 1038 SENECA
786 1004 828 1037 de
853 1004 963 1037 Beata
988 1005 1068 1038 Vita
1099 1014 1129 1036 c.
1148 1005 1181 1038 4.
1214 1002 1316 1036 dicit:
1355 1000 1452 1032 Idem

109 1070 285 1102 exercitus
313 1069 410 1102 modo
443 1069 556 1102 latius
585 1069 778 1113 panditur,
816 1067 914 1100 modo
942 1068 979 1099 in
1012 1074 1203 1113 angustum
1238 1072 1454 1105 coarctatur,

110 1142 146 1166 et
172 1143 238 1169 aut
263 1135 300 1168 in
325 1148 455 1168 cornua
482 1136 629 1168 sinuata
655 1135 768 1167 media
789 1140 895 1179 parte
921 1140 1094 1168 curvatur
1119 1140 1184 1166 aut
1211 1139 1309 1165 recta
1326 1130 1453 1177 fronte

111 1202 323 1245 explicatur.
384 1204 453 1235 Aut
485 1202 564 1236 LIV.
592 1202 782 1242 XXXVII,
817 1204 883 1235 39:
933 1201 1062 1234 Consul
1093 1201 1166 1233 tria
1200 1200 1312 1232 millia
1338 1199 1455 1244 ferme

111 1269 267 1312 peditum
292 1275 450 1314 aequata
471 1269 599 1314 fronte
622 1269 807 1303 instruxit.
857 1270 924 1302 Aut
948 1268 1029 1302 ibid.
1054 1268 1176 1309 XXII,
1202 1270 1268 1300 472
1303 1264 1455 1297 Tandem

114 1336 262 1366 Romani
297 1334 357 1366 diu
391 1346 434 1366 ac
467 1347 570 1379 saepe
602 1336 735 1368 connisi
766 1347 881 1381 aequa
909 1335 1036 1380 fronte
1073 1335 1215 1379 acieque
1251 1333 1358 1364 densa
1391 1331 1457 1362 im-

106 1400 230 1444 pulere
264 1401 417 1432 hostium
451 1412 609 1436 cuneum.
680 1404 779 1437 Quae
813 1404 880 1434 iam
912 1403 1073 1435 Vunmns
1109 1401 1326 1443 comparavit.
1395 1398 1460 1430 Est

112 1466 218 1509 igitur
243 1466 430 1512 frontibus
460 1471 499 1499 ut
531 1463 696 1510 πρόσωπα
721 1468 854 1499 Graece
889 1477 940 1509 pr.
967 1465 1077 1498 fronte
1108 1465 1246 1498 dictum.
1297 1464 1459 1497 Ceterum

114 1533 209 1566 vides
239 1536 349 1565 totum
380 1542 515 1566 versum
547 1531 762 1564 antecedenti
795 1531 996 1574 explicando
1028 1534 1062 1563 et
1088 1529 1323 1573 amplificando
1353 1530 1460 1562 inser-

116 1601 205 1640 vire,
241 1610 283 1632 ne
310 1599 408 1631 nimis
433 1598 522 1630 nuda
545 1599 590 1630 sit
614 1597 797 1639 descriptio
822 1596 939 1628 harum
965 1606 1098 1636 rerum,
1136 1607 1175 1628 ac
1199 1595 1287 1626 male
1312 1594 1461 1627 vossms

117 1678 135 1698 e
162 1666 330 1698 nonnullis
357 1670 504 1706 „rectus
529 1664 607 1694 an“
634 1664 805 1706 reposuit,
835 1667 874 1695 ut
898 1663 1029 1694 scilicet
1052 1660 1144 1693 aliud
1165 1671 1274 1703 genus
1298 1661 1384 1692 aciei
1409 1660 1461 1692 iu-

119 1734 224 1766 t'erret
261 1736 379 1765 contra
415 1731 681 1773 grammaticam.
712 1748 753 1754 —
817 1729 1046 1773 duplicem
1082 1728 1328 1761 seiunctim
1368 1737 1461 1760 cer-

120 1810 226 1832 nere
255 1799 455 1831 Martem.
510 1796 623 1829 Proba
648 1795 750 1828 lectio
777 1799 840 1828 est.
889 1795 960 1827 Seu
986 1794 1137 1837 placeat,
1171 1794 1238 1834 ait,
1271 1796 1309 1824 ut
1334 1791 1462 1835 duplex

119 1866 298 1898 seiunctim
330 1865 424 1897 Mars
456 1868 604 1907 pugnet,
641 1863 806 1906 separatis
839 1861 972 1894 duobus
1006 1861 1165 1893 cornibus
1198 1860 1368 1893 exercitus
1401 1869 1464 1891 nec

121 1932 231 1964 media
257 1931 457 1974 interposita
482 1930 566 1963 acie.
618 1930 759 1960 Cernere
783 1931 821 1960 ut
845 1927 953 1960 Vnze.
976 1927 1061 1960 Aen.
1082 1925 1170 1966 XII,
1188 1928 1278 1957 709:
1306 1925 1406 1955 Inter
1430 1934 1465 1954 se

122 1997 227 2029 coisse
263 1995 356 2028 viros
389 2001 423 2027 et
457 2005 592 2027 cernere
619 1994 734 2039 ferro.
792 1993 898 2027 Vides
931 1996 1044 2025 autem
1077 1993 1150 2035 ipse
1180 1990 1350 2034 quomodo
1383 1988 1466 2022 haec

121 2061 280 2104 bipartita
313 2061 404 2094 acies
438 2065 630 2104 opponatur
664 2058 878 2092 antecedenti
911 2058 1010 2091 faciei
1046 2067 1192 2101 pugnae.
1253 2056 1340 2088 Cum
1375 2055 1465 2088 enim

121 2128 304 2170 separatim
338 2130 490 2170 pugnent
525 2125 607 2158 llaec
642 2135 789 2166 cornua,
833 2134 899 2157 non
937 2128 1027 2158 stant
1064 2123 1181 2156 eodem
1217 2127 1312 2156 recto
1347 2121 1466 2154 ordine

121 2193 241 2234 ambo,
274 2193 334 2226 sed
361 2197 460 2236 prout
483 2193 619 2235 utrique
644 2191 869 2225 commodum.
891 2209 938 2216 —
986 2192 1159 2224 Dexter
1193 2190 1260 2222 uti
1295 2189 1468 2221 laevum

123 2262 301 2299 teneat,
337 2263 402 2292 ete.
439 2258 471 2292 h.
494 2269 523 2293 e.
550 2263 587 2291 ut
617 2260 713 2292 miles
744 2260 777 2291 in
806 2258 929 2291 dextro
962 2268 1067 2290 cornu
1101 2261 1193 2290 stans
1226 2256 1378 2289 sinistras
1405 2254 1468 2286 ad-

124 2327 349 2359 versariorum
379 2327 495 2369 copias
521 2326 673 2359 detineat
706 2326 910 2370 pugnando,
945 2326 1001 2367 qui
1028 2330 1141 2358 autem
1168 2325 1200 2356 iu
1226 2323 1361 2356 sinistro
1391 2332 1467 2354 cuin

124 2390 276 2424 dexteris
301 2392 472 2434 confligat.
532 2393 664 2428 Quibus
689 2393 802 2425 verbis
827 2393 949 2425 clarius
980 2391 1047 2424 duo
1073 2401 1199 2424 cornua
1224 2390 1399 2431 designat,
1435 2388 1467 2420 in

125 2467 212 2499 quae
238 2468 325 2491 nunc
349 2458 475 2490 divisus
501 2459 691 2499 exercitus,
722 2468 799 2491 cum
823 2457 954 2490 medius
979 2457 1075 2489 miles
1100 2467 1166 2489 non
1192 2458 1467 2488 memoretur.—

125 2524 278 2566 sitque
304 2524 470 2568 duplex
497 2526 661 2567 gemini
688 2525 890 2558 victoria
915 2534 1067 2564 casus,
1101 2521 1132 2555 h.
1150 2532 1178 2554 e.
1206 2521 1317 2562 sitque
1342 2519 1468 2561 duplex

127 2590 375 2632 quodammodo
415 2593 557 2626 victoria
603 2593 739 2635 gemino
786 2591 978 2624 discrimine
1024 2589 1243 2633 periculoque
1287 2589 1470 2629 reportata.

127 2659 229 2691 imm
256 2659 469 2694 coniecerant
494 2661 661 2705 „geminis
687 2660 839 2693 castris“
865 2658 954 2701 quod
980 2659 1082 2700 vulgo
1108 2656 1287 2700 probatum
1313 2657 1384 2693 est3
1409 2651 1468 2685 sed
