1721 2953
269 155 289 185 22¹
298 152 348 183 o:
582 141 613 181 C
619 140 825 184 OMMEN
828 142 952 184 TAR.
980 142 1040 184 IN
1069 142 1296 184 TIBULLI

266 260 412 290 utantur.
459 254 571 287 Porro
595 253 748 286 sacris
773 254 846 288 scil.
870 255 1007 290 numine
1033 246 1289 300 Nympharum,
1324 261 1361 291 ut
1387 262 1465 291 sunt
1491 268 1609 291 ornnes

266 324 397 364 fontes,
440 321 604 364 imprimis
646 331 726 354 vero
764 322 821 364 qui
857 323 1023 357 salubres.
1090 324 1160 358 Sed
1202 324 1246 358 de
1285 325 1538 359 constructione
1575 330 1610 359 et

263 400 366 424 sensu
391 387 458 421 loci
491 388 597 421 multa
622 386 795 431 disputata
830 391 866 422 et
898 389 1089 423 coniectata
1121 394 1220 433 suut,
1255 402 1343 433 quae
1368 401 1506 434 operam
1532 401 1612 434 per-

264 456 380 489 derem
413 454 442 487 si
477 453 606 487 referre
631 453 743 486 omnia
767 453 903 488 vellem.
964 454 1087 488 Lectio
1121 455 1284 489 librorum
1319 460 1372 490 est
1405 456 1611 496 maxima3

263 522 436 556 rideamus
461 520 543 564 quid
566 531 606 554 ea
629 520 803 554 faciamus.
850 521 1003 556 Primum
1027 532 1116 555 nunc
1141 522 1247 556 Baiae
1272 523 1408 556 omnino
1433 532 1495 566 pro
1516 520 1610 554 ther-

260 588 325 622 mis
351 588 608 631 quibuscunque
642 586 755 620 dictae
780 590 900 630 eruut,
941 592 979 620 ut
1004 587 1140 631 accepit
1164 588 1354 620 Scimmffl
1381 588 1506 630 aliique
1534 590 1610 630 post

260 665 361 698 eum3
408 655 697 688 constructionem
737 663 819 687 vero
856 664 1037 698 perperam
1073 657 1204 688 statuas
1243 653 1328 688 hanc
1364 658 1403 687 ut
1437 654 1607 698 explices:

261 720 350 754 unda
375 719 581 755 thermarum
608 721 735 765 optima
769 724 910 765 propter
934 731 1050 755 sacras
1076 719 1252 766 lymphas,
1287 721 1341 754 vel
1366 720 1456 754 unda
1481 721 1609 764 optima

261 792 402 832 propter
426 799 540 822 sacras
567 787 720 832 lymphas
745 787 974 831 thermarum,
1010 799 1110 831 quam
1135 787 1288 832 putidam
1314 787 1479 820 rationem
1507 786 1607 818 miror

260 864 370 898 nuper
398 854 500 889 etiam
524 854 716 889 Huscfflcro
742 856 934 900 probatam.
983 855 1107 899 Neque
1140 855 1241 889 etiam
1267 853 1421 886 maxima
1447 864 1508 897 pro
1533 863 1609 886 mst-⁴

259 918 313 952 ior
337 923 389 952 est
414 919 542 954 dictum
570 924 605 954 et
632 920 681 954 sic
715 931 792 954 cum
826 921 975 955 ablativo
1011 921 1188 961 iunctum,
1228 923 1267 953 ut
1300 921 1374 953 aliis
1407 918 1608 962 quibusdam

259 985 368 1019 visum
403 985 466 1029 (cf.
492 987 707 1022 BOISSONAD.
744 988 786 1021 ad
820 990 970 1032 Gregor.
1006 987 1160 1021 Corinth.
1197 1000 1229 1033 p.
1257 990 1336 1022 114.
1387 987 1606 1020 Wmcnssm.

258 1053 302 1088 ad
336 1054 506 1098 Pompon.
544 1054 672 1089 Melam
706 1054 771 1097 111,
801 1058 836 1098 7,
860 1055 937 1099 2.),
976 1055 1039 1089 sed
1074 1066 1155 1090 vera
1189 1059 1225 1090 et
1257 1055 1344 1088 iusta
1379 1065 1446 1088 una
1479 1057 1609 1087 tantum

259 1120 468 1153 constructio
493 1118 598 1163 haec,
621 1131 690 1164 qua
714 1119 914 1164 lymphis
940 1131 1002 1164 pro
1027 1120 1142 1154 dativo
1168 1121 1327 1165 accipias.
1376 1119 1464 1154 Nam
1487 1129 1606 1163 super-

259 1186 382 1219 latix-us
407 1197 485 1220 cum
515 1186 630 1220 dativo
662 1187 736 1220 sine
770 1187 1003 1222 controversia
1043 1192 1138 1221 recte
1171 1188 1326 1231 iungitur
1359 1198 1420 1231 pro
1445 1187 1606 1229 genitivo,

258 1251 426 1295 siquidem
453 1263 484 1287 v.
508 1264 538 1286 c.
567 1263 654 1296 quae
681 1251 907 1297 pulcherrima
932 1257 984 1287 est
1011 1253 1154 1297 puellis,
1193 1252 1276 1287 haee
1311 1251 1400 1286 haud
1425 1252 1529 1285 dubie
1554 1255 1606 1285 est

257 1320 448 1362 puellarum
480 1318 717 1363 pulcherrima.
767 1320 858 1354 Hinc
882 1321 1043 1354 Pmmn.
1068 1319 1172 1363 Pyth.
1199 1321 1258 1362 Vl,
1291 1322 1338 1354 40
1361 1330 1437 1363 sqq.
1473 1319 1515 1353 de
1541 1320 1606 1353 Ar-

257 1386 432 1420 chilocho:
471 1383 630 1430 ἐδόκησέν
653 1400 690 1420 τε
714 1387 783 1419 τῶν
808 1383 916 1419 πάλαι
939 1387 1038 1430 γενεᾷ]
1069 1383 1340 1430 εΟῖῑλοτὲροισιιν,
1376 1385 1472 1430 ἔργον
1499 1381 1605 1418 πελώ-

258 1465 331 1497 ριον
355 1453 527 1492 τελέσαις,
553 1447 683 1489 ὕπατος
709 1451 797 1491 (ἷμφὶ
821 1454 975 1486 τοκεῦσιν
1000 1454 1100 1493 &ww
1124 1449 1209 1499 πρός
1236 1450 1380 1498 ἀρετάν,
1416 1452 1447 1486 h.
1474 1463 1504 1488 e.
1530 1453 1607 1496 glo..

256 1520 340 1553 riam
372 1530 446 1553 eam
480 1518 626 1553 habebat
651 1523 687 1553 et
711 1519 926 1554 indicabatur
951 1521 1137 1554 iunioribus
1163 1523 1316 1554 veterum
1344 1518 1484 1552 heroum
1510 1520 1607 1562 prin-

256 1595 338 1628 ceps
361 1595 454 1626 esse,
479 1595 506 1618 s.
532 1585 620 1618 inter
643 1585 793 1618 iuniores
820 1589 973 1618 veterum
1001 1584 1142 1618 heroum
1168 1586 1329 1629 princeps
1355 1596 1451 1626 esse,
1477 1586 1605 1628 pietate

256 1651 418 1685 adversus
452 1655 619 1695 parentes.
680 1652 845 1684 Similiter
880 1650 1069 1694 accipimus
1100 1651 1266 1684 Pomponi.
1301 1651 1401 1684 Mur„
1427 1650 1489 1692 III,
1513 1655 1546 1692 7,
1571 1653 1605 1685 2.

255 1717 327 1751 Iam
361 1717 600 1760 grammaticus
636 1726 757 1749 sensus
796 1715 863 1748 loci
903 1716 987 1748 erit:
1026 1714 1117 1748 unda
1153 1719 1269 1749 autem
1308 1726 1412 1748 verno
1451 1720 1606 1759 tempore

255 1783 545 1827 praestantissima
577 1783 667 1815 inter
702 1792 815 1815 sacras
848 1780 1002 1825 lymphas
1038 1780 1257 1816 thermarum.
1305 1781 1490 1816 Videamus
1516 1792 1605 1816 nunc

255 1848 337 1891 quid
371 1848 484 1882 obstet
521 1846 598 1881 huic
634 1847 863 1892 explicationi.
922 1847 973 1881 Ac
1008 1848 1154 1891 primum
1188 1847 1326 1890 quidem
1369 1847 1486 1881 docuit
1523 1859 1604 1882 sane

255 1916 538 1949 Bnoncxnusms
572 1915 666 1948 lacus
699 1915 851 1958 privatos
887 1913 1046 1949 ditiorum
1079 1915 1114 1949 in
1147 1914 1254 1949 hortis
1279 1915 1476 1949 deliciarum
1502 1927 1604 1950 causa

255 1982 365 2017 factos
400 1983 504 2016 Baias
540 1982 670 2024 dictos,
707 1986 746 2015 ut
781 1982 907 2015 Creten.
936 1993 986 2026 pr.
1013 1983 1108 2017 Coel.
1135 1994 1164 2017 c.
1192 1986 1247 2017 15.
1275 1986 1330 2017 16.
1356 1987 1415 2017 20.
1448 1984 1603 2018 adduxe-

255 2054 376 2094 ratque
414 2050 479 2083 iam
518 2050 708 2083 ScAmGuR
747 2049 898 2082 Martial.
932 2050 976 2091 X,
1016 2053 1070 2092 13,
1107 2054 1141 2084 3.
1181 2055 1216 2084 et
1254 2052 1382 2085 SmoN.
1422 2052 1599 2087 Avonam.

255 2116 385 2158 XVIII,
413 2117 489 2157 fin.3
528 2119 564 2147 at
597 2115 685 2148 enim
722 2126 787 2149 non
822 2117 1002 2160 probatum
1037 2121 1089 2150 est
1114 2118 1284 2150 naturales
1312 2117 1459 2151 thermas
1483 2129 1600 2152 omnes

254 2183 424 2216 communi
461 2182 596 2215 nomine
634 2182 736 2215 Baias
773 2184 984 2228 appellatas,
1032 2187 1068 2217 et
1105 2182 1324 2217 vehementer
1364 2184 1483 2217 dubito
1524 2195 1602 2219 cum

255 2248 407 2282 HuYNm
434 2247 498 2281 hoc
522 2248 594 2281 fieri
622 2244 784 2291 potuisse.
842 2250 962 2282 Potuit
997 2260 1059 2293 per
1093 2250 1378 2293 comparationem
1413 2249 1500 2283 dicia
1541 2249 1604 2284 hae

255 2318 334 2347 sunt
358 2315 487 2348 alterae
512 2314 619 2347 Baiae
644 2317 678 2346 et
703 2324 790 2356 quae
815 2313 943 2347 similes
968 2317 1048 2347 sunt
1073 2315 1285 2357 locutiones,
1309 2314 1369 2348 sed
1393 2313 1497 2348 haec:
1521 2325 1602 2358 pro-

254 2380 389 2413 ficiscor
415 2380 537 2422 Baias,
572 2390 689 2413 versor
715 2381 830 2423 Baiis,
872 2385 906 2414 et
932 2381 998 2414 alia
1022 2382 1167 2424 similia,
1208 2382 1282 2424 quis
1314 2381 1432 2414 credat
1455 2391 1601 2423 unquam

255 2448 358 2481 aliter
381 2457 483 2490 quam
511 2446 554 2480 de
581 2448 783 2482 Puteolanis
809 2448 908 2491 aquis
937 2448 1135 2482 intellecta?
1185 2448 1299 2491 Atque
1323 2446 1387 2481 hoc
1409 2448 1484 2480 loco
1509 2447 1601 2481 ducit

256 2514 378 2548 eodem
414 2515 488 2559 ipsa
526 2515 696 2548 nominum
730 2515 903 2549 distinctio
935 2518 971 2548 et
1007 2515 1228 2559 comparatio.
1286 2513 1374 2547 Nam
1413 2513 1487 2556 quis
1523 2518 1601 2557 post

256 2581 420 2615 Etruscas
456 2590 562 2623 aquas
596 2581 753 2615 Baiarum
789 2591 913 2614 nomen
951 2581 1133 2614 memorari
1166 2579 1282 2612 videns
1316 2589 1383 2611 non
1417 2579 1532 2612 statim
1557 2579 1600 2613 dc

258 2648 464 2692 Campaniae
504 2647 585 2681 urbe
614 2649 767 2692 cogitet,
805 2648 881 2692 quis
907 2658 973 2682 non
999 2648 1121 2682 sentiat
1148 2645 1291 2681 duorum
1316 2645 1487 2680 nominum
1520 2656 1598 2689 pro-

1712 2151 1721 2230 m*-
1712 2049 1721 2142 ,ΛΔ-ω
