1721 2953
249 100 329 138 18⁴
561 96 933 140 COMMENTAR.
961 99 1020 141 IN
1051 100 1279 142 TIBULLI

245 212 404 247 Pmnm.
430 210 472 244 T.
499 209 543 243 Π.
577 221 610 254 p.
637 213 718 246 192.
743 214 826 246 292.
851 216 932 249 636.
986 214 1184 249 Videbimus
1210 226 1281 250 rem
1309 218 1411 250 etiam
1437 217 1523 250 infra
1549 218 1593 259 Π,

245 281 278 318 3,
308 279 360 311 14.
387 280 421 309 et
444 276 507 317 111,
531 277 566 317 4,
590 278 647 309 49.
675 279 708 317 6,
733 279 768 309 3.
786 281 829 330 ¹et
853 280 910 312 26.
959 279 1052 313 Satis
1079 280 1238 324 frequens
1263 280 1328 315 hoc
1352 292 1460 324 genus
1487 282 1594 315 inter-

246 342 432 388 positionis.
483 344 596 384 Atque
627 341 712 375 haec
744 341 916 376 hactenus.
941 364 987 370 -
1028 346 1166 379 multo
1206 357 1344 388 mero,
1378 352 1478 381 sexto
1512 358 1592 381 casu

244 420 377 444 causam
403 410 634 453 significante,
661 413 698 443 nt
722 410 828 443 Ovrn.
856 410 961 445 Trist.
985 412 1046 454 ΙΙΙ,
1070 416 1103 454 5,
1130 415 1194 446 48:
1231 413 1403 459 lapsaque
1426 420 1511 447 sunt
1537 415 1595 448 ni·-

243 476 310 508 mio
331 473 520 519 serba‘pro
545 486 615 507 ana
640 487 742 511 mero,
768 480 907 509 notante
933 477 1244 512 insnnumcxuo.
1293 479 1380 512 Add.
1403 480 1593 515 Pnopnnw,

240 541 286 582 11,
318 543 376 583 34,
407 543 465 575 22.
491 558 538 564 —-
589 541 631 575 V.
655 543 713 574 29.
742 543 800 574 30.
850 541 974 575 Dicere
1009 547 1162 586 poterat:
1205 543 1302 576 Haec
1335 554 1401 586 ego
1437 544 1593 578 dicebam

242 606 325 639 flens
350 610 385 639 et
408 605 451 639 ad
477 616 588 648 genua
613 607 710 650 pueri
734 605 937 649 advolutus;
975 608 1112 651 poetica
1136 613 1210 642 arte
1234 609 1381 643 invertit.
1431 610 1592 644 Ceterum

241 673 370 706 claudit
393 672 457 707 lioc
483 673 627 707 disticho
652 674 910 708 antecedentem
936 676 1067 717 locum,
1096 680 1134 709 ut
1159 676 1265 712 vides.
1314 678 1478 720 Sequitur
1502 689 1590 712 nunc

242 750 329 773 nova
354 751 432 784 pars
457 740 714 783 obiurgationis.
739 760 786 766 —
825 742 868 776 V.
893 745 937 775 31
965 754 1039 786 sqq.
1072 743 1234 777 divitis
1260 744 1355 776 auri
1384 745 1592 788 pondere,

241 811 279 840 ut
298 807 360 849 lll,
378 810 412 849 3,
429 809 484 841 11.
510 807 700 840 PROPERT.
720 808 783 850 lll,
803 810 838 850 5,
861 810 902 842 4:
924 821 1061 854 gemma
1079 809 1187 841 clives.
1221 809 1309 842 Add.
1331 809 1417 842 infra
1437 810 1464 850 1,
1486 813 1541 851 Π),
1560 814 1591 843 7.

240 874 406 908 Similiter
430 886 529 918 opas,
554 887 682 907 munus
709 875 806 908 dives
832 866 966 909 dicitur.
1014 876 1080 910 Est
1102 876 1193 919 quod
1216 877 1349 910 divitias
1369 877 1530 918 continet,
1556 882 1593 910 ut

241 944 354 984 patet,
383 950 444 973 seu
470 941 666 984 pretiosum.
717 929 977 974 Ponclus'aun'
1009 952 1090 974 vero
1126 941 1342 974 usitatissima
1376 942 1477 975 etiam
1510 952 1592 985 pro-

239 1007 340 1041 saicis
365 1008 506 1048 locutio,
538 1012 576 1040 ut
605 1007 722 1049 lero,
751 1008 945 1050 Clcnnom,
967 1008 1130 1043 IvsTux‘o.
1180 1009 1341 1042 Ceterum
1368 1011 1492 1042 ALDus
1516 1019 1593 1044 ann.

242 1075 345 1106 1502.
372 1074 499 1118 primus
524 1073 650 1107 edidit}
674 1071 774 1105 mello
799 1077 834 1104 te
860 1072 983 1106 divitis
1009 1073 1091 1106 auri
1110 1073 1274 1117 pondere,
1301 1074 1332 1107 li.
1358 1084 1388 1108 e.
1416 1084 1457 1106 ne
1482 1075 1593 1108 maxi-

239 1149 294 1174 mo
320 1140 468 1183 quidem.
517 1140 772 1174 LAcnmANNUs
806 1141 956 1174 restituit
981 1140 1117 1173 nullius
1151 1151 1170 1174 e
1204 1140 1279 1174 cod.
1314 1141 1376 1182 A.,
1409 1140 1499 1183 quod
1525 1150 1592 1174 non

240 1204 480 1239 damnaverim.
531 1206 599 1239 Ut:
633 1207 725 1239 nullo
750 1217 833 1253 auro
859 1210 930 1240 est:
967 1217 1009 1240 ne
1035 1207 1180 1250 plurimo
1205 1207 1359 1250 quidem,
1384 1208 1433 1240 sic
1457 1205 1593 1241 nullius

241 1269 324 1302 auri
344 1270 496 1314 pondere
521 1271 606 1304 erit:
631 1282 674 1304 ne
696 1272 919 1316 copiosissimi
944 1272 1080 1315 quidem
1104 1273 1176 1305 auri
1201 1272 1361 1316 pondere.
1411 1273 1485 1306 Nec
1507 1283 1594 1317 opus

240 1336 438 1379 pronomine
462 1342 517 1371 te,
543 1336 586 1369 cf.
611 1336 653 1369 ad
679 1337 706 1378 Ι,
731 1339 764 1377 3,
791 1340 849 1370 27.
879 1354 921 1361 -·
956 1338 1162 1379 gemmis,
1189 1338 1311 1380 quibus
1337 1337 1463 1380 digitos
1489 1348 1590 1370 orna-

239 1403 330 1437 bant.
356 1421 403 1427 —-
441 1403 681 1447 Campania
715 1408 854 1446 terra,
895 1408 933 1437 ut
959 1408 1049 1438 terra
1082 1405 1226 1446 Arabia,
1260 1404 1436 1449 Hispania,
1478 1405 1589 1438 Italia.

240 1468 376 1509 Africa,
408 1468 486 1502 vide
512 1469 618 1502 multa
642 1469 799 1513 exempla
824 1469 915 1512 apud
943 1471 1128 1506 Vunmmz.
1180 1471 1339 1504 Tibullus
1364 1472 1588 1515 oppositionts

238 1545 340 1567 causa
366 1534 509 1577 adiecit,
548 1545 625 1568 cum
650 1539 729 1568 aute
755 1534 798 1568 de
823 1545 907 1568 auro
933 1539 968 1567 et
993 1536 1138 1578 gemmis
1163 1536 1325 1578 dixisset,
1363 1538 1589 1581 oppositioni-

237 1599 301 1634 bus
336 1605 450 1634 antem
485 1600 663 1634 nervosior
694 1601 732 1633 fit
769 1600 890 1633 oratio.
949 1600 1110 1634 Ceterum
1141 1601 1350 1635 fertilitatem
1383 1602 1589 1646 Campaniae

236 1667 311 1708 quis
337 1667 473 1700 nescit?
498 1684 545 1690 -
582 1667 807 1699 Falernus
842 1677 974 1709 ager,
1010 1667 1074 1700 sub
1108 1673 1224 1701 monte
1250 1668 1398 1702 Massico
1423 1669 1455 1701 in
1488 1670 1591 1702 Cam-

236 1733 355 1776 pania,
381 1737 419 1765 ut
444 1736 598 1774 constat,
624 1733 681 1766 nbi
707 1733 819 1767 vinum
843 1737 921 1777 post
945 1733 1140 1767 Caecubum
1166 1734 1446 1778 pretiosissimum
1470 1734 1591 1767 ltaliae

236 1798 425 1831 crescebat.
476 1798 564 1832 Vide
591 1791 822 1832 Vossmn1‘*ad
850 1800 947 1842 Virg.
974 1801 1106 1843 Georg.
1133 1801 1178 1842 11,
1204 1813 1236 1845 p.
1259 1803 1342 1835 299.
1389 1801 1588 1844 Appositio:

236 1864 407 1898 Bacchi
433 1875 558 1906 cura,
598 1865 700 1897 etiam
728 1865 954 1908 oppositionis
979 1876 1081 1899 causa
1109 1866 1234 1909 placuit
1260 1870 1402 1910 poetae,
1426 1877 1503 1899 cum
1527 1877 1590 1899 an-

233 1931 396 1966 tecedens
420 1941 538 1964 versus
564 1930 607 1964 de
640 1930 813 1964 frumento
841 1932 1048 1975 Campaniae
1073 1937 1164 1974 agat.
1183 1949 1226 1958 —
1254 1933 1292 1966 Υ.
1311 1935 1356 1965 35
1370 1943 1444 1974 sqq.
1483 1932 1589 1965 Illis

233 1998 443 2041 eriperes
468 1995 616 2029 verbis
642 1995 751 2029 mihi
772 2001 839 2029 ete.
888 1997 1032 2030 Talibus
1061 1997 1197 2031 iurabas
1223 1999 1356 2041 verbis,
1387 1998 1508 2041 quibus
1534 1998 1586 2031 vel

232 2064 261 2096 si
287 2063 366 2106 quid
392 2066 508 2095 contra
535 2063 709 2095 oculorum
736 2073 872 2095 sensum
897 2062 1141 2105 contenderes,
1179 2064 1322 2097 credere
1349 2074 1403 2097 me
1430 2074 1585 2106 cogeres.

233 2128 347 2162 Verba
373 2128 523 2171 eriperes
546 2127 661 2160 lacere
690 2139 756 2161 non
783 2129 873 2162 beno
893 2130 1167 2164 Formi-:nmmos
1193 2131 1363 2174 explicat:
1399 2134 1586 2173 extorque-

233 2207 287 2230 rcs
313 2193 390 2228 mihi
415 2198 452 2227 nt
477 2177 650 2236 negarem.
699 2194 829 2227 Sensus
856 2194 1058 2228 manifesto:
1101 2196 1251 2239 eriperes
1277 2194 1355 2228 milii
1381 2195 1585 2239 opinionem,

233 2263 347 2295 lucere
372 2262 500 2301 solem,
533 2264 570 2293 ut
596 2261 756 2293 mems
781 2261 875 2295 vidit.
904 2277 950 2286 —
991 2261 1198 2295 fulminis
1233 2263 1351 2304 vias,
1388 2266 1427 2295 ut
1450 2262 1585 2295 Sssnnc.

232 2327 374 2370 Tliyest.
400 2329 488 2360 358:
529 2326 637 2370 Quem
670 2338 738 2360 non
774 2328 949 2360 concutiet
985 2328 1113 2361 cadens
1149 2328 1283 2374 obliqui
1319 2327 1377 2361 via
1404 2325 1586 2372 sulm-inis,

233 2392 447 2427 laudantibus
473 2392 729 2435 interpretibus.
756 2411 803 2416 —
837 2403 998 2437 puraS,
1028 2394 1178 2436 lucidas,
1204 2394 1328 2427 usitato
1355 2390 1506 2436 epitheto
1533 2391 1585 2423 lu-

232 2460 330 2494 minis
358 2464 391 2493 et
417 2460 514 2501 ignis.
565 2461 688 2493 Graeci
716 2461 762 2493 ita
788 2457 958 2505 καθαρόν,
984 2465 1022 2494 ut
1047 2462 1207 2495 Pmum.
1233 2458 1332 2501 Pytn.
1360 2459 1419 2498 w,
1445 2460 1498 2491 14.
1525 2457 1581 2491 nbi

231 2526 318 2560 vonl'.
340 2526 590 2559 annotationem
618 2531 786 2565 nostram,
813 2531 848 2559 et
874 2522 991 2567 ἁγνόν,
1021 2531 1055 2559 ut
1084 2526 1163 2559 ibid.
1191 2523 1290 2566 mun.
1316 2524 1344 2565 l,
1369 2526 1407 2556 21
1429 2535 1436 2555 ε
1473 2520 1583 2554 (ἔπλεξ-

229 2605 290 2623 vm·
319 2588 424 2634 ςιυρᾶς
451 2588 635 2632 {tyronum
661 2595 778 2631 πηγαί.
805 2610 850 2617 ·—-
888 2602 939 2625 110
950 2602 969 2625 η
999 2602 1016 2624 e
1029 2603 1050 2633 g
1061 2603 1080 2624 0
1107 2591 1145 2624 sa
1160 2592 1218 2624 lle
1231 2601 1245 2623 Γ
1258 2601 1274 2622 (³
1313 2590 1331 2622 d
1345 2602 1364 2621 υ
1379 2602 1395 2622 (’
1407 2594 1415 2623 i
1428 2601 1447 2623 u
1458 2600 1473 2623 S
1484 2615 1492 2630 ,
1527 2590 1583 2631 qui

1691 2942 1704 2953 ·-
1686 2649 1715 2931 *af-smum
1681 2579 1714 2599 1
