1721 2953
507 162 648 201 LlBR.
679 162 731 199 11.
788 160 946 202 ELEG.
976 163 1028 202 V.
1348 167 1428 201 293

94 278 114 310 l.
140 278 196 310 cit.
247 277 406 310 Ceterum
434 276 533 308 etiam
560 284 675 307 verum
701 271 870 306 defectum
896 275 976 306 solis
1012 285 1053 308 eo
1078 285 1165 307 anno
1193 274 1296 307 fuisse
1321 278 1428 307 testa-

91 347 163 383 tur,
201 342 367 375 referente
392 342 715 382 WUNDERLlcfflo,
753 340 921 373 Collectio
947 341 1036 374 tabl».
1063 346 1244 375 astronom.
1271 339 1427 382 (Samm-

91 407 179 452 qug
193 408 395 441 Astronom.
418 405 565 451 Tafeltz)
594 405 710 438 Berol.
736 405 778 438 T.
800 405 844 438 II·
871 417 902 449 p.
926 408 1004 440 12⁴2.
1052 407 1232 440 Postremo
1258 404 1300 438 ad
1325 404 1426 438 verba

90 472 263 516 desectum
288 471 417 503 lamine
442 471 530 505 conf.
561 472 669 503 OHD.
691 471 776 504 Met.
802 469 847 512 X,
874 473 962 503 194:
990 471 1130 516 defecta
1158 470 1273 515 vigore
1299 469 1425 503 cervix.

88 536 240 569 Observa
269 537 371 570 etiam
398 538 634 581 pallentes
669 548 809 581 equos
843 538 971 581 pallore
1005 538 1107 580 solis,
1144 535 1426 580 queamdmodum

86 601 320 634 PRomfflTms
344 602 407 644 ΙΙΙ,
429 605 463 645 5,
489 604 555 636 34:
585 608 726 635 atratos
751 603 848 644 dixit,
873 602 963 635 Solis
988 610 1023 635 et
1048 603 1181 636 atratis
1207 602 1338 634 luxerit
1367 614 1423 634 or-

87 665 138 699 bis
159 667 266 713 equis.
284 688 330 694 -
353 668 492 713 Pergit:
517 668 572 703 Et
597 670 838 703 simulacra
864 669 988 703 deum
1008 674 1072 704 etc.
1121 669 1356 714 supplendum
1377 678 1420 701 ex

84 734 360 768 antecedentibus
385 746 525 769 annus
551 736 686 777 vidit,
720 736 806 769 bene
832 739 991 769 monente
1015 736 1144 770 Vossro
1171 739 1206 769 et
1232 735 1421 768 WuNnuR-

85 810 227 841 memo,
266 811 352 843 quae
389 801 597 835 continuatio
634 802 898 835 constructionis
932 813 998 835 non
1035 806 1130 834 caret
1167 801 1284 844 vigore
1319 802 1418 841 iusto,

83 875 158 897 cum
189 866 331 907 singulis
362 867 515 899 versibus
541 866 737 900 absolvatur
768 868 935 900 sententia
971 877 1033 899 nec
1059 866 1239 909 quidquam
1265 865 1317 898 hic
1342 865 1419 898 diu—

82 932 148 963 tius
188 932 333 974 pendeat
368 933 619 977 imperfectum.
692 933 756 966 Est
795 934 900 976 igitur
940 934 1113 967 fudisse
1150 938 1184 967 et
1223 943 1419 977 praemo-

80 997 236 1030 nuisse
269 1002 350 1031 noto
375 1009 439 1032 usu
470 1009 533 1044 pro
559 998 710 1042 fundere
744 1003 779 1032 et
807 1010 1044 1043 praemonere.
1094 998 1214 1042 Neque
1240 998 1321 1031 illud
1346 998 1420 1030 iure

79 1062 240 1105 obiicias,
274 1068 351 1108 post
380 1065 552 1100 defectum
577 1066 659 1099 solis
685 1067 815 1099 minora
840 1066 997 1110 prodigia
1021 1069 1303 1106 commemorata,
1342 1075 1418 1097 cum

80 1127 305 1163 tristissimum
342 1136 513 1165 ostentum
550 1133 653 1166 suerit
689 1134 878 1166 lacrimatio
917 1133 1057 1166 deorum
1095 1136 1129 1165 et
1166 1133 1227 1165 bos
1267 1132 1419 1173 loquens,

79 1193 279 1227 observante
314 1196 434 1229 eodem
469 1199 619 1240 Vossm,
657 1202 694 1230 ut
729 1202 822 1230 recte
857 1196 908 1229 liis
945 1198 1046 1230 rebus
1082 1197 1275 1230 absolvatur
1313 1196 1418 1229 locus.

79 1259 251 1293 Addamus
288 1262 426 1295 verbum
463 1262 505 1296 de
539 1263 692 1304 singulis.
748 1263 982 1295 Lacrimas
1018 1265 1247 1306 tepentes⁷
1284 1256 1419 1303 δάκρυα

76 1323 209 1370 θερμά,
251 1339 327 1362 cum
358 1330 477 1362 flerent
511 1333 546 1362 et
579 1329 741 1362 sudarent
766 1330 863 1372 signa
895 1329 1035 1363 deorum
1070 1330 1217 1363 eburnea
1253 1332 1287 1361 et
1318 1338 1418 1360 aerea

76 1390 211 1424 humido
248 1403 309 1435 per
345 1394 447 1427 istum
483 1405 606 1428 annum
646 1397 738 1429 agre.
798 1395 894 1428 Idem
932 1395 1126 1439 prodigium
1169 1394 1273 1427 habes
1307 1395 1417 1427 Vmor,

75 1458 205 1499 Georg.
234 1457 259 1499 Ι,
285 1459 365 1490 480.
407 1460 512 1492 Ovm.
538 1459 623 1493 Met.
650 1459 728 1501 XV,
753 1462 838 1493 792.
871 1460 1012 1494 LucAN.
1038 1461 1066 1502 Ι,
1091 1463 1173 1493 556.
1200 1478 1246 1484 -—
1288 1470 1417 1493 voca-

74 1524 143 1557 les
179 1524 314 1559 boves
347 1531 447 1560 sunt:
478 1526 622 1559 humana
647 1537 732 1560 voce
757 1528 902 1561 locutae.
952 1527 1089 1561 Laudat
1112 1539 1188 1561 cum
1215 1529 1356 1562 vimmo
1382 1531 1418 1561 et

73 1590 369 1625 Wusnssnmcmo
393 1593 552 1637 Propert.
575 1594 702 1635 11,·34‚
727 1597 793 1627 37:
823 1594 950 1638 Qualis
974 1601 1008 1626 et
1035 1594 1191 1628 Adrasti
1207 1594 1328 1640 faerit
1354 1606 1417 1628 vo-

72 1658 160 1691 calis
187 1659 302 1691 Arion
331 1659 564 1701 Huscmuus,
601 1660 729 1693 addens
762 1661 869 1695 Pam.
895 1661 941 1702 X,
968 1663 1009 1694 1:
1050 1673 1133 1694 aves
1158 1667 1268 1693 cantu
1294 1661 1416 1707 aliquo

73 1729 139 1755 aut
162 1735 315 1756 sermone
340 1724 492 1757 humano
517 1725 666 1759 vocales.
717 1727 831 1769 Atque
857 1726 941 1760 haec
966 1726 1150 1769 hactenu53
1175 1728 1268 1761 finita
1292 1739 1415 1772 paren—

73 1790 177 1823 thesis
202 1794 264 1824 est.
290 1809 335 1814 ——-
373 1791 416 1825 V.
440 1794 484 1824 79
509 1802 584 1835 sqq.
632 1792 774 1826 Lectio:
818 1793 941 1827 Haec
976 1793 1164 1827 fuerant
1196 1795 1311 1827 olim.
1362 1795 1414 1827 De

72 1856 405 1901 plusquamperfecto
432 1868 482 1901 pr.
507 1857 711 1901 imperfecto
738 1859 814 1891 vide
837 1869 939 1903 supra
966 1859 1008 1892 ad
1032 1859 1059 1901 Ι,
1088 1862 1122 1901 5,
1152 1862 1205 1893 19.
1254 1860 1300 1893 At
1325 1860 1414 1893 enim

71 1922 155 1956 haec
180 1924 324 1956 formula
349 1934 416 1956 non
440 1923 654 1967 deprecantis
687 1928 789 1965 esset,
815 1924 875 1957 sed
901 1924 1124 1957 desiderantis
1148 1924 1263 1966 credo,
1288 1929 1325 1958 ut
1350 1935 1412 1957 no-

71 1995 142 2023 tum
168 1990 270 2024 illud:
295 1990 364 2022 Sed
388 1990 476 2022 haec
495 1989 601 2034 prius
617 1990 727 2036 ficere
753 1992 914 2024 CATULL.
940 1991 1001 2032 lv,
1026 1994 1083 2024 25.
1114 1991 1169 2024 nbi
1195 1992 1238 2026 cf.
1263 1996 1411 2025 annotat.

71 2057 188 2092 Quare
213 2056 299 2089 bene
328 2055 541 2089 emendatum
574 2055 708 2088 videtur
739 2055 878 2098 fuerint
904 2067 925 2089 a
948 2055 1209 2089 Bnoucxnvsm
1235 2060 1270 2090 et
1293 2058 1327 2090 in
1352 2067 1412 2090 co—

70 2121 200 2155 dicibus
225 2122 363 2163 aliquot.
390 2139 433 2145 —
467 2120 686 2162 Prodigia
710 2130 861 2163 merge
886 2121 967 2154 sub
1001 2122 1297 2165 aequoribus,
1325 2121 1356 2155 h.
1382 2133 1411 2155 e.

71 2188 153 2219 tolle
185 2188 214 2220 si
249 2187 328 2230 quid
362 2188 561 2231 apparuerit
595 2187 627 2219 in
660 2192 834 2230 posterum
869 2188 1017 2232 prodigii
1051 2193 1087 2221 et
1111 2188 1188 2222 dele
1214 2200 1256 2222 ne
1281 2194 1412 2222 noceat.

70 2253 237 2286 Solebant
266 2259 399 2287 veteres
435 2257 470 2286 et
504 2258 620 2297 partus
644 2259 853 2288 monstrosos
880 2256 1084 2299 expiationis
1117 2267 1220 2289 causa
1253 2256 1286 2288 iu
1318 2266 1412 2288 mare

70 2319 247 2362 proiicere,
280 2322 318 2350 ut
343 2318 622 2352 Bnoucxuusms
647 2323 682 2352 et
711 2320 871 2353 Vumws
898 2321 1090 2363 ostendunt,
1119 2325 1164 2363 et,
1190 2321 1280 2364 quod
1307 2321 1411 2354 Hur-

69 2395 154 2419 Nms
179 2385 291 2426 addit,
318 2385 382 2417 alia
407 2388 564 2428 portenta
590 2396 831 2430 quaecunque,
857 2398 944 2430 quae
970 2388 1100 2421 aboleri
1124 2392 1294 2432 poterant.
1352 2389 1411 2421 Sic

69 2451 235 2493 Apollinis
257 2450 471 2482 simulacrum
497 2450 588 2492 quod
615 2461 674 2494 per
699 2456 768 2485 tres
799 2452 871 2485 dies
897 2453 1038 2485 fleverat
1066 2454 1179 2497 paullo
1206 2458 1284 2487 ante
1313 2463 1410 2486 mor—

70 2518 138 2547 tem
172 2516 342 2558 Scipionis
378 2515 528 2549 Africani
565 2519 703 2551 minoris
741 2520 914 2552 concisum
953 2523 988 2552 et
1026 2521 1058 2552 in
1091 2530 1183 2553 mare
1221 2521 1409 2564 proiectum

69 2585 234 2614 memorat
259 2582 324 2614 Dro
352 2581 513 2626 Excerpt.
542 2584 690 2617 Peiresc.
719 2595 767 2617 nr.
795 2587 851 2618 38.
912 2585 1054 2618 Sublata
1080 2596 1201 2626 causa,
1237 2585 1407 2618 Huers

71 2646 198 2689 inquit‚
237 2646 387 2679 sublatus
428 2646 532 2680 videri
571 2650 679 2691 potuit
718 2650 871 2682 effectus,
935 2650 972 2683 In
1010 2649 1097 2683 hunc
1136 2650 1270 2685 modunl
1307 2651 1411 2692 igitur
