1721 2953
594 146 836 188 TlBULLl.
1327 162 1392 186 cxl

48 267 275 321 Sophocleo
310 264 355 304 in
389 263 551 303 Electra
590 264 726 302 v.120
752 274 841 315 sqq.
875 261 945 301 ubi
979 261 1145 314 querela
1176 261 1230 301 ita
1262 260 1391 301 divisa

45 353 124 393 est,
166 350 208 382 ut
244 341 422 393 primum
454 338 504 378 de
535 339 851 390 Agamemnonis
883 337 1005 377 caede
1037 336 1194 378 dicatur
1220 338 1389 389 stropha

45 428 84 460 et
109 417 363 469 antistropha
387 409 447 465 α’,
487 415 633 455 deinde
667 412 716 454 de
746 415 910 454 miseria
932 415 1117 454 Electrae
1149 414 1319 467 stropha
1349 423 1390 454 et

43 493 296 545 antistropha
311 484 375 547 β’,
415 499 623 544 postremo
653 498 875 544 utrumque
906 491 1198 543 complectatur
1226 498 1265 529 et
1292 503 1391 530 con-

42 571 181 621 iungat
220 569 357 621 puella
397 568 439 607 in
483 567 604 606 tertia
644 573 782 618 parte,
833 564 1179 618 quemadmodum
1220 564 1390 604 dilectus

42 644 142 684 mihi
182 643 343 685 iuvenis
393 641 536 683 doetus
581 649 620 682 et
668 649 810 681 acutus
860 640 992 680 Henr.
1022 639 1191 680 Ludolf.
1227 642 1390 682 Ahrens

39 720 198 761 notavit
236 720 280 759 in
322 719 463 759 libello
509 719 567 758 De
601 720 725 756 causis
764 717 986 770 quibusdam
1024 716 1197 768 Aeschyli
1228 717 1391 756 nondum

39 802 130 838 satis
168 799 365 838 emendati.
428 795 498 837 Sic
530 796 677 836 clarius
720 796 841 834 etiam
878 794 1080 844 intelligas
1108 807 1251 834 veram
1282 802 1391 834 stru-

40 883 197 914 cturam
218 872 391 925 elegidii.
448 872 642 924 Denique
668 869 851 909 attendas
875 869 995 908 etiam
1016 867 1067 907 ad
1086 868 1389 909 invocationem

38 960 103 991 ter
129 951 357 1003 repetitam.
422 948 529 988 Nam
559 948 681 988 etiam
712 946 778 987 hic
808 945 983 987 variatio
1013 953 1053 984 et
1080 944 1272 997 repetitio
1302 945 1389 985 sor-

38 1040 219 1076 marum,
250 1038 374 1079 quam
399 1023 504 1074 dixi,
532 1025 670 1063 locum
693 1023 819 1061 habet
844 1034 921 1074 pro
947 1020 1108 1060 ratione
1138 1021 1389 1071 argumenti:

40 1111 194 1156 potest,
233 1102 352 1141 utin
384 1099 642 1140 antecedenti
677 1097 873 1151 elegidio,
913 1112 1029 1137 suam
1066 1111 1256 1151 quaeque
1293 1111 1390 1150 pars

41 1179 296 1219 tractationis
329 1179 532 1217 rationem
561 1177 715 1215 habere
745 1175 789 1214 in
824 1175 1038 1224 omnibus,
1077 1181 1233 1226 potest,
1271 1182 1318 1212 ut
1345 1174 1389 1212 in

40 1255 118 1295 hoc
155 1256 306 1304 altero,
345 1254 467 1294 simul
497 1253 636 1293 adesse
675 1254 807 1292 forma
844 1250 1066 1305 quaedam,
1106 1264 1212 1304 quae
1247 1249 1391 1289 redeat

41 1337 115 1369 ter.
170 1330 340 1382 lamque
377 1329 496 1368 etiam
527 1327 576 1367 de
612 1328 690 1367 hoc
729 1327 907 1366 carmine
942 1325 1036 1365 satis
1068 1324 1234 1366 dictum.
1289 1325 1389 1366 Non

40 1412 100 1444 est
139 1412 276 1444 autem
317 1403 512 1451 dubium,
567 1416 689 1455 quam
732 1402 797 1440 hic
837 1401 1099 1441 tractavimus
1138 1400 1390 1452 peculiarem

40 1482 410 1521 conformationem
438 1480 610 1532 elegiae,
636 1480 718 1518 ‘arti
745 1479 928 1531 poeticae
951 1478 1108 1517 Tibulli
1134 1478 1259 1530 plane
1289 1490 1389 1516 con-

38 1558 200 1608 venire3
241 1570 336 1596 nam
367 1557 683 1597 concinnitatem
712 1569 901 1607 magnam
932 1569 979 1594 ea
1007 1555 1133 1595 habet
1162 1561 1202 1593 et
1232 1554 1388 1593 exitum

41 1633 160 1672 etiam
204 1633 324 1673 affert
364 1646 463 1673 vere
504 1632 810 1681 Tibullianum,
868 1631 939 1684 qui
986 1637 1206 1682 componat
1248 1630 1387 1669 onmia

41 1708 214 1760 optime,
259 1709 464 1764 simulque
504 1709 715 1750 distinctus
755 1712 806 1750 ab
847 1708 1180 1750 antecedentibus
1218 1707 1389 1748 firmiter

40 1784 202 1825 claudat
239 1794 384 1825 totum.
448 1786 546 1825 Non
584 1786 802 1836 placuisset
838 1798 968 1837 aeque
997 1783 1166 1822 Tibullo
1199 1784 1387 1835 opposita

40 1862 173 1900 forma
213 1859 446 1909 divisionis,
491 1859 564 1900 ubi
601 1868 696 1911 post
730 1860 944 1899 introitum
978 1857 1077 1898 duas
1115 1867 1250 1911 partes
1288 1872 1386 1899 con-

39 1947 159 1986 gruas
188 1948 341 1987 ponas,
376 1949 499 1988 quam
526 1932 761 1987 Lygdamus
792 1935 916 1972 habet
944 1933 987 1972 in
1017 1934 1151 1986 primo
1183 1934 1386 1985 carmine3

39 2025 287 2065 quamquam
327 2011 436 2050 enim
474 2026 551 2064 per
590 2025 632 2050 se
671 2024 757 2050 non
788 2009 1060 2063 vituperanda
1095 2009 1186 2049 talis
1224 2008 1384 2060 divisio,

36 2095 175 2126 tamen
204 2087 466 2126 Tibullianae
504 2094 732 2126 structurae
760 2086 993 2126 firmitatem
1022 2099 1109 2127 non
1138 2087 1283 2136 habet,
1323 2085 1386 2125 di-

38 2162 244 2202 stinctiore
285 2161 399 2200 exitu
438 2175 593 2201 carens.
662 2159 744 2201 Sed
781 2164 882 2202 haec
922 2160 973 2201 ad
1010 2161 1269 2216 Lygdamum
1307 2176 1385 2202 nos

38 2237 214 2287 ducunt,
255 2236 328 2276 ubi
357 2237 688 2277 continuabimus
717 2238 822 2276 hanc
856 2237 906 2278 de
935 2239 1212 2291 peculiaribus
1240 2239 1384 2279 formis

39 2315 189 2366 elegiae
218 2312 547 2366 disputationem.
604 2314 669 2353 De
695 2314 852 2355 Tibulli
880 2324 965 2356 arte
994 2316 1159 2357 abunde
1189 2316 1355 2358 dictum.

121 2538 203 2588 Qui
233 2541 428 2580 chmm
467 2541 613 2593 elegias
653 2557 673 2582 a
709 2544 875 2584 Tibullo
907 2543 1167 2585 crediderunt
1199 2545 1381 2598 scriptas,

39 2628 175 2669 neque
207 2617 282 2656 alia
312 2626 613 2670 perspexerunt
643 2619 730 2659 aliis
758 2619 857 2659 locis
887 2621 1035 2661 harum
1058 2621 1380 2675 disputationum
