1721 2953
502 129 648 172 LIBR.
678 130 730 169 11.
785 126 945 170 ELEG.
977 128 1030 168 V.
1349 130 1427 163 271

87 259 252 297 tempore,
277 254 313 283 et
338 247 401 281 hoc
428 247 486 280 tali
512 245 566 278 die
592 242 813 276 Messalinum
841 246 922 284 puto
946 240 1171 274 introductum
1199 240 1229 272 in
1255 239 1432 282 templum,

86 318 157 351 Iam
186 316 262 350 vide
287 315 477 347 Tibullum:
504 310 568 343 Est
590 319 713 342 vernus
738 308 811 341 dies
837 312 871 340 ct
896 309 1046 351 aperitur
1066 317 1172 341 novus
1198 316 1321 345 annus;
1347 305 1428 347 quid

86 366 191 425 igitur
215 380 353 425 propius
380 376 574 421 precatione
602 373 684 415 hac,
708 377 746 406 ut
770 383 868 406 sacer
896 376 930 405 et
958 372 1121 406 secundus
1146 372 1216 405 sil?
1266 371 1324 404 Sic
1352 381 1429 413 per—

86 448 239 490 spicuum
264 447 317 476 est
342 442 442 474 etiam
470 451 546 473 cum
572 439 650 472 festi
676 439 809 471 ratione
834 439 1027 481 conspirare
1051 439 1327 483 compositionem
1353 447 1431 469 car-

87 511 200 552 minis,
230 511 303 553 ipsa
326 507 542 541 solemnitate
568 504 653 538 hanc
680 504 894 548 politicarum
920 508 954 536 et
979 505 1139 537 ruralium
1166 513 1276 537 rerum
1302 507 1431 535 tracta-

85 577 211 610 tionem
244 575 421 608 offerente.
471 571 564 605 Satis
589 569 632 602 de
658 568 744 610 hoc;
778 568 941 602 addamus
966 570 1114 612 reliqua,
1151 579 1238 612 quae
1263 567 1432 602 mouenda

86 646 224 677 restant.
273 640 409 673 Etenim
435 638 536 671 etiam
561 645 714 669 amorum
739 635 943 668 mentionem
972 633 1025 668 hic
1058 645 1123 668 non
1158 635 1431 678 praetermissam

86 712 194 754 quivis
227 706 478 752 exspectaverit
502 704 715 738 Tibullianae
749 713 895 746 poeseos
929 713 1065 744 gnarus.
1115 704 1205 736 Sunt
1229 706 1342 736 autem
1370 711 1432 745 per

87 781 196 810 totum
222 785 357 809 carmen
383 773 474 806 varie
498 781 616 815 sparsa
640 769 743 803 verba
768 772 804 802 et
829 768 1076 812 descriptiones
1101 767 1314 809 huiusmodi,
1340 771 1373 801 et
1398 768 1431 801 in

87 843 153 875 fine
191 842 293 874 etiam
331 849 409 872 suas
445 836 550 881 ipsius
589 845 768 868 aerumnas
805 838 1060 868 commemorat.
1124 835 1286 868 Videmus
1329 835 1434 877 igitur

85 909 267 948 affectum,
300 916 368 948 quo
394 907 495 947 poeta
520 903 592 946 ipse
618 901 738 945 plenus
763 903 836 941 est,
869 910 906 933 se
932 899 1152 933 admiscuisse
1178 900 1303 942 ubique
1330 901 1432 933 etiam

85 973 208 1008 ceteris
232 969 515 1016 descriptionibus
540 978 654 1002 rerum
679 978 763 1011 quas
788 968 965 1011 proponit,
1000 972 1035 1001 et
1059 972 1178 1001 ornata
1203 968 1313 1001 omnia
1338 977 1433 1000 ama—

85 1039 182 1072 toriis
216 1037 393 1077 sensibus3
435 1046 501 1079 qua
535 1045 573 1068 re
606 1033 686 1078 quid
723 1032 894 1077 pulchrius
929 1037 964 1067 et
999 1034 1107 1076 magis
1143 1033 1433 1067 accommodatum

87 1106 240 1148 elegiaco
287 1104 405 1146 generi
452 1112 618 1146 poeseos,
664 1102 745 1134 licet
790 1100 914 1133 festum
963 1101 1160 1143 religiosum
1210 1098 1434 1133 celebretur?

87 1171 233 1204 Omnino
268 1170 394 1203 multae
425 1172 504 1200 sunt
536 1167 677 1199 virtutes
711 1164 809 1198 huius
841 1166 1009 1198 carminis.
1059 1165 1136 1198 Etsi
1169 1165 1255 1198 enim
1294 1165 1430 1208 plenum

87 1244 139 1273 est
172 1237 396 1281 simplicitatis
429 1236 575 1268 rusticae
612 1238 647 1267 et
680 1243 833 1266 amorum
873 1233 1176 1276 descriptionibus,
1220 1232 1435 1265 nihilominus

88 1310 199 1338 tamen
228 1306 258 1336 iu
285 1302 407 1335 ceteris
432 1301 473 1333 ad
500 1299 786 1341 magnificentiam
810 1297 977 1339 quandam
1003 1298 1171 1341 reperitur
1196 1298 1434 1340 compositum.

87 1373 166 1407 Quo
192 1371 338 1413 pertinet
364 1367 498 1400 omnino
525 1365 720 1407 religiosior
746 1365 905 1397 carminis
928 1362 1079 1403 indoles,
1107 1363 1271 1405 Apollinis
1296 1363 1436 1394 invoca-

86 1437 195 1469 tiones
231 1438 265 1467 et
300 1432 453 1474 Sibyllae
490 1431 628 1463 oracula
664 1433 698 1463 et
734 1428 967 1474 prodigiorum
1001 1428 1202 1461 terribilium
1239 1428 1436 1471 descriptio,

86 1501 232 1545 pertinet
257 1499 358 1532 etiam
385 1507 460 1530 meo
486 1495 611 1529 iudicio
636 1495 670 1528 in
696 1495 850 1527 oratione
876 1494 1096 1537 digressionis
1123 1505 1225 1534 usus,
1261 1495 1312 1526 bis
1337 1493 1436 1527 adhi-

85 1569 176 1601 bitae
201 1577 233 1600 v.
257 1567 402 1598 22-38.
437 1567 471 1596 et
504 1573 534 1594 v·
561 1564 705 1594 71-79.
754 1560 904 1592 Tantum
930 1560 1018 1592 enim
1051 1560 1149 1592 abest
1183 1564 1221 1592 ut
1246 1560 1436 1602 imperitiae

85 1636 213 1670 Tibulli
246 1633 330 1666 haec
364 1642 419 1664 res
452 1628 631 1663 tribuenda
664 1628 728 1668 sit,
767 1626 863 1669 quasi
889 1627 983 1659 nullo
1009 1626 1076 1659 alio
1109 1627 1211 1660 modo
1246 1638 1346 1669 quam
1374 1639 1437 1669 per

88 1701 303 1747 parenthesin
329 1700 393 1732 ista
419 1698 637 1740 interponere
662 1693 811 1733 sciverit,
835 1697 873 1725 ut
899 1689 940 1724 a'd
967 1693 1191 1726 imitationem
1217 1693 1435 1726 sublimitatis

87 1769 214 1811 lyricae
239 1766 329 1799 sacta
355 1762 520 1796 videatur.
580 1759 721 1792 Maioris
746 1758 834 1791 enim
859 1758 1000 1801 spiritus
1025 1758 1116 1791 visae
1145 1762 1180 1791 et
1206 1759 1436 1801 digressiones

89 1834 257 1877 mythicae
282 1832 400 1875 quales
423 1827 646 1868 Pindaricae,
681 1829 716 1859 et
748 1824 812 1858 hoc
838 1822 1080 1868 parentheseos
1107 1835 1215 1867 genus
1241 1825 1435 1869 interrupto

87 1910 188 1934 cursu
214 1897 387 1932 orationis.
436 1896 618 1928 Postremo
651 1892 804 1925 exitus
835 1901 897 1935 pro
923 1890 1037 1924 futura
1061 1891 1171 1934 gloria
1196 1892 1370 1925 Messalini
1398 1897 1433 1926 et

87 1963 263 2009 triumphis
289 1968 366 1997 vota
392 1961 473 1995 facit
498 1961 564 1994 iam
591 1958 624 1993 in
650 1957 790 1993 exordio
816 1957 1018 1991 monstratis.

584 2306 939 2350 EXPLICATIO.

183 2488 225 2522 V.
259 2489 376 2520 1-18.
432 2483 694 2517 Exordium.
753 2483 957 2518 Vocatur
996 2482 1158 2526 Apollo
1201 2486 1246 2516 ut
1285 2482 1441 2516 veniat

89 2565 184 2589 cum
222 2552 397 2587 cithara
436 2549 807 2592 carminibusque
844 2552 888 2582 et
926 2546 1116 2592 pulchre
1157 2552 1349 2582 ornatus
1388 2548 1438 2581 ad

90 2620 491 2664 inaugurationem
535 2618 635 2651 novi
674 2615 939 2650 sacerdotis
981 2615 1246 2659 Messalini,
1285 2615 1438 2649 admit-
