1721 2953
262 136 341 172 128
574 122 943 167 COMMENTAR.
973 123 1033 164 IN
1063 123 1292 166 TIBULLI

260 245 439 282 Amorem,
481 238 572 282 quod
605 238 717 273 denuo
748 240 853 274 tristis
889 246 923 274 et
961 251 1062 285 asper
1093 242 1156 283 sit,
1195 246 1230 275 et
1264 243 1469 277 lamentatur
1502 243 1605 276 alium

260 314 445 344 amatorem
480 305 600 339 adesse
634 309 670 340 et
705 305 834 340 Deliam
865 308 996 341 artibus
1030 308 1186 350 fallendi,
1223 319 1308 351 quas
1333 309 1405 353 ipse
1439 309 1605 351 docuerit,

260 387 346 412 nunc
380 377 498 408 contra
532 383 570 407 se
602 373 662 406 uti.
717 373 856 417 Iamque
891 375 923 408 in
956 374 1019 408 lioc
1052 387 1175 418 magno
1209 375 1328 409 dolore
1360 387 1424 409 suo
1458 377 1606 410 maxima

259 451 413 485 quaeque
438 440 702 474 comminiscitur
735 444 773 473 ut
797 446 996 475 coerceatur
1023 443 1158 475 licentia
1190 444 1332 486 puellae.
1392 443 1430 476 ln
1465 454 1605 486 quarum

258 518 373 542 rerum
396 506 600 540 tractatione
624 509 779 538 versatur
802 512 1039 549 argumentum
1065 509 1231 550 carminis,
1260 508 1351 551 quod
1380 508 1472 542 <luas
1497 511 1605 543 maxi-

259 583 314 607 me
341 577 467 616 partes
498 569 608 604 habet.
667 570 825 602 Primum
862 571 950 604 enim
989 572 1178 605 custodiam
1217 584 1370 607 severam
1410 575 1604 609 meditatur.

258 638 340 673 Adit
365 637 477 672 verbis
500 638 611 681 ipsum
636 637 792 671 maritum
819 642 854 671 et
889 637 1042 671 bortatur
1077 649 1175 680 eum,
1208 644 1246 672 ut
1278 645 1390 673 servet
1423 640 1607 684 diligenter

258 714 420 746 uxorem,
448 713 534 746 quae
559 703 672 736 multis
700 701 809 736 modis
836 712 913 736 eum
938 703 1051 745 sallat,
1084 707 1119 737 et
1145 714 1220 737 cum
1247 705 1401 737 incautus
1425 710 1517 739 esset
1541 707 1606 739 iste

260 769 360 804 bomo
387 773 422 803 ct
444 769 552 813 impar
577 769 750 802 videretur
775 768 852 803 huic
879 770 1075 811 custodiae,
1114 780 1208 804 suam
1240 771 1349 814 ipsius
1374 782 1473 816 opem
1504 772 1538 805 in
1566 783 1606 806 ea

258 849 297 873 re
321 838 439 872 offert:
478 836 604 870 fatetur
627 837 749 869 marito
781 837 928 879 ingenue
955 841 1102 871 structas
1131 849 1235 882 saepe
1265 839 1405 873 insidias
1439 844 1475 874 et
1509 841 1606 873 clan-

260 905 430 938 destinum
460 912 558 936 usum
584 902 739 945 puellae,
773 906 812 935 ut
843 913 944 945 quem
970 902 1024 937 bic
1051 904 1166 938 videat
1190 904 1341 939 fallacias
1364 907 1482 940 uxoris
1506 917 1606 940 nosse

259 981 389 1012 omnes,
414 970 446 1004 ei
469 979 512 1002 ne
536 967 669 1001 dubitet
693 968 904 1001 committere
930 968 1118 1002 custodiam
1139 969 1282 1003 feminae
1306 971 1471 1005 ambobus
1495 982 1605 1014 carae,

257 1038 286 1071 si
313 1036 413 1070 modo
438 1035 494 1069 alii
521 1044 637 1067 omnes
662 1033 711 1065 sic
738 1033 961 1065 excludantur
985 1039 1148 1068 amantes.
1207 1037 1253 1068 At
1278 1036 1384 1077 enim,
1418 1037 1488 1077 ais,
1526 1047 1605 1069 num

259 1103 436 1148 probabile
460 1104 534 1134 erat
558 1100 725 1133 facturum
751 1100 907 1132 maritum
932 1099 1023 1142 quod
1052 1102 1182 1142 cogitat
1206 1101 1390 1135 Tibullus?
1438 1101 1607 1136 Nimirum

258 1178 435 1203 versamur
458 1168 492 1201 in
517 1167 635 1211 poesi,
666 1170 701 1199 et
725 1167 901 1209 quaeritur
924 1170 1004 1200 ante
1029 1168 1141 1200 omnia
1168 1168 1248 1210 quid
1276 1169 1418 1202 amantis
1443 1169 1608 1202 anxietati

259 1235 447 1271 conveniat.
497 1233 599 1276 Atqui
623 1233 780 1266 Tibullus
807 1234 950 1277 primum
984 1238 1124 1279 apertus
1154 1238 1284 1268 amator
1308 1235 1449 1277 Deliae,
1483 1236 1605 1270 deinde

260 1304 338 1346 post
362 1301 497 1345 nuptias
523 1299 772 1339 clandestinus,
805 1308 893 1331 nunc
918 1309 1044 1333 novum
1067 1299 1206 1333 rivalem
1232 1305 1370 1342 nactus,
1396 1301 1487 1343 quod
1516 1312 1607 1334 sem-

260 1377 323 1411 per
347 1365 559 1399 intolerabile
590 1365 620 1397 ei
646 1364 708 1397 fuit
732 1365 764 1397 in
792 1363 856 1398 hoc
882 1376 1017 1407 amore,
1051 1366 1187 1400 tandem
1214 1368 1332 1400 ultima
1358 1372 1466 1400 tentat
1493 1373 1527 1401 et
1551 1379 1607 1401 se-

260 1443 374 1467 veram
399 1431 585 1465 custodiam
619 1430 823 1472 imaginatur
857 1430 910 1462 vel
937 1440 1013 1463 cum
1045 1430 1166 1464 marito
1192 1432 1219 1464 si
1251 1431 1322 1464 fieri
1350 1433 1456 1475 possit
1481 1443 1606 1466 curan-

260 1500 348 1535 dam.
408 1498 531 1541 Neque
569 1501 681 1530 tamen
720 1507 840 1529 revera
878 1497 949 1530 adit
984 1499 1142 1530 maritum
1181 1502 1215 1530 et
1249 1502 1370 1540 rogat,
1411 1503 1489 1531 sunt
1523 1497 1606 1532 llaec

260 1568 452 1599 commenta
487 1562 659 1595 viridioris
696 1561 912 1604 phantasiae,
953 1565 987 1595 et
1024 1563 1148 1595 amoris
1186 1567 1221 1595 et
1257 1564 1450 1606 zelotypiae
1489 1565 1608 1606 quovis

261 1630 364 1665 modo
409 1628 530 1662 rivales
569 1625 749 1670 probibere
791 1626 963 1666 conantis,
1014 1630 1091 1658 sunt
1133 1628 1243 1659 minae
1287 1629 1442 1670 poeticae
1490 1629 1608 1661 Deliae

259 1696 427 1739 scriptae,
465 1691 709 1737 propemodum
739 1694 859 1734 parato
885 1690 927 1723 ad
962 1693 1115 1724 extrema
1140 1696 1311 1735 amatore,
1349 1693 1411 1726 nisi
1440 1693 1481 1726 ad
1507 1694 1608 1728 fidem

261 1762 375 1807 puella
406 1759 535 1793 redeat.
586 1759 699 1800 Atque
724 1756 806 1791 haec
832 1757 968 1800 quidem
1000 1759 1108 1802 prima
1132 1769 1210 1802 pars
1237 1763 1307 1800 est;
1345 1760 1540 1794 accedimus
1565 1761 1608 1794 ad

262 1825 463 1862 secundam.
513 1823 638 1856 Narrat
670 1826 774 1867 poeta
806 1823 839 1855 in
866 1824 1087 1865 sequentibus
1113 1824 1215 1856 etiam
1240 1824 1349 1867 ipsum
1375 1827 1534 1858 Amorem
1563 1826 1610 1859 ita

261 1894 335 1928 fieri
370 1892 508 1932 iubere3
555 1889 709 1922 consulta
744 1887 923 1921 sacerdote
958 1888 1145 1931 Bellonae,
1183 1889 1280 1922 cuius
1316 1890 1492 1932 religionis
1524 1891 1608 1924 ritus

262 1959 430 1994 terribiles
456 1955 637 1996 describit,
678 1965 878 1998 responsum
910 1955 974 1988 sibi
1010 1956 1146 1997 datum,
1182 1957 1296 2000 inopia
1331 1958 1444 1990 statim
1479 1968 1608 2001 poenas

262 2027 438 2066 daturum,
474 2022 624 2065 quisquis
649 2021 780 2053 Deliam
806 2021 1016 2065 corruperit,
1051 2025 1153 2064 atque
1179 2022 1244 2054 alia
1268 2022 1357 2054 mala
1384 2022 1520 2065 puellae
1546 2023 1608 2056 de-

261 2094 397 2126 stinata.
456 2089 587 2121 Tamen
624 2085 701 2118 liuic
737 2087 845 2119 levem
886 2097 1027 2130 poenam
1068 2092 1246 2130 precatur3
1283 2097 1484 2130 quamquam
1520 2090 1607 2122 enim

261 2160 335 2202 ipsa
359 2156 480 2190 merita
505 2154 548 2187 sit
573 2154 657 2186 iram
681 2163 793 2194 suam,
827 2152 1042 2187 nihilominus
1068 2159 1208 2198 propter
1233 2158 1376 2188 matrem
1407 2165 1444 2187 se
1470 2155 1501 2188 ei
1527 2166 1608 2198 par—

263 2233 340 2257 cere
374 2222 441 2262 ait,
475 2220 571 2253 cuius
596 2219 706 2252 osticia
740 2219 826 2251 bona
861 2218 982 2251 deiude
1006 2221 1152 2253 maxime
1177 2220 1311 2263 laudat,
1346 2221 1444 2254 simul
1471 2220 1606 2254 hortans

263 2295 300 2323 ut
326 2289 367 2322 ad
393 2288 581 2321 castitatem
608 2286 710 2318 filiam
735 2289 884 2318 revocet·
934 2286 1065 2321 Quodsi
1092 2286 1174 2320 llaec
1200 2292 1294 2320 casta
1319 2287 1381 2328 sit,
1416 2287 1516 2320 etiam
1542 2285 1605 2318 sibi

265 2356 366 2388 duras
399 2353 561 2386 castitatis
596 2353 690 2393 leges
724 2351 864 2394 imponit
897 2354 931 2383 et
963 2361 1100 2384 severas
1127 2362 1253 2395 poenas
1280 2353 1331 2385 vel
1358 2353 1389 2384 in
1414 2351 1605 2394 suspicione

265 2422 348 2456 salsa
373 2420 544 2460 deceruit,
569 2419 610 2451 ab
636 2422 746 2450 amata
771 2428 852 2450 vero
878 2418 980 2451 iratas
1006 2428 1124 2451 manus
1150 2417 1375 2451 cohibiturum
1401 2427 1438 2449 se
1464 2417 1605 2459 promit-

267 2488 327 2529 tit,
361 2497 402 2520 ne
436 2490 528 2519 nictu
563 2485 621 2517 sed
656 2495 770 2518 amore
803 2484 870 2518 fida
902 2486 955 2518 sit.
1015 2486 1059 2518 At
1091 2495 1176 2527 quae
1204 2484 1286 2516 nulli
1320 2483 1420 2516 fidem
1448 2485 1605 2525 servavit,

267 2554 397 2597 pergit,
424 2563 499 2585 eam
524 2552 554 2584 in
582 2556 757 2585 senectute
783 2553 969 2585 miserrima
995 2561 1069 2584 sors
1095 2553 1226 2589 manet3
1269 2553 1439 2582 contemta
1464 2559 1484 2582 a
1508 2549 1604 2581 iuve-

269 2619 364 2652 nibus
391 2618 524 2661 cogitur
550 2617 623 2650 lana
658 2616 810 2651 facienda
843 2618 944 2650 vitam
981 2625 1120 2658 egenam
1157 2619 1366 2657 sustentare,
1406 2625 1471 2658 qua
1497 2624 1606 2658 poena
