1721 2953
239 124 260 159 1
277 125 320 158 ts
547 113 920 156 (OMMENTAR.
955 116 1014 155 IN
1046 116 1277 156 TlssULLI

243 233 665 268 cf.Bnouci‹1ms⁴1uM.-
691 229 833 273 Pergit:
861 229 975 263 Huic
1001 232 1128 273 paret
1149 233 1284 273 atque
1310 231 1468 274 epulas
1494 231 1590 274 ipsa

243 300 446 333 ministra
471 300 626 339 gerat,
663 295 698 332 Ιι.
725 308 755 332 e.
782 296 859 331 huic
885 303 983 342 paret
1009 299 1128 342 epulas
1150 302 1253 340 atque
1279 302 1397 341 gerat,
1431 298 1590 330 substau-

242 365 309 397 tivo
336 363 499 395 ainbobus
525 363 634 396 verbis
661 363 832 396 communi
858 364 890 396 in
919 363 1069 396 secundo
1103 363 1254 396 membro
1281 364 1416 406 posito',
1455 363 1521 397 vid.
1547 362 1589 396 ad

243 431 268 472 1,
294 434 327 471 ⁸2,
350 433 404 463 42.
457 430 533 463 Hoc
553 431 628 463 loco
653 429 702 463 sic
728 431 904 463 nervosior
926 431 963 463 fit
988 431 1160 474 oppositio
1185 430 1368 464 verborum
1392 434 1522 474 paret
1544 449 1589 454 —-

243 501 385 539 gerat.
436 496 591 540 Denique
614 503 718 541 gerat
744 502 815 531 est:
842 497 974 537 afferat,
1000 497 1103 530 veluti
1129 497 1156 538 l,
1173 500 1227 539 10,
1248 500 1316 530 27:
1344 497 1503 528 canistra
1527 508 1590 541 ge-

243 575 317 595 ram
345 566 395 595 est
422 571 471 607 pr.
498 563 604 596 feram
632 582 673 586 —
715 562 756 595 V.
784 565 829 595 35
854 572 928 605 sqq.
977 562 1098 595 Finitis
1136 558 1415 595 antecedentibus
1449 561 1591 594 tertia

244 630 499 673 descriptio
526 629 754 670 succedit,
778 629 853 662 ubi
880 629 1070 663 dolores
1096 628 1334 662 subsecuti
1359 637 1592 672 exponun-

245 700 325 727 tur.
364 713 405 719 -
456 694 640 731 Querinir:
680 696 918 739 Eurusque
955 696 1215 738 Notusque,
1251 695 1452 739 rapidissimi
1490 694 1593 736 venti,

244 761 390 795 ludibrio
427 762 550 795 liabent
586 754 668 797 haec
707 768 742 796 et
779 764 906 797 iactant
941 765 973 796 in
1007 763 1202 806 longinquis
1243 761 1449 805 regionibus.
1513 759 1591 794 Non

243 829 349 871 igitur
379 829 459 862 dicit
485 832 618 873 portata
645 829 687 862 ab
714 830 798 862 urbe
824 828 875 862 his
901 830 984 873 ipsis
1017 829 1128 862 ventis
1153 828 1187 860 in
1215 827 1391 861 Orientem
1417 830 1497 859 vota
1521 832 1593 867 sua,

244 894 334 937 quod
367 895 440 927 fieri
466 899 530 928 non
559 897 715 938 poterat,
751 895 811 928 sed
838 895 950 928 ablata
984 893 1208 937 (Juacunque
1233 893 1264 925 vi
1292 892 1446 936 inimica)
1472 892 1506 925 in
1533 899 1594 935 pe-

242 961 380 1003 regrino
410 962 484 994 solo
518 960 633 993 haberi
660 965 694 994 et
720 961 842 1004 agitari
871 965 906 994 et
932 960 1052 993 iactari
1078 959 1173 992 Euro
1199 959 1371 1001 Notoque.
1432 960 1593 993 Ceterum

245 1028 323 1061 vide
348 1027 389 1060 ad
416 1028 442 1069 l,
468 1029 501 1069 4,
525 1030 582 1060 22.
610 1046 655 1051 -
691 1038 768 1071 per
790 1027 1050 1069 Armenios,
1077 1036 1139 1070 per
1165 1025 1367 1059 Armeniam.
1417 1024 1594 1068 Nominari

246 1094 380 1126 videtur
405 1093 487 1127 llaec
513 1094 610 1135 regio
637 1097 673 1126 ut
700 1100 781 1136 prae
815 1093 889 1125 aliis
916 1092 1015 1125 Asiae
1052 1092 1153 1124 terris
1187 1089 1279 1124 edita
1307 1093 1342 1123 et
1373 1093 1522 1123 ventosa.
1548 1108 1595 1113 —

247 1161 480 1202 odoratos,
519 1163 657 1204 propter
684 1159 823 1192 frutices
847 1159 934 1192 bene
959 1159 1112 1199 olentes,
1146 1156 1311 1201 imprimis
1335 1164 1527 1198 amomum,
1551 1156 1594 1189 de

248 1239 315 1271 quo
341 1228 472 1261 Plinius
498 1228 578 1269 XII,
603 1230 661 1260 28.
689 1227 789 1260 dicit:
825 1225 988 1260 nascitur
1014 1231 1048 1258 et
1073 1225 1110 1258 in
1135 1223 1326 1258 Armeniae
1350 1229 1476 1268 parte,
1503 1228 1594 1270 quae

248 1299 399 1325 rot-atur
425 1294 544 1325 Ozene.
594 1293 737 1325 Dubitat
762 1292 935 1326 Hem-ms
971 1301 1013 1324 an
1052 1289 1117 1324 boc
1151 1294 1220 1324 tam
1254 1295 1415 1324 accurate
1448 1290 1594 1323 tenuerit

248 1362 370 1401 poeta3
396 1359 548 1401 potuisse
573 1358 748 1402 epitheton
772 1369 792 1391 a
817 1359 916 1400 Syris
942 1362 976 1391 et
1002 1357 1172 1391 Arabibus
1198 1357 1240 1390 ad
1267 1357 1394 1390 vicinos
1417 1357 1595 1390 Armenios

251 1422 396 1456 traduci.
447 1424 600 1456 vossms
627 1429 739 1456 tumen
765 1428 861 1457 recte
887 1423 930 1456 de
955 1424 1060 1467 ipsius
1087 1422 1266 1456 Armeniae
1296 1432 1429 1455 amomo
1456 1424 1595 1466 cogitat.

249 1488 343 1521 Idem
381 1488 543 1522 describit
577 1496 748 1522 amomum
782 1489 825 1521 ad
859 1489 969 1522 VIRG.
1003 1487 1125 1530 Eclog.
1150 1487 1212 1529 111,
1237 1490 1294 1520 89.
1346 1488 1499 1530 Denique
1536 1499 1597 1521 cur

247 1552 311 1586 lioc
338 1552 512 1597 epitheton
539 1553 738 1604 adiectum?
788 1553 937 1586 Ornatus
964 1554 1088 1594 causa3
1115 1551 1175 1586 sed
1200 1563 1244 1586 ne
1270 1553 1400 1586 otiosus
1426 1554 1469 1586 sit
1494 1563 1597 1586 orna-

248 1624 314 1661 tiis,
339 1619 422 1653 baec
447 1620 554 1654 adde:
585 1620 671 1654 Cum
697 1621 844 1654 Romani
870 1621 1051 1665 plurimum
1077 1623 1257 1653 uterentur
1281 1620 1444 1654 odoribus
1469 1621 1595 1655 Orien—

247 1685 291 1717 tis
315 1689 409 1718 trans
433 1691 526 1719 mare
548 1686 720 1728 advectis,
756 1687 880 1720 clarior
902 1689 1016 1730 imago
1040 1688 1089 1721 'sic
1112 1686 1286 1720 oriebatur
1311 1687 1431 1720 lectori
1457 1686 1596 1733 longin-

246 1749 410 1794 quitatis.
459 1751 641 1794 Feruntur,
666 1753 724 1794 ait,
750 1753 782 1785 in
809 1753 1043 1786 remotissimis
1069 1753 1143 1785 istis
1167 1753 1363 1795 regionibus
1389 1757 1482 1786 trans
1503 1762 1595 1787 mare

246 1815 340 1856 sitis,
377 1815 466 1849 unde
501 1817 625 1851 odores
664 1819 707 1851 ad
745 1829 805 1852 nos
848 1821 996 1853 veniunt.
1062 1822 1175 1862 Atque
1217 1818 1300 1853 haec
1338 1819 1511 1853 hactenus.
1550 1839 1595 1843 —

247 1881 289 1913 V.
315 1884 361 1914 37
388 1892 460 1924 sqq.
511 1884 675 1918 Succedit
715 1887 851 1919 ultimus
883 1887 978 1920 locus
1015 1887 1097 1930 ipse.
1148 1890 1373 1928 verterat,
1417 1886 1596 1920 confestim

245 1947 356 1979 vertit.
406 1947 484 1981 Non
521 1954 614 1982 recte
653 1951 1024 1995 plusquamperfectum
1062 1953 1153 1995 cepit
1190 1951 1513 1985 me'nssnmcums
1551 1951 1592 1985 ad

246 2014 421 2055 sequentia
448 2014 480 2046 id
507 2015 670 2050 referens.
697 2034 738 2040 —-
776 2017 818 2051 V.
845 2019 901 2051 40.
938 2018 1202 2060 Admonuit,
1240 2019 1378 2062 proprie
1405 2022 1439 2051 et
1463 2018 1596 2061 signifi-

247 2082 383 2119 canter3
419 2079 468 2112 sic
502 2081 590 2113 enim
625 2080 767 2123 dicitur,
807 2083 899 2124 quod
936 2094 1011 2117 cnm
1046 2085 1166 2117 aculeo
1197 2084 1311 2126 aliquo
1336 2084 1369 2116 in
1395 2084 1591 2117 memoriam

244 2141 342 2175 nobis
368 2143 465 2185 redit,
490 2146 537 2176 ait
562 2145 854 2188 ssnoncmmsms,
881 2149 937 2190 qui
964 2150 1114 2183 Gronov
1146 2149 1294 2184 Diatrib.
1321 2149 1355 2182 in
1381 2150 1481 2183 Statii
1506 2151 1589 2183 Silv.

245 2221 274 2243 c.
301 2212 358 2243 49.
393 2211 508 2245 laudat
543 2217 575 2246 et
601 2214 674 2258 ipse
699 2217 856 2259 exempla
882 2217 1035 2260 apponit.
1087 2216 1184 2249 Adde
1210 2217 1431 2251 Romamn
1457 2217 1590 2250 Dictata

246 2275 279 2307 in
313 2276 412 2309 Ovid.
450 2278 590 2312 Heroid.
628 2291 706 2323 pag.
733 2283 789 2314 24.
829 2281 920 2314 edita
957 2293 977 2314 a
1011 2281 1249 2315 Fridemanno.
1276 2301 1321 2306 ——
1365 2281 1590 2321 deseruit,

247 2351 312 2373 non
339 2342 501 2376 adiuvans
528 2349 663 2387 poetam
691 2346 721 2377 in
748 2355 800 2387 eo,
827 2347 917 2388 quod
943 2347 1079 2389 agebat.
1129 2347 1292 2380 Ceterum
1318 2346 1470 2379 iniuriam
1497 2345 1589 2377 sece-

246 2408 292 2439 ris
328 2408 449 2441 Musae
486 2409 633 2451 Tibulli,
672 2412 699 2443 si
735 2423 810 2446 cum
848 2414 961 2447 Ovidii
998 2415 1119 2447 lasciva
1155 2413 1251 2457 poesi
1287 2412 1367 2445 talia
1404 2420 1590 2453 compares.

246 2475 335 2507 Sunt
367 2475 503 2516 quidem
538 2477 601 2509 loci
637 2479 808 2518 normulli,
848 2480 905 2512 ubi
941 2480 1059 2513 talium
1085 2489 1198 2512 rerum
1225 2476 1428 2510 mentionem
1455 2476 1589 2508 admisit

245 2538 425 2576 Tibullus,
463 2540 522 2573 sed
551 2541 630 2574 fecit
662 2553 727 2576 non
753 2544 825 2577 sine
852 2555 975 2586 causa,
1015 2548 1052 2577 ut
1080 2545 1112 2576 in
1145 2543 1400 2583 exsecratione,
1438 2541 1479 2574 cf.
1506 2541 1589 2573 inl'ra

247 2614 278 2636 v.
309 2606 364 2637 55.
393 2610 425 2637 et
454 2605 478 2646 l,
505 2608 535 2646 9,
570 2609 615 2639 52
639 2619 711 2651 sqq.
750 2610 805 2642 ubi
841 2611 915 2643 vide
950 2614 1074 2642 notata.
1124 2608 1169 2639 Et
1208 2618 1294 2641 nunc
1329 2607 1464 2650 quidem
1501 2606 1590 2649 quod
