<?xml version="1.0" encoding="UTF-8"?>
<!DOCTYPE html PUBLIC "-//W3C//DTD XHTML 1.0 Transitional//EN"
    "http://www.w3.org/TR/xhtml1/DTD/xhtml1-transitional.dtd">
<html xmlns="http://www.w3.org/1999/xhtml" xml:lang="en" lang="en">
 <head>
  <title>
</title>
<meta http-equiv="Content-Type" content="text/html;charset=utf-8" />
  <meta name='ocr-system' content='tesseract 3.04.00' />
  <meta name='ocr-capabilities' content='ocr_page ocr_carea ocr_par ocr_line ocrx_word'/>
</head>
<body>
  <div class='ocr_page' id='page_1' title='image "./carminaexrecensi00tibuuoft_0678.png"; bbox 0 0 1721 2953; ppageno 0'>
   <div class='ocr_carea' id='block_1_1' title="bbox 311 156 1346 209">
    <p class='ocr_par' dir='ltr' id='par_1_1' title="bbox 311 156 1346 209">
     <span class='ocr_line' id='line_1_1' title="bbox 311 156 1346 209; baseline 0.012 -12"><span class='ocrx_word' id='word_1_1' title='bbox 311 162 390 200; x_wconf 79' lang='lat'>352</span> <span class='ocrx_word' id='word_1_2' title='bbox 630 158 661 198; x_wconf 86' lang='lat' dir='ltr'>C</span> <span class='ocrx_word' id='word_1_3' title='bbox 667 156 1000 205; x_wconf 81' lang='lat' dir='ltr'><strong>OMMENTAR.</strong></span> <span class='ocrx_word' id='word_1_4' title='bbox 1028 163 1089 206; x_wconf 88' lang='lat' dir='ltr'>IN</span> <span class='ocrx_word' id='word_1_5' title='bbox 1118 165 1346 209; x_wconf 86' lang='lat' dir='ltr'>TIBULLI</span> 
     </span>
    </p>
   </div>
   <div class='ocr_carea' id='block_1_2' title="bbox 299 272 1658 2621">
    <p class='ocr_par' dir='ltr' id='par_1_2' title="bbox 299 272 1658 2621">
     <span class='ocr_line' id='line_1_2' title="bbox 314 272 1653 320; baseline 0.01 -14"><span class='ocrx_word' id='word_1_6' title='bbox 314 272 446 307; x_wconf 73' lang='lat' dir='ltr'>Tibulli</span> <span class='ocrx_word' id='word_1_7' title='bbox 470 273 559 317; x_wconf 77' lang='lat' dir='ltr'>typis</span> <span class='ocrx_word' id='word_1_8' title='bbox 584 272 797 315; x_wconf 87' lang='lat' dir='ltr'>traderetur,</span> <span class='ocrx_word' id='word_1_9' title='bbox 835 274 892 309; x_wconf 87' lang='lat' dir='ltr'>ubi</span> <span class='ocrx_word' id='word_1_10' title='bbox 927 286 1005 320; x_wconf 84' lang='lat' dir='ltr'>pag.</span> <span class='ocrx_word' id='word_1_11' title='bbox 1031 275 1182 313; x_wconf 85' lang='lat' dir='ltr'>XXVII.</span> <span class='ocrx_word' id='word_1_12' title='bbox 1218 280 1452 316; x_wconf 78' lang='lat' dir='ltr'>tantummodo</span> <span class='ocrx_word' id='word_1_13' title='bbox 1484 286 1554 318; x_wconf 89' lang='lat' dir='ltr'>tres</span> <span class='ocrx_word' id='word_1_14' title='bbox 1581 293 1653 319; x_wconf 88' lang='lat' dir='ltr'>me-</span> 
     </span>
     <span class='ocr_line' id='line_1_3' title="bbox 308 338 1655 391; baseline 0.007 -17"><span class='ocrx_word' id='word_1_15' title='bbox 308 343 482 374; x_wconf 82' lang='lat' dir='ltr'>morantur</span> <span class='ocrx_word' id='word_1_16' title='bbox 503 358 551 365; x_wconf 89' lang='lat'>—</span> <span class='ocrx_word' id='word_1_17' title='bbox 574 339 608 373; x_wconf 90' lang='lat' dir='ltr'>in</span> <span class='ocrx_word' id='word_1_18' title='bbox 632 338 694 373; x_wconf 83' lang='lat' dir='ltr'>hac</span> <span class='ocrx_word' id='word_1_19' title='bbox 719 340 826 384; x_wconf 82' lang='lat' dir='ltr'>igitur</span> <span class='ocrx_word' id='word_1_20' title='bbox 850 341 1146 378; x_wconf 88' lang='lat' dir='ltr'>Commentatione</span> <span class='ocrx_word' id='word_1_21' title='bbox 1172 350 1290 379; x_wconf 84' lang='lat' dir='ltr'>monet</span> <span class='ocrx_word' id='word_1_22' title='bbox 1315 348 1378 382; x_wconf 79' lang='lat' dir='ltr'>Vir</span> <span class='ocrx_word' id='word_1_23' title='bbox 1411 349 1577 391; x_wconf 86' lang='lat' dir='ltr'>elegantis</span> <span class='ocrx_word' id='word_1_24' title='bbox 1601 352 1655 384; x_wconf 86' lang='lat' dir='ltr'>iu-</span> 
     </span>
     <span class='ocr_line' id='line_1_4' title="bbox 311 403 1655 454; baseline 0.01 -18"><span class='ocrx_word' id='word_1_25' title='bbox 311 405 389 438; x_wconf 86' lang='lat' dir='ltr'>dicii</span> <span class='ocrx_word' id='word_1_26' title='bbox 422 403 508 438; x_wconf 89' lang='lat' dir='ltr'>hanc</span> <span class='ocrx_word' id='word_1_27' title='bbox 540 405 763 440; x_wconf 82' lang='lat' dir='ltr'>inversionem</span> <span class='ocrx_word' id='word_1_28' title='bbox 793 406 976 443; x_wconf 77' lang='lat' dir='ltr'>verborum</span> <span class='ocrx_word' id='word_1_29' title='bbox 1001 410 1118 453; x_wconf 69' lang='lat' dir='ltr'>lyricis</span> <span class='ocrx_word' id='word_1_30' title='bbox 1144 415 1179 444; x_wconf 89' lang='lat' dir='ltr'>et</span> <span class='ocrx_word' id='word_1_31' title='bbox 1204 412 1332 454; x_wconf 71' lang='lat' dir='ltr'>lyricae</span> <span class='ocrx_word' id='word_1_32' title='bbox 1356 413 1519 448; x_wconf 78' lang='lat' dir='ltr'>audaciae</span> <span class='ocrx_word' id='word_1_33' title='bbox 1544 416 1655 449; x_wconf 87' lang='lat' dir='ltr'>imita-</span> 
     </span>
     <span class='ocr_line' id='line_1_5' title="bbox 310 471 1655 516; baseline 0.01 -14"><span class='ocrx_word' id='word_1_34' title='bbox 310 471 440 504; x_wconf 80' lang='lat' dir='ltr'>toribus</span> <span class='ocrx_word' id='word_1_35' title='bbox 473 471 730 514; x_wconf 80' lang='lat' dir='ltr'>relinquendam</span> <span class='ocrx_word' id='word_1_36' title='bbox 762 472 889 516; x_wconf 80' lang='lat' dir='ltr'>fuisse,</span> <span class='ocrx_word' id='word_1_37' title='bbox 925 474 1109 509; x_wconf 77' lang='lat' dir='ltr'>abliorrere</span> <span class='ocrx_word' id='word_1_38' title='bbox 1133 486 1216 510; x_wconf 79' lang='lat' dir='ltr'>vero</span> <span class='ocrx_word' id='word_1_39' title='bbox 1241 488 1261 511; x_wconf 88' lang='lat' dir='ltr'>a</span> <span class='ocrx_word' id='word_1_40' title='bbox 1287 479 1365 512; x_wconf 88' lang='lat' dir='ltr'>talis</span> <span class='ocrx_word' id='word_1_41' title='bbox 1390 480 1549 514; x_wconf 82' lang='lat' dir='ltr'>carminis</span> <span class='ocrx_word' id='word_1_42' title='bbox 1573 481 1655 515; x_wconf 85' lang='lat' dir='ltr'>sim-</span> 
     </span>
     <span class='ocr_line' id='line_1_6' title="bbox 307 537 1655 588; baseline 0.007 -18"><span class='ocrx_word' id='word_1_43' title='bbox 307 537 471 581; x_wconf 85' lang='lat' dir='ltr'>plicitate.</span> <span class='ocrx_word' id='word_1_44' title='bbox 520 538 637 573; x_wconf 83' lang='lat' dir='ltr'>Quare</span> <span class='ocrx_word' id='word_1_45' title='bbox 661 538 695 571; x_wconf 90' lang='lat' dir='ltr'>in</span> <span class='ocrx_word' id='word_1_46' title='bbox 721 537 784 572; x_wconf 90' lang='lat' dir='ltr'>hoc</span> <span class='ocrx_word' id='word_1_47' title='bbox 809 541 963 583; x_wconf 87' lang='lat' dir='ltr'>peccavit</span> <span class='ocrx_word' id='word_1_48' title='bbox 985 541 1256 584; x_wconf 69' lang='lat' dir='ltr'>Lygdamus.—</span> <span class='ocrx_word' id='word_1_49' title='bbox 1278 544 1458 578; x_wconf 81' lang='lat' dir='ltr'><strong>Felices</strong></span> <span class='ocrx_word' id='word_1_50' title='bbox 1484 550 1655 588; x_wconf 77' lang='lat' dir='ltr'>cantus,</span> 
     </span>
     <span class='ocr_line' id='line_1_7' title="bbox 307 602 1653 656; baseline 0.008 -20"><span class='ocrx_word' id='word_1_51' title='bbox 307 602 414 637; x_wconf 87' lang='lat' dir='ltr'>hilare</span> <span class='ocrx_word' id='word_1_52' title='bbox 445 614 601 646; x_wconf 88' lang='lat' dir='ltr'>carmen,</span> <span class='ocrx_word' id='word_1_53' title='bbox 640 604 732 647; x_wconf 88' lang='lat' dir='ltr'>quod</span> <span class='ocrx_word' id='word_1_54' title='bbox 765 606 913 640; x_wconf 85' lang='lat' dir='ltr'>animum</span> <span class='ocrx_word' id='word_1_55' title='bbox 946 608 1161 641; x_wconf 86' lang='lat' dir='ltr'>confirmaret</span> <span class='ocrx_word' id='word_1_56' title='bbox 1195 613 1231 642; x_wconf 90' lang='lat' dir='ltr'>et</span> <span class='ocrx_word' id='word_1_57' title='bbox 1266 608 1355 644; x_wconf 86' lang='lat' dir='ltr'>bona</span> <span class='ocrx_word' id='word_1_58' title='bbox 1388 622 1451 655; x_wconf 87' lang='lat' dir='ltr'>spe</span> <span class='ocrx_word' id='word_1_59' title='bbox 1485 612 1653 656; x_wconf 86' lang='lat' dir='ltr'>impleret,</span> 
     </span>
     <span class='ocr_line' id='line_1_8' title="bbox 311 671 1658 721; baseline 0.007 -17"><span class='ocrx_word' id='word_1_60' title='bbox 311 671 514 716; x_wconf 85' lang='lat' dir='ltr'>praeludens</span> <span class='ocrx_word' id='word_1_61' title='bbox 549 671 597 705; x_wconf 83' lang='lat' dir='ltr'>sic</span> <span class='ocrx_word' id='word_1_62' title='bbox 627 672 739 705; x_wconf 75' lang='lat' dir='ltr'>verbis</span> <span class='ocrx_word' id='word_1_63' title='bbox 773 683 854 707; x_wconf 88' lang='lat' dir='ltr'>mox</span> <span class='ocrx_word' id='word_1_64' title='bbox 886 673 1059 716; x_wconf 81' lang='lat' dir='ltr'>dicendis,</span> <span class='ocrx_word' id='word_1_65' title='bbox 1094 685 1240 717; x_wconf 86' lang='lat' dir='ltr'>quorum</span> <span class='ocrx_word' id='word_1_66' title='bbox 1273 676 1404 712; x_wconf 88' lang='lat' dir='ltr'>initium</span> <span class='ocrx_word' id='word_1_67' title='bbox 1428 679 1546 721; x_wconf 84' lang='lat' dir='ltr'>triste,</span> <span class='ocrx_word' id='word_1_68' title='bbox 1581 681 1658 713; x_wconf 87' lang='lat' dir='ltr'>finis</span> 
     </span>
     <span class='ocr_line' id='line_1_9' title="bbox 308 735 1656 789; baseline 0.006 -19"><span class='ocrx_word' id='word_1_69' title='bbox 308 748 408 781; x_wconf 87' lang='lat' dir='ltr'>spem</span> <span class='ocrx_word' id='word_1_70' title='bbox 433 735 592 770; x_wconf 85' lang='lat' dir='ltr'>ostendit.</span> <span class='ocrx_word' id='word_1_71' title='bbox 640 736 693 770; x_wconf 88' lang='lat' dir='ltr'>Ita</span> <span class='ocrx_word' id='word_1_72' title='bbox 716 739 882 781; x_wconf 85' lang='lat' dir='ltr'>suspicor.</span> <span class='ocrx_word' id='word_1_73' title='bbox 932 740 1018 775; x_wconf 81' lang='lat' dir='ltr'>Quis</span> <span class='ocrx_word' id='word_1_74' title='bbox 1043 744 1235 774; x_wconf 87' lang='lat' dir='ltr'>commenta</span> <span class='ocrx_word' id='word_1_75' title='bbox 1259 741 1406 776; x_wconf 79' lang='lat' dir='ltr'>infelicia</span> <span class='ocrx_word' id='word_1_76' title='bbox 1431 745 1506 777; x_wconf 85' lang='lat' dir='ltr'>talis</span> <span class='ocrx_word' id='word_1_77' title='bbox 1534 749 1656 789; x_wconf 87' lang='lat' dir='ltr'>poetae</span> 
     </span>
     <span class='ocr_line' id='line_1_10' title="bbox 311 802 1658 854; baseline 0.008 -20"><span class='ocrx_word' id='word_1_78' title='bbox 311 802 437 845; x_wconf 88' lang='lat' dir='ltr'>ubique</span> <span class='ocrx_word' id='word_1_79' title='bbox 462 807 557 836; x_wconf 88' lang='lat' dir='ltr'>certo</span> <span class='ocrx_word' id='word_1_80' title='bbox 581 804 810 846; x_wconf 74' lang='lat' dir='ltr'>assequatur?</span> <span class='ocrx_word' id='word_1_81' title='bbox 858 805 1049 839; x_wconf 70' lang='lat' dir='ltr'>Hermus:</span> <span class='ocrx_word' id='word_1_82' title='bbox 1081 806 1240 848; x_wconf 78' lang='lat' dir='ltr'>„Felices</span> <span class='ocrx_word' id='word_1_83' title='bbox 1265 814 1393 842; x_wconf 77' lang='lat' dir='ltr'>cantas</span> <span class='ocrx_word' id='word_1_84' title='bbox 1418 815 1559 854; x_wconf 78' lang='lat' dir='ltr'>possunt</span> <span class='ocrx_word' id='word_1_85' title='bbox 1581 822 1658 845; x_wconf 90' lang='lat' dir='ltr'>esse</span> 
     </span>
     <span class='ocr_line' id='line_1_11' title="bbox 311 868 1655 919; baseline 0.007 -18"><span class='ocrx_word' id='word_1_86' title='bbox 311 868 463 912; x_wconf 88' lang='lat' dir='ltr'>propitii,</span> <span class='ocrx_word' id='word_1_87' title='bbox 487 868 636 902; x_wconf 77' lang='lat' dir='ltr'>favorem</span> <span class='ocrx_word' id='word_1_88' title='bbox 661 869 805 902; x_wconf 88' lang='lat' dir='ltr'>numinis</span> <span class='ocrx_word' id='word_1_89' title='bbox 832 870 1061 913; x_wconf 85' lang='lat' dir='ltr'>ostendentes,</span> <span class='ocrx_word' id='word_1_90' title='bbox 1087 876 1146 904; x_wconf 90' lang='lat' dir='ltr'>aut</span> <span class='ocrx_word' id='word_1_91' title='bbox 1170 872 1260 916; x_wconf 90' lang='lat' dir='ltr'>quod</span> <span class='ocrx_word' id='word_1_92' title='bbox 1286 884 1362 907; x_wconf 89' lang='lat' dir='ltr'>cum</span> <span class='ocrx_word' id='word_1_93' title='bbox 1389 875 1529 909; x_wconf 66' lang='lat' dir='ltr'>vomo</span> <span class='ocrx_word' id='word_1_94' title='bbox 1555 878 1655 919; x_wconf 85' lang='lat' dir='ltr'>malo,</span> 
     </span>
     <span class='ocr_line' id='line_1_12' title="bbox 309 933 1654 983; baseline 0.007 -17"><span class='ocrx_word' id='word_1_95' title='bbox 309 934 428 967; x_wconf 77' lang='lat' dir='ltr'>faciles</span> <span class='ocrx_word' id='word_1_96' title='bbox 459 937 494 967; x_wconf 87' lang='lat' dir='ltr'>et</span> <span class='ocrx_word' id='word_1_97' title='bbox 526 933 672 967; x_wconf 84' lang='lat' dir='ltr'>feliciter</span> <span class='ocrx_word' id='word_1_98' title='bbox 700 935 948 978; x_wconf 76' lang='lat' dir='ltr'>provenientes.</span> <span class='ocrx_word' id='word_1_99' title='bbox 997 935 1147 969; x_wconf 90' lang='lat' dir='ltr'>Possunt</span> <span class='ocrx_word' id='word_1_100' title='bbox 1180 939 1283 972; x_wconf 88' lang='lat' dir='ltr'>etiam</span> <span class='ocrx_word' id='word_1_101' title='bbox 1321 949 1397 973; x_wconf 89' lang='lat' dir='ltr'>esse</span> <span class='ocrx_word' id='word_1_102' title='bbox 1433 942 1654 983; x_wconf 79' lang='lat' dir='ltr'>excellentes,</span> 
     </span>
     <span class='ocr_line' id='line_1_13' title="bbox 311 1000 1654 1049; baseline 0.007 -18"><span class='ocrx_word' id='word_1_103' title='bbox 311 1003 542 1043; x_wconf 82' lang='lat' dir='ltr'>praestantes,</span> <span class='ocrx_word' id='word_1_104' title='bbox 576 1000 715 1035; x_wconf 74' lang='lat' dir='ltr'>divini.“</span> <span class='ocrx_word' id='word_1_105' title='bbox 763 1002 863 1037; x_wconf 83' lang='lat' dir='ltr'>Quae</span> <span class='ocrx_word' id='word_1_106' title='bbox 887 1000 968 1036; x_wconf 77' lang='lat' dir='ltr'>mihi</span> <span class='ocrx_word' id='word_1_107' title='bbox 992 1003 1104 1037; x_wconf 82' lang='lat' dir='ltr'>aliena</span> <span class='ocrx_word' id='word_1_108' title='bbox 1129 1003 1286 1038; x_wconf 82' lang='lat' dir='ltr'>videntur</span> <span class='ocrx_word' id='word_1_109' title='bbox 1311 1006 1441 1049; x_wconf 87' lang='lat' dir='ltr'>omnia,</span> <span class='ocrx_word' id='word_1_110' title='bbox 1475 1017 1552 1040; x_wconf 92' lang='lat' dir='ltr'>cum</span> <span class='ocrx_word' id='word_1_111' title='bbox 1578 1008 1654 1040; x_wconf 87' lang='lat' dir='ltr'>nul-</span> 
     </span>
     <span class='ocr_line' id='line_1_14' title="bbox 314 1065 1655 1114; baseline 0.004 -15"><span class='ocrx_word' id='word_1_112' title='bbox 314 1067 382 1100; x_wconf 87' lang='lat' dir='ltr'>lam</span> <span class='ocrx_word' id='word_1_113' title='bbox 417 1067 484 1100; x_wconf 75' lang='lat' dir='ltr'>vim</span> <span class='ocrx_word' id='word_1_114' title='bbox 519 1065 666 1101; x_wconf 86' lang='lat' dir='ltr'>habeant</span> <span class='ocrx_word' id='word_1_115' title='bbox 701 1067 735 1101; x_wconf 91' lang='lat' dir='ltr'>in</span> <span class='ocrx_word' id='word_1_116' title='bbox 769 1069 950 1103; x_wconf 87' lang='lat' dir='ltr'>sententia.</span> <span class='ocrx_word' id='word_1_117' title='bbox 974 1088 1021 1094; x_wconf 90' lang='lat'>—</span> <span class='ocrx_word' id='word_1_118' title='bbox 1060 1081 1136 1103; x_wconf 88' lang='lat' dir='ltr'>ore</span> <span class='ocrx_word' id='word_1_119' title='bbox 1172 1075 1381 1114; x_wconf 88' lang='lat' dir='ltr'>sonante,</span> <span class='ocrx_word' id='word_1_120' title='bbox 1420 1075 1458 1104; x_wconf 88' lang='lat' dir='ltr'>ut</span> <span class='ocrx_word' id='word_1_121' title='bbox 1490 1072 1655 1106; x_wconf 79' lang='lat' dir='ltr'>excitaret</span> 
     </span>
     <span class='ocr_line' id='line_1_15' title="bbox 308 1133 1656 1182; baseline 0.003 -16"><span class='ocrx_word' id='word_1_122' title='bbox 308 1134 531 1167; x_wconf 86' lang='lat' dir='ltr'>attentionem</span> <span class='ocrx_word' id='word_1_123' title='bbox 555 1133 771 1177; x_wconf 83' lang='lat' dir='ltr'>dormientis,</span> <span class='ocrx_word' id='word_1_124' title='bbox 809 1136 950 1179; x_wconf 84' lang='lat' dir='ltr'>opinor,</span> <span class='ocrx_word' id='word_1_125' title='bbox 983 1137 1073 1170; x_wconf 91' lang='lat' dir='ltr'>unde</span> <span class='ocrx_word' id='word_1_126' title='bbox 1098 1137 1199 1171; x_wconf 85' lang='lat' dir='ltr'>etiarn</span> <span class='ocrx_word' id='word_1_127' title='bbox 1225 1138 1405 1181; x_wconf 86' lang='lat' dir='ltr'>plectro</span> <span class='ocrx_word' id='word_1_128' title='bbox 1430 1149 1519 1172; x_wconf 86' lang='lat' dir='ltr'>nunc</span> <span class='ocrx_word' id='word_1_129' title='bbox 1544 1139 1656 1182; x_wconf 86' lang='lat' dir='ltr'>pulsat</span> 
     </span>
     <span class='ocr_line' id='line_1_16' title="bbox 310 1200 1653 1244; baseline 0.002 -11"><span class='ocrx_word' id='word_1_130' title='bbox 310 1201 431 1242; x_wconf 73' lang='lat' dir='ltr'>lyram.</span> <span class='ocrx_word' id='word_1_131' title='bbox 480 1200 568 1234; x_wconf 80' lang='lat' dir='ltr'>Nam</span> <span class='ocrx_word' id='word_1_132' title='bbox 606 1200 649 1234; x_wconf 88' lang='lat' dir='ltr'>de</span> <span class='ocrx_word' id='word_1_133' title='bbox 687 1201 906 1244; x_wconf 89' lang='lat' dir='ltr'>praeludeudi</span> <span class='ocrx_word' id='word_1_134' title='bbox 943 1212 1039 1236; x_wconf 90' lang='lat' dir='ltr'>more</span> <span class='ocrx_word' id='word_1_135' title='bbox 1077 1202 1420 1237; x_wconf 51' lang='lat' dir='ltr'>MITscHssRrilcl-lms</span> <span class='ocrx_word' id='word_1_136' title='bbox 1456 1203 1499 1236; x_wconf 87' lang='lat' dir='ltr'>ad</span> <span class='ocrx_word' id='word_1_137' title='bbox 1533 1203 1653 1236; x_wconf 86' lang='lat' dir='ltr'>Horat.</span> 
     </span>
     <span class='ocr_line' id='line_1_17' title="bbox 308 1267 1653 1312; baseline 0.001 -11"><span class='ocrx_word' id='word_1_138' title='bbox 308 1268 369 1310; x_wconf 76' lang='lat' dir='ltr'>lv,</span> <span class='ocrx_word' id='word_1_139' title='bbox 397 1270 452 1309; x_wconf 83' lang='lat'>15,</span> <span class='ocrx_word' id='word_1_140' title='bbox 477 1270 510 1300; x_wconf 85' lang='lat'>2.</span> <span class='ocrx_word' id='word_1_141' title='bbox 536 1267 622 1300; x_wconf 82' lang='lat' dir='ltr'>bene</span> <span class='ocrx_word' id='word_1_142' title='bbox 650 1271 824 1311; x_wconf 87' lang='lat' dir='ltr'>comparat</span> <span class='ocrx_word' id='word_1_143' title='bbox 850 1268 960 1300; x_wconf 76' lang='lat' dir='ltr'>Ovn).</span> <span class='ocrx_word' id='word_1_144' title='bbox 987 1269 1061 1301; x_wconf 88' lang='lat' dir='ltr'>Art.</span> <span class='ocrx_word' id='word_1_145' title='bbox 1087 1268 1162 1303; x_wconf 83' lang='lat' dir='ltr'>Am.</span> <span class='ocrx_word' id='word_1_146' title='bbox 1187 1267 1232 1310; x_wconf 87' lang='grc' dir='ltr'>ΙΙ,</span> <span class='ocrx_word' id='word_1_147' title='bbox 1256 1271 1326 1302; x_wconf 87' lang='grc'>493</span> <span class='ocrx_word' id='word_1_148' title='bbox 1349 1280 1445 1312; x_wconf 88' lang='lat' dir='ltr'>sqq.,</span> <span class='ocrx_word' id='word_1_149' title='bbox 1479 1269 1536 1301; x_wconf 90' lang='lat' dir='ltr'>ubi</span> <span class='ocrx_word' id='word_1_150' title='bbox 1561 1269 1653 1302; x_wconf 84' lang='lat' dir='ltr'>simi—</span> 
     </span>
     <span class='ocr_line' id='line_1_18' title="bbox 309 1332 1653 1377; baseline 0.001 -12"><span class='ocrx_word' id='word_1_151' title='bbox 309 1333 387 1366; x_wconf 88' lang='lat' dir='ltr'>liter</span> <span class='ocrx_word' id='word_1_152' title='bbox 412 1333 495 1365; x_wconf 89' lang='lat' dir='ltr'>deus</span> <span class='ocrx_word' id='word_1_153' title='bbox 520 1333 656 1365; x_wconf 83' lang='lat' dir='ltr'>monitis</span> <span class='ocrx_word' id='word_1_154' title='bbox 682 1332 822 1365; x_wconf 89' lang='lat' dir='ltr'>edendis</span> <span class='ocrx_word' id='word_1_155' title='bbox 847 1332 1016 1377; x_wconf 88' lang='lat' dir='ltr'>praeludit</span> <span class='ocrx_word' id='word_1_156' title='bbox 1042 1333 1134 1374; x_wconf 85' lang='lat' dir='ltr'>lyra,</span> <span class='ocrx_word' id='word_1_157' title='bbox 1171 1333 1376 1367; x_wconf 85' lang='lat' dir='ltr'>audientiam</span> <span class='ocrx_word' id='word_1_158' title='bbox 1401 1333 1466 1366; x_wconf 89' lang='lat' dir='ltr'>sibi</span> <span class='ocrx_word' id='word_1_159' title='bbox 1490 1333 1653 1375; x_wconf 87' lang='lat' dir='ltr'>facturus,</span> 
     </span>
     <span class='ocr_line' id='line_1_19' title="bbox 309 1396 1652 1442; baseline 0.002 -13"><span class='ocrx_word' id='word_1_160' title='bbox 309 1401 348 1429; x_wconf 89' lang='lat' dir='ltr'>ut</span> <span class='ocrx_word' id='word_1_161' title='bbox 373 1396 436 1430; x_wconf 86' lang='lat' dir='ltr'>hoc</span> <span class='ocrx_word' id='word_1_162' title='bbox 462 1398 538 1430; x_wconf 88' lang='lat' dir='ltr'>loco</span> <span class='ocrx_word' id='word_1_163' title='bbox 563 1408 648 1430; x_wconf 77' lang='lat' dir='ltr'>voce</span> <span class='ocrx_word' id='word_1_164' title='bbox 684 1401 719 1430; x_wconf 90' lang='lat' dir='ltr'>et</span> <span class='ocrx_word' id='word_1_165' title='bbox 753 1399 839 1439; x_wconf 85' lang='lat' dir='ltr'>lyra.</span> <span class='ocrx_word' id='word_1_166' title='bbox 864 1416 911 1422; x_wconf 97' lang='lat'>—</span> <span class='ocrx_word' id='word_1_167' title='bbox 953 1398 1094 1440; x_wconf 84' lang='lat' dir='ltr'>digiti</span> <span class='ocrx_word' id='word_1_168' title='bbox 1132 1399 1289 1432; x_wconf 88' lang='lat' dir='ltr'>locuti.</span> <span class='ocrx_word' id='word_1_169' title='bbox 1339 1398 1414 1431; x_wconf 86' lang='lat' dir='ltr'>Etsi</span> <span class='ocrx_word' id='word_1_170' title='bbox 1450 1400 1482 1431; x_wconf 91' lang='lat' dir='ltr'>in</span> <span class='ocrx_word' id='word_1_171' title='bbox 1515 1400 1652 1442; x_wconf 88' lang='lat' dir='ltr'>praelu-</span> 
     </span>
     <span class='ocr_line' id='line_1_20' title="bbox 309 1461 1652 1509; baseline 0 -13"><span class='ocrx_word' id='word_1_172' title='bbox 309 1463 374 1496; x_wconf 90' lang='lat' dir='ltr'>diis</span> <span class='ocrx_word' id='word_1_173' title='bbox 400 1464 502 1495; x_wconf 79' lang='lat' dir='ltr'>etiarn</span> <span class='ocrx_word' id='word_1_174' title='bbox 528 1467 710 1505; x_wconf 82' lang='lat' dir='ltr'>utrumque</span> <span class='ocrx_word' id='word_1_175' title='bbox 734 1462 919 1496; x_wconf 85' lang='lat' dir='ltr'>adhibitum</span> <span class='ocrx_word' id='word_1_176' title='bbox 945 1464 1118 1506; x_wconf 72' lang='lat' dir='ltr'>videmus,</span> <span class='ocrx_word' id='word_1_177' title='bbox 1142 1461 1245 1503; x_wconf 72' lang='grc' dir='ltr'><em>ψιλιές</em></span> <span class='ocrx_word' id='word_1_178' title='bbox 1267 1470 1386 1508; x_wconf 59' lang='grc' dir='ltr'><em>χεῖρας</em></span> <span class='ocrx_word' id='word_1_179' title='bbox 1413 1468 1447 1497; x_wconf 86' lang='lat' dir='ltr'>et</span> <span class='ocrx_word' id='word_1_180' title='bbox 1470 1464 1652 1509; x_wconf 65' lang='grc' dir='ltr'>πλῆκτρον,</span> 
     </span>
     <span class='ocr_line' id='line_1_21' title="bbox 308 1528 1653 1571; baseline 0.003 -11"><span class='ocrx_word' id='word_1_181' title='bbox 308 1528 456 1561; x_wconf 90' lang='lat' dir='ltr'>alterum</span> <span class='ocrx_word' id='word_1_182' title='bbox 482 1531 560 1571; x_wconf 87' lang='lat' dir='ltr'>post</span> <span class='ocrx_word' id='word_1_183' title='bbox 584 1528 739 1569; x_wconf 85' lang='lat' dir='ltr'>alterum,</span> <span class='ocrx_word' id='word_1_184' title='bbox 764 1529 868 1561; x_wconf 78' lang='lat' dir='ltr'>veluti</span> <span class='ocrx_word' id='word_1_185' title='bbox 893 1530 1050 1562; x_wconf 72' lang='lat' dir='ltr'>Acium„</span> <span class='ocrx_word' id='word_1_186' title='bbox 1073 1529 1166 1562; x_wconf 61' lang='lat' dir='ltr'>Txr.</span> <span class='ocrx_word' id='word_1_187' title='bbox 1190 1530 1216 1571; x_wconf 90' lang='lat' dir='ltr'>I,</span> <span class='ocrx_word' id='word_1_188' title='bbox 1241 1533 1287 1571; x_wconf 81' lang='grc'>5.,</span> <span class='ocrx_word' id='word_1_189' title='bbox 1313 1529 1367 1563; x_wconf 85' lang='lat' dir='ltr'>hic</span> <span class='ocrx_word' id='word_1_190' title='bbox 1393 1535 1504 1563; x_wconf 89' lang='lat' dir='ltr'>tamen</span> <span class='ocrx_word' id='word_1_191' title='bbox 1528 1532 1653 1564; x_wconf 89' lang='lat' dir='ltr'>intelli-</span> 
     </span>
     <span class='ocr_line' id='line_1_22' title="bbox 308 1592 1653 1636; baseline 0.002 -11"><span class='ocrx_word' id='word_1_192' title='bbox 308 1593 359 1636; x_wconf 72' lang='lat' dir='ltr'>git</span> <span class='ocrx_word' id='word_1_193' title='bbox 378 1593 517 1635; x_wconf 85' lang='lat' dir='ltr'>digitos,</span> <span class='ocrx_word' id='word_1_194' title='bbox 541 1593 662 1634; x_wconf 87' lang='lat' dir='ltr'>quibus</span> <span class='ocrx_word' id='word_1_195' title='bbox 684 1593 850 1635; x_wconf 87' lang='lat' dir='ltr'>plectrum</span> <span class='ocrx_word' id='word_1_196' title='bbox 871 1597 1034 1627; x_wconf 75' lang='lat' dir='ltr'>moverat.</span> <span class='ocrx_word' id='word_1_197' title='bbox 1084 1592 1227 1626; x_wconf 86' lang='lat' dir='ltr'>Phrasin</span> <span class='ocrx_word' id='word_1_198' title='bbox 1247 1594 1355 1636; x_wconf 79' lang='lat' dir='ltr'>ipsam</span> <span class='ocrx_word' id='word_1_199' title='bbox 1374 1595 1448 1636; x_wconf 89' lang='lat' dir='ltr'>quis</span> <span class='ocrx_word' id='word_1_200' title='bbox 1469 1595 1653 1628; x_wconf 70' lang='lat' dir='ltr'>defendat?</span> 
     </span>
     <span class='ocr_line' id='line_1_23' title="bbox 303 1657 1654 1701; baseline 0.002 -10"><span class='ocrx_word' id='word_1_201' title='bbox 303 1658 502 1692; x_wconf 88' lang='lat' dir='ltr'>Adscribam</span> <span class='ocrx_word' id='word_1_202' title='bbox 524 1657 742 1690; x_wconf 65' lang='lat' dir='ltr'>Ercnsmnn</span> <span class='ocrx_word' id='word_1_203' title='bbox 768 1658 888 1690; x_wconf 77' lang='lat' dir='ltr'>verba:</span> <span class='ocrx_word' id='word_1_204' title='bbox 914 1658 1029 1699; x_wconf 79' lang='lat' dir='ltr'>„Mira</span> <span class='ocrx_word' id='word_1_205' title='bbox 1049 1658 1209 1700; x_wconf 87' lang='lat' dir='ltr'>loquendi</span> <span class='ocrx_word' id='word_1_206' title='bbox 1232 1660 1331 1701; x_wconf 84' lang='lat' dir='ltr'>ratio,</span> <span class='ocrx_word' id='word_1_207' title='bbox 1359 1660 1516 1701; x_wconf 77' lang='lat' dir='ltr'>quamvix</span> <span class='ocrx_word' id='word_1_208' title='bbox 1535 1660 1654 1694; x_wconf 85' lang='lat' dir='ltr'>defen—</span> 
     </span>
     <span class='ocr_line' id='line_1_24' title="bbox 307 1721 1653 1770; baseline 0.001 -14"><span class='ocrx_word' id='word_1_209' title='bbox 307 1723 367 1756; x_wconf 90' lang='lat' dir='ltr'>das</span> <span class='ocrx_word' id='word_1_210' title='bbox 393 1723 561 1756; x_wconf 68' lang='lat' dir='ltr'>Vmernn</span> <span class='ocrx_word' id='word_1_211' title='bbox 589 1723 663 1755; x_wconf 90' lang='lat' dir='ltr'>loco</span> <span class='ocrx_word' id='word_1_212' title='bbox 689 1722 776 1755; x_wconf 88' lang='lat' dir='ltr'>Aen.</span> <span class='ocrx_word' id='word_1_213' title='bbox 797 1721 841 1763; x_wconf 91' lang='lat' dir='ltr'>X,</span> <span class='ocrx_word' id='word_1_214' title='bbox 865 1725 922 1757; x_wconf 78' lang='lat'>67.</span> <span class='ocrx_word' id='word_1_215' title='bbox 948 1722 1084 1766; x_wconf 89' lang='lat' dir='ltr'>[opinor</span> <span class='ocrx_word' id='word_1_216' title='bbox 1102 1723 1164 1765; x_wconf 88' lang='lat'>111,</span> <span class='ocrx_word' id='word_1_217' title='bbox 1182 1724 1284 1766; x_wconf 73' lang='lat'>176]:</span> <span class='ocrx_word' id='word_1_218' title='bbox 1311 1724 1483 1770; x_wconf 74' lang='lat' dir='ltr'>tendoque</span> <span class='ocrx_word' id='word_1_219' title='bbox 1504 1725 1653 1770; x_wconf 79' lang='lat' dir='ltr'>supinas</span> 
     </span>
     <span class='ocr_line' id='line_1_25' title="bbox 306 1788 1653 1824; baseline 0.003 -4"><span class='ocrx_word' id='word_1_220' title='bbox 306 1789 371 1823; x_wconf 78' lang='lat' dir='ltr'>Ad</span> <span class='ocrx_word' id='word_1_221' title='bbox 394 1788 528 1820; x_wconf 77' lang='lat' dir='ltr'>caelum</span> <span class='ocrx_word' id='word_1_222' title='bbox 560 1800 637 1820; x_wconf 76' lang='lat' dir='ltr'>cum</span> <span class='ocrx_word' id='word_1_223' title='bbox 662 1800 743 1821; x_wconf 77' lang='lat' dir='ltr'>voce</span> <span class='ocrx_word' id='word_1_224' title='bbox 767 1800 904 1823; x_wconf 81' lang='lat' dir='ltr'>manus.</span> <span class='ocrx_word' id='word_1_225' title='bbox 952 1790 990 1822; x_wconf 81' lang='lat' dir='ltr'>ln</span> <span class='ocrx_word' id='word_1_226' title='bbox 1018 1789 1082 1823; x_wconf 84' lang='lat' dir='ltr'>hoc</span> <span class='ocrx_word' id='word_1_227' title='bbox 1116 1792 1203 1823; x_wconf 87' lang='lat' dir='ltr'>enim</span> <span class='ocrx_word' id='word_1_228' title='bbox 1234 1791 1311 1823; x_wconf 91' lang='lat' dir='ltr'>loco</span> <span class='ocrx_word' id='word_1_229' title='bbox 1346 1791 1486 1824; x_wconf 79' lang='lat' dir='ltr'>verbum</span> <span class='ocrx_word' id='word_1_230' title='bbox 1512 1791 1653 1824; x_wconf 77' lang='lat' dir='ltr'>tendere</span> 
     </span>
     <span class='ocr_line' id='line_1_26' title="bbox 305 1852 1653 1899; baseline 0.002 -12"><span class='ocrx_word' id='word_1_231' title='bbox 305 1859 422 1898; x_wconf 89' lang='lat' dir='ltr'>aptum</span> <span class='ocrx_word' id='word_1_232' title='bbox 442 1858 494 1886; x_wconf 88' lang='lat' dir='ltr'>est</span> <span class='ocrx_word' id='word_1_233' title='bbox 512 1854 670 1897; x_wconf 86' lang='lat' dir='ltr'>primario</span> <span class='ocrx_word' id='word_1_234' title='bbox 684 1852 774 1896; x_wconf 86' lang='lat' dir='ltr'>qnod</span> <span class='ocrx_word' id='word_1_235' title='bbox 792 1855 975 1896; x_wconf 88' lang='lat' dir='ltr'>apponitur</span> <span class='ocrx_word' id='word_1_236' title='bbox 991 1854 1213 1897; x_wconf 70' lang='lat' dir='ltr'>substantivo,</span> <span class='ocrx_word' id='word_1_237' title='bbox 1231 1855 1483 1898; x_wconf 84' lang='lat' dir='ltr'>facilioremque</span> <span class='ocrx_word' id='word_1_238' title='bbox 1501 1857 1653 1899; x_wconf 85' lang='lat' dir='ltr'>alterius,</span> 
     </span>
     <span class='ocr_line' id='line_1_27' title="bbox 304 1918 1650 1965; baseline 0.003 -13"><span class='ocrx_word' id='word_1_239' title='bbox 304 1919 409 1955; x_wconf 65' lang='lat' dir='ltr'>vocis,</span> <span class='ocrx_word' id='word_1_240' title='bbox 429 1920 619 1952; x_wconf 86' lang='lat' dir='ltr'>iuncturam</span> <span class='ocrx_word' id='word_1_241' title='bbox 636 1918 801 1951; x_wconf 87' lang='lat' dir='ltr'>admittit:</span> <span class='ocrx_word' id='word_1_242' title='bbox 827 1924 943 1951; x_wconf 86' lang='lat' dir='ltr'>nostro</span> <span class='ocrx_word' id='word_1_243' title='bbox 962 1919 994 1952; x_wconf 92' lang='lat' dir='ltr'>in</span> <span class='ocrx_word' id='word_1_244' title='bbox 1013 1920 1090 1953; x_wconf 91' lang='lat' dir='ltr'>loco</span> <span class='ocrx_word' id='word_1_245' title='bbox 1109 1919 1199 1962; x_wconf 91' lang='lat' dir='ltr'>quod</span> <span class='ocrx_word' id='word_1_246' title='bbox 1219 1920 1294 1952; x_wconf 70' lang='lat' dir='ltr'>roci</span> <span class='ocrx_word' id='word_1_247' title='bbox 1312 1922 1484 1965; x_wconf 86' lang='lat' dir='ltr'>proprium</span> <span class='ocrx_word' id='word_1_248' title='bbox 1503 1926 1555 1955; x_wconf 84' lang='lat' dir='ltr'>est</span> <span class='ocrx_word' id='word_1_249' title='bbox 1573 1933 1650 1956; x_wconf 75' lang='lat' dir='ltr'>ver-</span> 
     </span>
     <span class='ocr_line' id='line_1_28' title="bbox 305 1985 1653 2031; baseline 0.001 -12"><span class='ocrx_word' id='word_1_250' title='bbox 305 1985 398 2028; x_wconf 78' lang='lat' dir='ltr'>bum,</span> <span class='ocrx_word' id='word_1_251' title='bbox 425 1986 547 2031; x_wconf 75' lang='lat' dir='ltr'>digitis</span> <span class='ocrx_word' id='word_1_252' title='bbox 573 1986 743 2018; x_wconf 88' lang='lat' dir='ltr'>tribuitur.</span> <span class='ocrx_word' id='word_1_253' title='bbox 793 1985 864 2019; x_wconf 90' lang='lat' dir='ltr'>Sed</span> <span class='ocrx_word' id='word_1_254' title='bbox 891 1990 982 2019; x_wconf 88' lang='lat' dir='ltr'>totus</span> <span class='ocrx_word' id='word_1_255' title='bbox 1010 1997 1128 2020; x_wconf 88' lang='lat' dir='ltr'>versus</span> <span class='ocrx_word' id='word_1_256' title='bbox 1155 1988 1288 2020; x_wconf 87' lang='lat' dir='ltr'>etiamsi</span> <span class='ocrx_word' id='word_1_257' title='bbox 1313 1999 1389 2022; x_wconf 90' lang='lat' dir='ltr'>cum</span> <span class='ocrx_word' id='word_1_258' title='bbox 1413 1989 1558 2023; x_wconf 82' lang='lat' dir='ltr'>Vossro:</span> <span class='ocrx_word' id='word_1_259' title='bbox 1582 1989 1653 2020; x_wconf 73' lang='lat' dir='ltr'>Sed</span> 
     </span>
     <span class='ocr_line' id='line_1_29' title="bbox 299 2051 1649 2098; baseline 0.005 -15"><span class='ocrx_word' id='word_1_260' title='bbox 299 2058 492 2098; x_wconf 74' lang='lat' dir='ltr'>postquam</span> <span class='ocrx_word' id='word_1_261' title='bbox 517 2051 622 2096; x_wconf 74' lang='lat' dir='ltr'>digiti</span> <span class='ocrx_word' id='word_1_262' title='bbox 642 2051 795 2096; x_wconf 76' lang='lat' dir='ltr'>fuerant</span> <span class='ocrx_word' id='word_1_263' title='bbox 820 2071 867 2075; x_wconf 97' lang='lat'><strong>—</strong></span> <span class='ocrx_word' id='word_1_264' title='bbox 892 2057 1096 2096; x_wconf 85' lang='lat' dir='ltr'>reponatur,</span> <span class='ocrx_word' id='word_1_265' title='bbox 1121 2054 1219 2088; x_wconf 77' lang='lat' dir='ltr'>valde</span> <span class='ocrx_word' id='word_1_266' title='bbox 1244 2056 1420 2098; x_wconf 72' lang='lat' dir='ltr'>languet.“</span> <span class='ocrx_word' id='word_1_267' title='bbox 1446 2074 1492 2080; x_wconf 92' lang='lat'>—-</span> <span class='ocrx_word' id='word_1_268' title='bbox 1527 2056 1649 2090; x_wconf 90' lang='lat' dir='ltr'>dulci</span> 
     </span>
     <span class='ocr_line' id='line_1_30' title="bbox 305 2117 1648 2164; baseline 0.002 -13"><span class='ocrx_word' id='word_1_269' title='bbox 305 2118 433 2151; x_wconf 92' lang='lat' dir='ltr'>modo</span> <span class='ocrx_word' id='word_1_270' title='bbox 468 2117 500 2150; x_wconf 84' lang='lat' dir='ltr'>h.</span> <span class='ocrx_word' id='word_1_271' title='bbox 531 2128 561 2150; x_wconf 89' lang='lat' dir='ltr'>e.</span> <span class='ocrx_word' id='word_1_272' title='bbox 596 2128 699 2158; x_wconf 89' lang='lat' dir='ltr'>sono;</span> <span class='ocrx_word' id='word_1_273' title='bbox 734 2122 770 2151; x_wconf 89' lang='lat' dir='ltr'>ut</span> <span class='ocrx_word' id='word_1_274' title='bbox 796 2119 917 2160; x_wconf 83' lang='lat' dir='ltr'>leniat,</span> <span class='ocrx_word' id='word_1_275' title='bbox 951 2120 1090 2164; x_wconf 87' lang='lat' dir='ltr'>opinor,</span> <span class='ocrx_word' id='word_1_276' title='bbox 1126 2121 1319 2163; x_wconf 84' lang='lat' dir='ltr'>tristitiam,</span> <span class='ocrx_word' id='word_1_277' title='bbox 1352 2122 1573 2155; x_wconf 89' lang='lat' dir='ltr'>acerbitatem</span> <span class='ocrx_word' id='word_1_278' title='bbox 1599 2122 1648 2155; x_wconf 92' lang='lat' dir='ltr'>rei</span> 
     </span>
     <span class='ocr_line' id='line_1_31' title="bbox 305 2182 1649 2231; baseline 0.004 -16"><span class='ocrx_word' id='word_1_279' title='bbox 305 2182 486 2216; x_wconf 90' lang='lat' dir='ltr'>dulcedine</span> <span class='ocrx_word' id='word_1_280' title='bbox 517 2184 622 2217; x_wconf 81' lang='lat' dir='ltr'>vocis.</span> <span class='ocrx_word' id='word_1_281' title='bbox 671 2183 750 2217; x_wconf 67' lang='lat' dir='ltr'>Non</span> <span class='ocrx_word' id='word_1_282' title='bbox 786 2196 872 2229; x_wconf 89' lang='lat' dir='ltr'>opus</span> <span class='ocrx_word' id='word_1_283' title='bbox 907 2190 960 2219; x_wconf 89' lang='lat' dir='ltr'>est</span> <span class='ocrx_word' id='word_1_284' title='bbox 995 2190 1032 2219; x_wconf 85' lang='lat' dir='ltr'>ut</span> <span class='ocrx_word' id='word_1_285' title='bbox 1068 2197 1245 2228; x_wconf 88' lang='lat' dir='ltr'>moneam,</span> <span class='ocrx_word' id='word_1_286' title='bbox 1283 2197 1384 2230; x_wconf 89' lang='lat' dir='ltr'>quam</span> <span class='ocrx_word' id='word_1_287' title='bbox 1417 2188 1532 2231; x_wconf 89' lang='lat' dir='ltr'>inepte</span> <span class='ocrx_word' id='word_1_288' title='bbox 1565 2186 1649 2220; x_wconf 87' lang='lat' dir='ltr'>haec</span> 
     </span>
     <span class='ocr_line' id='line_1_32' title="bbox 306 2238 1648 2297; baseline 0.001 -15"><span class='ocrx_word' id='word_1_289' title='bbox 306 2250 418 2283; x_wconf 91' lang='lat' dir='ltr'>omnia</span> <span class='ocrx_word' id='word_1_290' title='bbox 442 2250 526 2292; x_wconf 83' lang='lat' dir='ltr'>sint,</span> <span class='ocrx_word' id='word_1_291' title='bbox 564 2255 599 2282; x_wconf 86' lang='lat' dir='ltr'>et</span> <span class='ocrx_word' id='word_1_292' title='bbox 630 2238 730 2292; x_wconf 74' lang='lat' dir='ltr'>quam</span> <span class='ocrx_word' id='word_1_293' title='bbox 764 2251 942 2286; x_wconf 86' lang='lat' dir='ltr'>ridiculum</span> <span class='ocrx_word' id='word_1_294' title='bbox 974 2263 1012 2286; x_wconf 88' lang='lat' dir='ltr'>se</span> <span class='ocrx_word' id='word_1_295' title='bbox 1046 2254 1210 2297; x_wconf 84' lang='lat' dir='ltr'>praebeat</span> <span class='ocrx_word' id='word_1_296' title='bbox 1243 2257 1346 2297; x_wconf 87' lang='lat' dir='ltr'>poeta</span> <span class='ocrx_word' id='word_1_297' title='bbox 1370 2253 1480 2286; x_wconf 88' lang='lat' dir='ltr'>mollis</span> <span class='ocrx_word' id='word_1_298' title='bbox 1505 2256 1539 2285; x_wconf 91' lang='lat' dir='ltr'>et</span> <span class='ocrx_word' id='word_1_299' title='bbox 1564 2252 1648 2285; x_wconf 90' lang='lat' dir='ltr'>deus</span> 
     </span>
     <span class='ocr_line' id='line_1_33' title="bbox 306 2316 1646 2360; baseline 0.001 -13"><span class='ocrx_word' id='word_1_300' title='bbox 306 2325 383 2348; x_wconf 89' lang='lat' dir='ltr'>cum</span> <span class='ocrx_word' id='word_1_301' title='bbox 421 2325 501 2347; x_wconf 90' lang='lat' dir='ltr'>cura</span> <span class='ocrx_word' id='word_1_302' title='bbox 544 2325 616 2347; x_wconf 86' lang='lat' dir='ltr'>sna.</span> <span class='ocrx_word' id='word_1_303' title='bbox 647 2334 694 2340; x_wconf 91' lang='lat'>—-</span> <span class='ocrx_word' id='word_1_304' title='bbox 748 2316 789 2349; x_wconf 75' lang='lat' dir='ltr'>V.</span> <span class='ocrx_word' id='word_1_305' title='bbox 815 2318 859 2349; x_wconf 87' lang='lat'>43</span> <span class='ocrx_word' id='word_1_306' title='bbox 886 2328 959 2360; x_wconf 87' lang='lat' dir='ltr'>sqq.</span> <span class='ocrx_word' id='word_1_307' title='bbox 1009 2318 1160 2359; x_wconf 76' lang='lat' dir='ltr'>Salve,</span> <span class='ocrx_word' id='word_1_308' title='bbox 1211 2328 1315 2351; x_wconf 84' lang='lat' dir='ltr'>cura</span> <span class='ocrx_word' id='word_1_309' title='bbox 1354 2318 1502 2352; x_wconf 83' lang='lat' dir='ltr'>deum!</span> <span class='ocrx_word' id='word_1_310' title='bbox 1559 2316 1646 2351; x_wconf 61' lang='lat' dir='ltr'>vide</span> 
     </span>
     <span class='ocr_line' id='line_1_34' title="bbox 306 2380 1647 2423; baseline 0.002 -12"><span class='ocrx_word' id='word_1_311' title='bbox 306 2380 520 2422; x_wconf 82' lang='lat' dir='ltr'>magnificam</span> <span class='ocrx_word' id='word_1_312' title='bbox 547 2381 841 2423; x_wconf 80' lang='lat' dir='ltr'>compellationem</span> <span class='ocrx_word' id='word_1_313' title='bbox 867 2382 935 2416; x_wconf 86' lang='lat' dir='ltr'>dei.</span> <span class='ocrx_word' id='word_1_314' title='bbox 984 2382 1068 2416; x_wconf 82' lang='lat' dir='ltr'>Mox</span> <span class='ocrx_word' id='word_1_315' title='bbox 1100 2384 1183 2416; x_wconf 89' lang='lat' dir='ltr'>mire</span> <span class='ocrx_word' id='word_1_316' title='bbox 1216 2384 1343 2417; x_wconf 89' lang='lat' dir='ltr'>dictum</span> <span class='ocrx_word' id='word_1_317' title='bbox 1377 2384 1465 2417; x_wconf 90' lang='lat' dir='ltr'>rite</span> <span class='ocrx_word' id='word_1_318' title='bbox 1496 2386 1647 2416; x_wconf 83' lang='lat' dir='ltr'>castus</span> 
     </span>
     <span class='ocr_line' id='line_1_35' title="bbox 305 2445 1647 2492; baseline 0.004 -15"><span class='ocrx_word' id='word_1_319' title='bbox 305 2445 464 2478; x_wconf 77' lang='lat' dir='ltr'>observat</span> <span class='ocrx_word' id='word_1_320' title='bbox 482 2445 736 2481; x_wconf 64' lang='lat' dir='ltr'>Emnsmnms.</span> <span class='ocrx_word' id='word_1_321' title='bbox 786 2447 909 2491; x_wconf 73' lang='lat' dir='ltr'>Neque</span> <span class='ocrx_word' id='word_1_322' title='bbox 930 2449 1018 2482; x_wconf 90' lang='lat' dir='ltr'>enim</span> <span class='ocrx_word' id='word_1_323' title='bbox 1037 2448 1104 2481; x_wconf 81' lang='lat' dir='ltr'>rite</span> <span class='ocrx_word' id='word_1_324' title='bbox 1128 2449 1280 2483; x_wconf 79' lang='lat' dir='ltr'>favent</span> <span class='ocrx_word' id='word_1_325' title='bbox 1306 2450 1436 2492; x_wconf 83' lang='lat' dir='ltr'>iungas.</span> <span class='ocrx_word' id='word_1_326' title='bbox 1486 2449 1647 2483; x_wconf 84' lang='lat' dir='ltr'>Ceterum</span> 
     </span>
     <span class='ocr_line' id='line_1_36' title="bbox 309 2511 1645 2558; baseline 0.001 -13"><span class='ocrx_word' id='word_1_327' title='bbox 309 2511 427 2545; x_wconf 85' lang='lat' dir='ltr'>credat</span> <span class='ocrx_word' id='word_1_328' title='bbox 456 2512 576 2554; x_wconf 84' lang='lat' dir='ltr'>aliquis</span> <span class='ocrx_word' id='word_1_329' title='bbox 600 2513 642 2545; x_wconf 89' lang='lat' dir='ltr'>de</span> <span class='ocrx_word' id='word_1_330' title='bbox 667 2514 840 2548; x_wconf 86' lang='lat' dir='ltr'>notissima</span> <span class='ocrx_word' id='word_1_331' title='bbox 866 2516 1060 2548; x_wconf 83' lang='lat' dir='ltr'>innocentia</span> <span class='ocrx_word' id='word_1_332' title='bbox 1088 2519 1122 2549; x_wconf 88' lang='lat' dir='ltr'>et</span> <span class='ocrx_word' id='word_1_333' title='bbox 1154 2516 1350 2558; x_wconf 82' lang='lat' dir='ltr'>integritate</span> <span class='ocrx_word' id='word_1_334' title='bbox 1375 2518 1552 2558; x_wconf 86' lang='lat' dir='ltr'>poetarum</span> <span class='ocrx_word' id='word_1_335' title='bbox 1577 2515 1645 2556; x_wconf 83' lang='lat' dir='ltr'>agi,</span> 
     </span>
     <span class='ocr_line' id='line_1_37' title="bbox 309 2577 1646 2621; baseline 0.001 -12"><span class='ocrx_word' id='word_1_336' title='bbox 309 2588 397 2619; x_wconf 87' lang='lat' dir='ltr'>quae</span> <span class='ocrx_word' id='word_1_337' title='bbox 422 2577 485 2610; x_wconf 89' lang='lat' dir='ltr'>diis</span> <span class='ocrx_word' id='word_1_338' title='bbox 511 2589 613 2611; x_wconf 84' lang='lat' dir='ltr'>curae</span> <span class='ocrx_word' id='word_1_339' title='bbox 640 2578 821 2621; x_wconf 84' lang='lat' dir='ltr'>cordique,</span> <span class='ocrx_word' id='word_1_340' title='bbox 847 2580 891 2613; x_wconf 85' lang='lat' dir='ltr'>cs.</span> <span class='ocrx_word' id='word_1_341' title='bbox 912 2580 1264 2613; x_wconf 67' lang='lat' dir='ltr'>Mwscnssnmcnmm</span> <span class='ocrx_word' id='word_1_342' title='bbox 1289 2579 1322 2612; x_wconf 86' lang='lat' dir='ltr'>in</span> <span class='ocrx_word' id='word_1_343' title='bbox 1349 2580 1430 2621; x_wconf 81' lang='lat' dir='ltr'>Arg.</span> <span class='ocrx_word' id='word_1_344' title='bbox 1457 2579 1499 2611; x_wconf 87' lang='lat' dir='ltr'>ad</span> <span class='ocrx_word' id='word_1_345' title='bbox 1525 2579 1646 2611; x_wconf 86' lang='lat' dir='ltr'>Horat.</span> 
     </span>
    </p>
   </div>
   <div class='ocr_carea' id='block_1_3' title="bbox 308 2644 1643 2689">
    <p class='ocr_par' dir='ltr' id='par_1_3' title="bbox 308 2644 1643 2689">
     <span class='ocr_line' id='line_1_38' title="bbox 308 2644 1643 2689; baseline 0.001 -15"><span class='ocrx_word' id='word_1_346' title='bbox 308 2644 331 2679; x_wconf 76' lang='grc' dir='ltr'>Ι,</span> <span class='ocrx_word' id='word_1_347' title='bbox 350 2645 407 2675; x_wconf 76' lang='grc'>27.</span> <span class='ocrx_word' id='word_1_348' title='bbox 458 2644 639 2678; x_wconf 74' lang='lat' dir='ltr'>Probabile</span> <span class='ocrx_word' id='word_1_349' title='bbox 666 2649 776 2679; x_wconf 76' lang='lat' dir='ltr'>tamen</span> <span class='ocrx_word' id='word_1_350' title='bbox 803 2645 909 2679; x_wconf 78' lang='lat' dir='ltr'>babeo</span> <span class='ocrx_word' id='word_1_351' title='bbox 929 2645 1142 2689; x_wconf 66' lang='lat' dir='ltr'>Lygdamum</span> <span class='ocrx_word' id='word_1_352' title='bbox 1169 2645 1305 2689; x_wconf 78' lang='lat' dir='ltr'>proprie</span> <span class='ocrx_word' id='word_1_353' title='bbox 1331 2645 1473 2687; x_wconf 77' lang='lat' dir='ltr'>intelligi</span> <span class='ocrx_word' id='word_1_354' title='bbox 1499 2644 1643 2679; x_wconf 74' lang='lat' dir='ltr'>voluisse</span> 
     </span>
    </p>
   </div>
  </div>
 </body>
</html>
