1721 2953
261 146 320 191 16
664 137 905 184 TlssULLl
953 137 1061 183 Llss.
1095 138 1124 182 l.
1151 148 1185 183 4.

317 267 407 313 Nec
442 277 483 312 tc
520 263 741 329 paeniteat
774 261 913 309 duros
949 261 1138 309 subiisse
1174 260 1350 308 labores

385 353 475 399 Aut
512 369 648 416 opera
678 349 874 396 insuetas
911 349 1140 396 atteruisse
1177 367 1359 403 manus,

314 441 430 495 Nec,
473 436 576 482 velit
606 435 782 482 insidiis
812 434 921 482 altas
954 434 991 481 si
1027 434 1233 481 claudere
1270 432 1426 488 valles,

260 539 308 574 50
385 526 507 573 Dum
542 523 743 590 placeas,
777 522 953 570 humeri
989 522 1098 569 retia
1133 521 1251 568 ferre
1286 530 1473 583 negent:

321 612 370 660 Si
402 611 520 659 volet
549 629 699 667 arma,
746 609 830 656 levi
865 607 1055 655 tentabis
1088 606 1243 654 ludere
1280 606 1459 661 dextra;

384 699 526 763 Saepe
564 697 694 744 dabis
729 695 927 752 nudum,
973 693 1121 740 vincat
1154 704 1203 739 ut
1235 691 1332 749 ille,
1376 691 1505 737 latus.

321 786 451 832 Tunc
487 784 567 830 tibi
598 782 717 830 mitis
755 781 858 838 erit,
899 779 1048 845 rapias
1084 790 1178 825 tum
1211 796 1313 825 cara
1345 775 1497 823 licebit

387 869 578 916 Oscula:
630 867 874 934 pugnabit,
922 865 1002 912 sed
1036 877 1184 911 tamen
1220 874 1323 928 apta
1357 861 1493 909 dabit.

269 967 314 1002 55
328 958 474 1021 Rapta
512 954 637 1002 dabit
670 954 840 1019 primo,
885 970 989 999 mox
1021 950 1181 998 offeret
1215 950 1311 1015 ipse
1346 947 1547 1012 roganti,

383 1042 493 1088 Post
527 1040 658 1087 etiam
692 1038 806 1086 collo
839 1056 886 1085 se
921 1035 1195 1101 implicuisse
1229 1033 1354 1081 volet.

326 1130 425 1174 Heu
445 1126 558 1173 male
577 1145 698 1172 nunc
723 1137 838 1171 artes
859 1124 1044 1170 miseras
1073 1122 1181 1168 haec
1211 1119 1386 1167 saecula
1405 1131 1618 1167 tractant:

392 1214 486 1259 Iam
519 1224 644 1258 tener
674 1209 866 1257 assuevit
898 1226 1086 1256 munera
1115 1206 1225 1254 velle
1257 1224 1381 1271 puer.

327 1298 387 1344 At
420 1310 518 1354 tua,
565 1297 641 1361 qui
676 1299 896 1343 Venerem
933 1293 1124 1340 docuisti
1155 1292 1347 1339 vendere
1379 1291 1579 1356 primus,

278 1398 324 1432 60
403 1382 622 1447 Quisquis
653 1399 722 1437 es,
766 1379 919 1426 infelix
954 1389 1112 1441 urgeat
1142 1396 1244 1424 ossa
1276 1376 1403 1440 lapis.

328 1470 556 1525 Pieridas,
602 1466 756 1532 pueri,
803 1465 958 1512 doctos
996 1475 1036 1512 et
1073 1475 1213 1509 amate
1252 1473 1432 1526 poetas,

403 1557 553 1603 Aurea
588 1572 670 1600 nec
707 1563 920 1617 superent
947 1568 1134 1597 munera
1163 1547 1379 1595 Pieridas.

338 1642 544 1689 Carmine
572 1657 800 1705 purpurea
824 1649 887 1684 est
915 1636 1013 1683 Nisi
1043 1653 1191 1682 coma:
1225 1632 1422 1680 carmina
1451 1631 1498 1677 ni
1529 1630 1631 1688 sint,

405 1727 471 1773 Ex
506 1726 694 1771 humero
729 1723 909 1786 Pelopis
945 1741 1038 1768 non
1074 1720 1282 1766 nituisset
1317 1718 1439 1764 ebur.

287 1825 332 1860 65
349 1813 495 1875 Quem
532 1810 726 1857 referent
757 1810 928 1865 Musae,
962 1806 1098 1870 vivetj,
1147 1804 1255 1850 dum
1285 1803 1451 1850 robora
1481 1800 1632 1856 tellus,

409 1900 530 1945 Dum
566 1896 735 1943 caelum
765 1893 937 1949 stellas,
981 1892 1088 1937 dum
1124 1890 1253 1937 vehet
1285 1889 1428 1936 amnis
1465 1906 1615 1952 aquas.

340 1983 399 2030 At
436 1982 511 2047 qui
546 2000 639 2027 non
677 1979 801 2026 audit
835 1978 1016 2033 Musas,
1059 1976 1135 2040 qui
1165 1974 1318 2021 vendit
1348 1992 1568 2030 amorem,

414 2069 574 2115 Idaeae
609 2084 767 2113 currus
802 2063 875 2110 ille
906 2074 1119 2128 sequatur
1149 2061 1263 2127 Opis

346 2156 401 2202 Et
435 2155 710 2201 tercentenas
742 2150 969 2197 erroribus
1007 2147 1178 2213 expleat
1212 2147 1337 2194 urbis

296 2256 343 2290 70
422 2241 479 2287 Et
513 2250 630 2286 secet
666 2238 722 2284 ad
759 2235 984 2303 Phrygios
1020 2234 1123 2281 vilia
1153 2232 1355 2280 membra
1385 2229 1557 2278 modos.

354 2326 594 2374 Blanditiis
624 2324 713 2371 vult
746 2341 838 2369 csse
874 2321 1022 2368 locum
1054 2323 1206 2366 Venus
1243 2318 1364 2382 ipsa:
1409 2314 1600 2379 querelis

426 2411 742 2476 Supplicibus,
787 2407 960 2455 miseris
992 2406 1168 2453 fletibus
1196 2403 1271 2450 illa
1303 2401 1441 2448 favet.’

399 2537 441 2571 V.
458 2539 513 2568 48.
546 2544 694 2577 opera.
746 2534 864 2566 Multis
888 2532 1013 2576 placuit
1039 2541 1155 2574 opere,
1188 2525 1365 2561 deterioris
1390 2529 1501 2558 tamen
1527 2527 1645 2557 aucto-

305 2604 414 2638 ritatis
444 2602 556 2635 lectio.
