1721 2953
512 151 654 192 LIBR.
683 152 713 190 Ι.
773 150 928 194 ELEG.
962 152 1011 191 ΙΙ.
1379 156 1430 192 53

89 286 173 313 vas,
193 281 307 320 ponae
333 279 454 308 castra
479 272 516 307 in
541 278 646 318 capto
672 269 754 307 solo,
781 270 822 304 de
850 271 916 304 alio
942 272 1049 306 milite
1073 272 1180 316 accipi
1207 273 1336 317 possint
1361 283 1427 307 non

87 340 250 383 intelligo.
307 340 456 374 Gloriosi
482 340 618 380 milites,
643 348 730 381 quos
757 337 967 371 Huscnxms
995 342 1180 382 comparat,
1205 339 1304 373 alieni
1330 343 1428 381 sunt;

86 406 172 439 alius
195 415 276 439 vero
300 406 397 440 miles
422 406 449 439 si
475 404 588 439 hostes
615 405 722 439 victos
747 407 826 439 ante
853 415 890 439 se
914 415 1018 448 agere
1044 404 1109 439 diei
1136 409 1271 450 potest,
1308 410 1343 439 at
1367 418 1426 440 ca-

86 477 197 507 tervas
229 471 285 506 vix
318 476 420 515 aget,
457 471 520 504 nisi
550 470 767 503 Homericam
802 470 910 503 aciem
936 480 1041 513 ponas
1066 474 1101 504 et
1125 469 1292 504 heroicam
1319 472 1427 504 virtu-

86 541 165 579 tem,
195 541 298 579 atque
322 541 360 570 ut
384 536 485 570 etiam
510 533 575 568 hoc
601 535 735 577 largiar,
761 537 854 567 certe
880 538 990 567 castra
1017 546 1143 579 ponere
1167 536 1199 569 in
1226 540 1326 580 capto
1352 537 1425 570 solo

85 601 178 635 vides
209 600 304 634 ducis
336 611 423 634 esse.
482 600 653 642 Legatum
686 597 823 641 quidem
859 598 1029 633 Messalae
1054 601 1149 634 locus
1173 611 1239 635 non
1266 603 1425 645 postulat,

83 668 145 702 sed
178 672 290 702 tamen
325 667 535 712 praefectum
568 665 716 700 cohortis
752 664 832 708 quid
867 665 978 698 obstat
1011 676 1078 709 quo
1111 667 1220 700 minus
1254 667 1424 710 intelliga-

82 733 254 767 musa-
290 733 332 767 V.
358 735 414 766 71.
451 735 576 765 totus
611 735 652 764 et
685 734 878 772 argento
913 734 1181 773 contextus,
1219 736 1346 765 totus
1382 737 1426 765 et

83 808 200 832 auro.
258 798 429 832 Hermus
464 800 639 832 oneratum
675 796 819 840 praeda,
857 807 945 839 equo
979 801 1074 831 veste
1099 809 1202 832 aurea
1228 809 1271 832 ex
1297 799 1424 843 praeda

82 866 236 905 instrato,
259 867 373 899 aureis
396 865 596 908 insignibus,
626 865 738 906 armis,
765 864 972 897 ornamentis
997 868 1124 897 tectum
1149 865 1296 907 equitem
1325 864 1424 897 intel—

80 931 166 974 ligit.
215 932 342 965 Tibulli
377 931 479 965 verba
510 931 664 964 indutum
700 935 795 964 vesto
829 941 872 964 ex
901 941 985 964 auro
1020 935 1054 964 et
1087 935 1230 973 argento
1265 935 1425 964 contexta

79 1008 157 1032 cum
182 999 392 1041 significent,
427 999 578 1032 Vossms
604 998 770 1032 Attalicas
800 1003 912 1032 vestes
935 998 1144 1032 recordatur.
1202 999 1338 1031 Attalus
1363 1009 1425 1031 au-

83 1075 157 1098 rum
181 1065 332 1098 vestibus
357 1065 530 1099 intexeudi
556 1068 663 1098 artem
688 1065 856 1098 invenisse
881 1065 1022 1107 dicitur,
1054 1065 1162 1100 PmN.
1189 1065 1282 1107 VIII,
1306 1067 1362 1098 48.
1390 1069 1425 1098 et

81 1136 312 1165 memorantur
346 1133 508 1176 imprimis
545 1132 665 1165 aulaea
690 1132 860 1173 Attalica,
896 1131 1084 1165 PROPERT.
1109 1132 1153 1173 ΙΙ,
1176 1134 1235 1173 23,
1266 1134 1322 1164 46.
1364 1131 1425 1170 ΙΙΙ,

83 1200 139 1240 16,
165 1201 220 1231 19.
260 1200 335 1232 SIL.
360 1198 455 1240 XIV,
479 1201 560 1232 659.
610 1199 696 1232 Cum
724 1209 806 1231 vero
832 1199 999 1232 Attalicae
1025 1202 1138 1231 vestes
1169 1198 1308 1241 proprie
1339 1195 1421 1230 haec

79 1266 199 1300 aulaea
223 1265 309 1306 siut,
335 1268 372 1297 tu
397 1265 444 1298 ita
468 1265 583 1308 potius
608 1264 722 1297 dices:
747 1264 892 1306 intelligi
915 1274 1005 1297 nunc
1029 1274 1148 1305 sagum
1173 1263 1236 1296 viri
1259 1273 1342 1295 auro
1367 1272 1423 1295 ar-

79 1336 251 1375 gentoque
270 1331 413 1375 plurimo
435 1331 567 1364 intexto
587 1334 752 1363 ornatum.
798 1331 960 1363 Ceterum
978 1329 1126 1363 conferri
1144 1333 1257 1372 potest
1275 1329 1420 1362 Hom.

78 1397 137 1438 lV,
164 1399 197 1439 9,
225 1399 289 1430 14:
316 1408 444 1429 aarum
469 1395 625 1430 vestibus
650 1395 793 1433 illitum,
820 1401 855 1430 et
878 1396 1010 1429 EUR1P.
1030 1397 1143 1429 Orest.
1168 1398 1256 1429 837:
1278 1407 1421 1439 mmor-o-

76 1459 211 1508 πήνητα
238 1459 360 1508 etipsa.
417 1462 565 1495 Romani
597 1462 702 1495 duces
726 1462 760 1494 in
787 1462 929 1495 Oriente
955 1462 1057 1496 etiam
1082 1463 1197 1495 luxum
1223 1462 1420 1494 orientalem

77 1529 308 1562 imitabantur.
357 1529 513 1571 Denique
547 1533 800 1570 contextus
834 1533 886 1563 est
920 1529 962 1562 de
998 1528 1132 1562 homine
1158 1539 1207 1572 pr.
1233 1532 1348 1570 veste,
1383 1532 1421 1561 ut

75 1594 187 1627 solent
222 1593 415 1637 praedicata
450 1594 594 1627 vestium
629 1598 664 1627 et
697 1605 868 1627 armorum
901 1595 945 1628 ad
977 1595 1083 1638 ipsam
1110 1605 1287 1638 personam
1313 1600 1422 1628 traus-

76 1660 156 1694 ferri
183 1661 318 1694 Graece
349 1665 383 1694 et
408 1661 551 1701 Latine,
588 1662 746 1703 quoniam
773 1661 955 1704 adspectus
980 1672 1019 1693 ea
1046 1672 1064 1693 a
1090 1671 1232 1704 persona
1257 1671 1324 1693 non
1349 1660 1420 1693 dis-

76 1726 197 1769 iungit.
246 1726 305 1759 Sic
335 1722 476 1767 χάλκεος
506 1723 618 1770 ’Ἁρης
650 1727 764 1759 toties.
813 1727 872 1760 Sic
900 1732 1112 1770 praetextas
1145 1732 1290 1759 senatus
1324 1727 1422 1759 Pno—

77 1805 184 1828 PERT.
212 1794 272 1835 IV,
299 1796 331 1835 l,
358 1796 434 1835 11.‚
459 1805 591 1826 aureus
615 1794 703 1838 apud
731 1794 839 1826 Ovm.
867 1793 1007 1826 Heroid.
1029 1793 1108 1835 XII,
1138 1796 1215 1826 152.
1254 1793 1422 1826 Caelatus

74 1872 236 1905 parmam
261 1861 337 1893 Sin.
364 1859 414 1892 ΙΤ.
439 1860 467 1901 1,
490 1861 571 1893 407.
623 1860 697 1892 Alia
732 1860 888 1902 exempla
923 1859 997 1892 vide
1028 1870 1082 1902 ap.
1114 1859 1346 1893 Huscnmum.
1378 1879 1420 1885 —

77 1928 277 1962 insideat
312 1926 460 1961 celeri
494 1925 850 1969 conspiciendus
888 1935 1010 1968 equo.
1061 1924 1158 1958 Haec
1191 1926 1345 1969 plerique
1379 1925 1422 1959 de

75 1993 246 2038 triumpho
270 1994 484 2036 intelligunt,
509 1993 567 2026 ubi
594 1993 752 2036 praedam
779 1996 930 2026 ostentet
954 1993 1019 2025 iste
1045 1991 1165 2034 homo,
1200 1992 1419 2027 dissentiente

76 2065 188 2096 tamen
213 2061 378 2094 Hermo.
426 2059 512 2093 Mihi
540 2071 603 2093 nec
629 2060 832 2094 adiectimm
861 2060 961 2093 veleri
987 2061 1074 2094 bene
1100 2060 1269 2104 triumpho
1295 2072 1421 2096 conve-

75 2127 148 2161 nire
183 2126 339 2169 videtur,
378 2127 524 2160 otiosum
563 2126 649 2159 enim
687 2125 859 2169 epitheton
896 2127 928 2158 in
964 2125 1013 2159 his
1038 2126 1240 2160 carminibus
1264 2137 1330 2159 non
1357 2127 1419 2160 ad—

75 2194 194 2236 mitto,
230 2204 294 2226 nec
329 2203 429 2236 quem
463 2194 569 2226 virum
605 2194 807 2228 antecedens
844 2192 1010 2227 distichon
1046 2193 1079 2226 in
1114 2193 1232 2226 Cilicia
1267 2192 1420 2227 exhibuit

76 2260 268 2300 bellantem,
294 2262 435 2302 repente
460 2259 605 2293 Romam
632 2259 842 2300 transferam,
868 2264 969 2303 poeta
994 2259 1036 2292 de
1063 2260 1249 2293 mutatione
1273 2260 1337 2294 loci
1365 2265 1417 2294 ta-

74 2328 184 2358 cente.
242 2324 349 2357 Immo
376 2334 451 2357 cum
484 2324 598 2358 dicere
630 2325 750 2357 vellet:
791 2325 846 2357 ille
880 2325 959 2358 licet
984 2326 1126 2368 gloriam
1153 2327 1329 2360 militarem
1357 2327 1416 2360 ha-

75 2390 154 2424 beat
177 2391 356 2424 maximam
383 2395 417 2424 et
451 2402 556 2435 opes,
593 2392 639 2425 ita
667 2392 729 2425 hoc
756 2393 943 2436 expressit:
980 2393 1041 2425 llle
1069 2393 1149 2426 licet
1173 2394 1280 2427 victor
1305 2398 1413 2428 castra

76 2461 178 2499 ponat
211 2457 245 2490 in
279 2461 380 2501 capto
408 2458 550 2491 Cilicum
578 2458 651 2490 solo
685 2461 718 2490 et
744 2458 898 2490 orientali
926 2458 1007 2490 luxu
1033 2458 1078 2490 ibi
1104 2458 1227 2501 degat,
1267 2460 1356 2503 picto
1384 2462 1414 2492 in

76 2533 159 2564 sago
193 2522 248 2565 (ἰη
275 2523 390 2555 60](Ζ-
426 2524 501 2556 und
528 2524 770 2567 &ilberslqss'bn
805 2524 862 2555 des
888 2524 1177 2569 Mor-geulandes)
1203 2527 1415 2569 conspicien-

77 2587 138 2620 dus
160 2588 191 2620 in
218 2598 304 2630 equo
328 2589 418 2633 apud
440 2591 555 2633 copias
574 2601 661 2623 suas.
712 2592 824 2632 Atque
850 2589 932 2623 haec
955 2590 1090 2633 quidem
1115 2590 1285 2626 hactenus.
1337 2593 1409 2625 Fuit

76 2658 188 2688 autem
228 2653 279 2688 hic
316 2655 413 2690 homo
447 2657 589 2692 fortasse
624 2667 771 2702 nuperus
805 2662 936 2691 amator
972 2657 1064 2691 dives
1100 2659 1230 2700 elegiae
1267 2659 1411 2700 quintae,
