1721 2953
463 143 606 183 LlssR.
636 143 668 181 Ι.
725 140 884 180 ELEG.
914 141 986 181 lV.
1026 140 1080 181 V.
1365 143 1443 178 105

107 270 149 292 ex
175 268 242 302 quo
268 259 366 291 luxus
386 257 524 291 Asiatici
548 255 741 299 corruptela
764 254 797 288 in
823 254 958 288 Italiam
984 255 1195 296 transiisset,
1221 252 1322 287 etiam
1349 251 1445 296 pueri

107 337 150 359 ex
176 325 255 359 Asia
284 324 533 357 adducerentur
564 322 596 355 in
631 323 762 355 urbem.
813 320 970 353 Tibullus
1003 321 1036 353 in
1062 321 1157 364 poesi
1183 320 1262 353 ficto
1289 317 1353 351 hoc
1379 328 1443 350 no·-

107 393 195 426 mine
219 391 368 435 appellat
395 399 549 433 puerum,
573 399 673 431 quem
699 387 846 421 amabat.
897 386 1060 420 Ceterum
1086 387 1300 420 Huscmcms
1325 385 1447 426 vulga-

107 462 176 490 tum
204 456 370 489 ordinem:
399 454 493 487 lento
518 455 716 488 Marathus
740 455 936 499 praeferens
963 465 1028 487 non
1053 454 1251 488 recordatus
1275 456 1327 487 est
1352 453 1448 495 leges

106 521 337 556 collocationis
364 520 566 562 verborum,
605 524 639 553 et
664 521 787 553 nullius
813 520 912 564 pretii
946 524 1024 552 sunt
1049 531 1134 563 quae
1159 519 1328 563 disputat,
1368 518 1449 551 licet

107 590 297 634 placuerint
332 590 547 622 Gonmsrtxo.
598 589 636 622 Si
662 587 809 622 Maratlii
845 597 967 620 nomen
994 588 1058 620 iam
1093 591 1192 620 antea
1227 589 1450 620 memoratum

108 659 216 697 esset,
257 654 436 688 dicendum
461 658 552 687 erat:
591 652 655 687 heu
684 663 785 696 quam
812 653 903 686 lento
929 663 1044 685 amore
1077 651 1252 686 Marathus
1284 662 1338 685 me
1364 651 1452 691 urit3

107 731 195 754 nunc
241 721 434 754 necessario
481 719 650 753 contraria
697 717 878 751 collocatio
924 718 1118 760 requiritur.
1191 717 1265 751 Nec
1307 716 1454 750 debebat

108 787 319 821 Huscnmus
345 787 465 830 virgil.
491 786 612 828 Eclog.
640 785 700 827 llI,
728 787 808 818 100.
845 785 991 825 afferre,
1029 785 1086 817 ubi
1121 785 1242 817 iterum
1275 794 1342 817 nou
1373 792 1453 826 per-

108 856 381 898 spexfi-causam
407 853 650 887 collocationis.
701 853 864 886 Ceterum
889 854 1018 885 lento
1045 856 1098 884 est
1126 852 1248 893 longo,
1279 850 1337 893 qui
1362 849 1452 882 lente

108 921 272 961 absumit,
308 924 342 953 et
374 929 442 962 quo
476 919 543 952 iam
579 918 636 950 diu
673 928 828 951 maceror
863 917 998 951 frustra.
1049 916 1126 950 Vid.
1152 916 1385 949 Mr'rscnssm..
1410 912 1454 946 ad

109 987 229 1021 Horat.
254 987 282 1028 I,
310 988 364 1028 13,
389 989 422 1020 8.
448 1004 494 1009 -
531 988 739 1028 torquet,
765 984 808 1018 cf.
836 984 944 1017 Ovm.
971 984 1045 1017 Art.
1074 984 1148 1016 Am.
1174 982 1217 1024 lI,
1244 983 1322 1014 124.
1356 982 1454 1014 Pao-

109 1064 216 1087 PERT.
250 1053 312 1095 ΠΙ,
345 1056 378 1096 6,
411 1056 468 1086 39.
511 1052 656 1085 ΗοηΑΤ.
682 1051 792 1095 Epist.
826 1051 853 1092 I,
886 1053 920 1092 2,
954 1053 1011 1083 37.
1049 1049 1172 1090 ducta,
1219 1052 1257 1081 ut
1299 1048 1458 1080 observat

111 1122 281 1161 Vossms,
307 1120 558 1163 comparatione
584 1130 603 1152 a
622 1119 713 1152 servi
738 1118 909 1159 cruciatu,
937 1117 993 1160 qui
1024 1118 1103 1159 igne
1131 1118 1328 1158 torquetur,
1352 1112 1398 1153 ll,
1421 1114 1455 1153 4,

111 1189 144 1219 5.
172 1189 204 1218 6.
229 1203 275 1211 -
300 1186 462 1227 Parce,
487 1184 603 1217 desine
629 1184 675 1216 ita
703 1194 756 1216 me
781 1187 941 1225 torquere
965 1185 999 1214 et
1024 1182 1085 1214 fias
1111 1181 1210 1214 mitis.
1231 1197 1274 1204 ——
1306 1177 1458 1221 turpis

112 1251 150 1283 fa
162 1251 182 1282 b
195 1251 285 1292 ula,
311 1252 403 1284 velut
429 1251 538 1284 Ovm.
563 1252 636 1283 Art.
659 1250 733 1282 Am.
752 1249 796 1290 ΙΙ,
814 1251 894 1282 630.
921 1247 1063 1281 HORAT.
1089 1246 1155 1290 Ep.
1181 1246 1244 1286 XI,
1268 1247 1302 1277 8.
1332 1243 1460 1276 Tibull.

114 1316 198 1351 infra
224 1317 268 1358 ll,
296 1321 330 1359 3,
355 1319 413 1352 31.
462 1317 535 1350 Res
561 1320 652 1350 nota.
678 1334 724 1339 —-
765 1315 1061 1357 magisteria,
1088 1316 1280 1358 praecepta.

485 1751 933 1801 ELEGIA
1039 1753 1085 1797 V

600 2061 1005 2108 INTRODUCTIO.

124 2224 206 2284 Ut
229 2247 309 2277 ante
336 2243 447 2277 omnia
472 2242 514 2276 de
540 2246 696 2286 ternpore
722 2240 855 2283 elegiae
881 2236 1047 2282 probabili
1073 2235 1203 2277 dicam,
1241 2234 1342 2268 etiam
1369 2231 1423 2267 liic
1449 2244 1468 2266 a

123 2312 252 2346 Vossxo
287 2315 322 2344 et
359 2311 534 2344 Passovm
567 2309 666 2353 plane
702 2307 876 2341 dissentio.
935 2305 983 2338 Hi
1019 2304 1107 2337 enim
1144 2302 1296 2335 ultimam
1331 2302 1469 2334 censent

123 2388 201 2412 esse
223 2376 309 2411 hanc
335 2376 481 2419 elegiam
507 2376 676 2416 omnium,
710 2383 794 2416 quas
819 2371 938 2405 Deliae
964 2369 1088 2404 cecinit
1115 2367 1292 2408 Tibullus,
1331 2370 1366 2399 et
1391 2369 1469 2410 post

125 2447 256 2477 sextam
281 2443 454 2486 scriptam,
481 2440 571 2484 quod
600 2450 667 2483 ego
692 2449 759 2473 non
784 2437 980 2472 concedam.
1030 2436 1138 2469 Sexta
1163 2433 1313 2468 ostendit
1339 2432 1469 2466 Deliam

126 2513 263 2552 nuptam
297 2510 369 2542 viro
407 2512 444 2541 ut
481 2507 652 2549 secunda,
689 2505 772 2540 haec
809 2516 890 2539 vero
916 2506 1016 2549 plane
1041 2513 1106 2536 non
1141 2501 1298 2536 convenit
1322 2500 1472 2542 coniugii

127 2577 292 2620 tempori,
329 2576 389 2610 sed
416 2576 601 2620 praecedit.
650 2572 883 2608 Pulcherrima
912 2571 1138 2615 descriptione
1165 2573 1279 2603 narrat
1304 2568 1473 2607 Tibullus,

126 2648 161 2676 nt
182 2644 365 2678 servaverit
391 2654 471 2678 cura
492 2654 552 2678 sua
579 2645 813 2686 aegrotantem
837 2640 969 2674 Deliam
996 2639 1197 2682 fluxeritque
1222 2635 1286 2670 sibi
1312 2636 1413 2669 vitam
1441 2634 1474 2666 in
