1721 2953
252 129 302 164 72
562 117 933 162 COMMENTAR.
961 120 1020 161 IN
1052 119 1280 161 TIBULLI

251 245 414 271 aureae
449 233 762 277 simplicitate
795 233 1024 269 deflexam
1050 239 1095 269 et
1121 234 1320 269 habendi
1345 235 1599 280 cupiditati

250 313 297 336 ac
320 301 460 335 bellis
484 298 704 340 deditam,
729 298 845 332 unde
870 299 1001 334 mille
1025 301 1186 335 mortis
1212 300 1310 334 viae
1334 303 1476 334 ortae.
1525 301 1600 335 Sic

252 367 386 402 etiam
413 369 548 409 poeta
572 365 614 398 in
641 363 752 399 haec
780 365 994 409 pericula
1017 367 1141 401 vitae
1167 366 1359 409 incidit,
1392 377 1412 401 e
1435 367 1599 411 quibus

250 442 361 465 nunc
395 430 546 465 Iovem
579 436 678 466 orat
703 435 749 466 ut
777 437 1011 477 servetur,
1046 435 1114 468 uti
1138 438 1274 469 antea
1298 434 1475 468 Isidem.
1523 435 1599 468 Ha-

249 499 307 532 bet
331 498 437 540 igitur
460 496 513 531 hic
540 498 635 532 locus
669 498 816 533 eundem
845 498 973 533 sontem
1009 510 1109 543 quem
1143 501 1408 544 antecedentes,
1444 501 1597 535 doiorem

249 565 325 598 dico
351 565 395 598 ob
421 565 610 609 periculum
636 566 727 599 vitae
752 576 879 609 grave,
906 567 938 600 in
965 577 1032 610 quo
1057 571 1159 611 poeta
1186 571 1351 602 versatur.

340 631 383 665 V.
408 634 465 666 35.
515 633 714 666 Saturno
750 643 870 676 rege.
919 633 1178 677 Descriptiones
1213 643 1339 667 aureae
1373 633 1496 666 aetatis
1521 633 1600 677 plu-

247 697 349 731 rimas
376 702 553 741 poetarum
577 697 738 731 indicavit
765 698 1051 731 Bnoucxuusms
1077 708 1290 741 cognoscere
1315 698 1489 742 cupienti,
1513 708 1599 740 qua-

248 775 321 797 rum
346 768 384 797 ut
408 765 474 798 alia
499 765 554 798 alii
584 765 661 798 loco
687 765 867 807 convenit,
904 765 951 798 ita
978 763 1061 799 llaec
1088 775 1133 798 ex
1159 765 1358 809 propositae
1385 764 1518 806 elegiae
1542 774 1599 796 ra-

249 831 341 863 tione
366 830 503 874 pendet.
552 830 674 874 Neque
707 831 796 864 enim
821 831 894 865 sine
919 832 1053 865 ratione
1077 831 1187 864 varias
1212 830 1310 864 istius
1333 830 1455 863 aetatis
1480 829 1599 874 Laudes

249 898 421 940 congessit
453 901 577 941 poeta,
612 897 673 932 sed
708 908 749 931 ea
783 898 897 942 posuit
929 908 1021 941 quae
1055 898 1131 931 finis
1165 896 1264 930 huius
1299 896 1365 930 loci
1396 896 1599 939 requireret,

249 975 346 998 orsus
378 964 422 998 ab
457 975 520 1008 eo,
554 975 622 1008 quo
654 969 777 1010 sponte
815 965 946 999 ferebat
974 965 1140 1008 cogitatio
1172 968 1340 998 remotum
1365 974 1385 997 a
1409 964 1527 1008 patria.
1553 982 1599 988 —

248 1031 290 1063 in
315 1030 474 1074 longas
500 1032 606 1065 vias.
654 1032 808 1066 Primum
830 1033 1019 1075 generatim
1045 1032 1205 1075 loquitur,
1231 1035 1270 1064 ut
1294 1041 1357 1075 par
1381 1034 1455 1072 est;
1491 1040 1598 1073 quare

248 1097 330 1132 haec
362 1099 465 1132 verba
497 1098 539 1132 ad
565 1102 745 1132 terrestres
768 1103 804 1133 et
827 1099 1014 1132 maritimas
1040 1097 1336 1143 peregrinationes
1362 1097 1491 1141 pariter
1517 1106 1598 1141 per-

247 1163 356 1197 tinere
382 1168 474 1207 puta,
500 1168 620 1207 estque
643 1165 786 1197 tellus
812 1164 948 1198 omnino
976 1163 1079 1197 orbis.
1128 1164 1316 1197 PROPERT.
1331 1163 1375 1205 11,
1389 1165 1446 1205 27,
1462 1166 1502 1198 5:
1529 1165 1597 1196 Seu

243 1229 392 1275 pedibus
415 1232 574 1265 Parthos
598 1231 781 1278 sequimur
805 1243 867 1265 seu
901 1231 1013 1264 classe
1038 1230 1235 1264 Britannos
1265 1236 1302 1263 et
1327 1230 1434 1264 maris
1463 1237 1498 1263 et
1524 1237 1598 1264 ter-

248 1309 309 1330 rae
334 1309 439 1330 caeca
458 1297 595 1342 pericla
618 1298 710 1334 viae.
758 1299 809 1332 Ac
833 1299 981 1332 vidimus
1005 1299 1071 1332 iam
1096 1298 1139 1331 ad
1163 1298 1192 1339 I,
1218 1299 1252 1340 1,
1275 1299 1335 1330 26.
1361 1296 1439 1330 vias
1459 1297 1600 1331 omniuo

248 1363 291 1398 de
316 1365 492 1398 itineribus
517 1365 595 1398 dici.
645 1364 732 1398 Cum
765 1374 847 1398 vero
883 1364 1042 1397 Tibullus
1078 1374 1167 1397 nunc
1200 1364 1234 1397 in
1269 1364 1439 1397 maritimo
1472 1363 1597 1397 itinere

247 1429 422 1471 morbum,
450 1440 518 1473 quo
542 1428 694 1471 laborat,
718 1428 951 1469 contraxerit,
974 1428 1008 1461 in
1033 1428 1252 1471 sequentibus
1275 1427 1339 1462 hoc
1364 1440 1491 1472 genere
1514 1441 1595 1473 spe—

248 1496 381 1529 cialiter
413 1499 620 1539 occupatur,
652 1495 797 1529 alterum
830 1505 913 1528 vero
948 1495 1072 1536 mittit;
1109 1495 1317 1529 contrarium
1351 1495 1483 1528 faceret
1506 1497 1534 1529 si
1559 1495 1593 1529 in

247 1562 470 1596 antecedente
495 1562 695 1605 Aquitanico
720 1562 811 1595 bello
837 1561 921 1595 haec
944 1562 1159 1605 scripsisset,
1188 1562 1293 1595 veluti
1319 1562 1428 1595 Ovm.
1460 1563 1594 1595 Amorr.

247 1628 293 1671 ΙΙ,
320 1631 375 1670 16,
405 1631 457 1661 15.
492 1628 582 1672 apud
607 1628 772 1671 Pelignos
797 1628 916 1660 ltaliae
941 1637 1100 1660 versans}
1137 1626 1290 1659 Solliciti
1312 1625 1454 1659 iaceant
1478 1633 1595 1660 terra-

250 1705 315 1739 que
334 1699 548 1737 premantur
572 1692 697 1739 iniqua
722 1692 760 1725 in
781 1692 907 1739 longas
930 1691 1043 1726 orbem
1067 1692 1129 1739 qui
1151 1704 1290 1726 secuere
1311 1692 1401 1729 vias,
1416 1712 1462 1720 —
1485 1694 1596 1728 Porro

249 1764 302 1793 est
326 1759 581 1804 patefacta,
618 1764 656 1793 ut
683 1760 783 1794 etiam
810 1759 947 1804 aperire
971 1763 1121 1805 ponunt,
1147 1759 1191 1795 cf.
1217 1760 1451 1794 Huscnxmm.
1502 1760 1595 1794 Con-

249 1828 353 1860 trario
378 1827 480 1860 modo
506 1826 650 1860 clausae
677 1826 837 1861 dicuntur
862 1827 1036 1870 regiones,
1063 1826 1106 1860 ad
1132 1837 1216 1870 quas
1239 1826 1352 1860 aditus
1377 1836 1443 1859 non
1469 1830 1531 1860 est.
1551 1845 1594 1851 —

248 1893 290 1926 V.
317 1895 373 1926 37.
406 1897 729 1929 contemserat.
778 1895 952 1938 Usurpant
979 1894 1119 1928 verbum
1145 1894 1187 1927 de
1212 1904 1274 1936 eo,
1310 1893 1367 1937 qui
1394 1903 1460 1926 non
1485 1894 1594 1928 timet.

224 1985 227 1987 -
250 1960 375 1994 IUVEN.
401 1959 446 2002 X,
472 1963 560 1993 123:
600 1960 742 1994 Antoni
762 1960 903 2006 gladios
925 1961 1046 2005 potuit
1075 1966 1310 1996 contemnere,
1346 1960 1378 1993 si
1402 1959 1454 1992 sic
1478 1961 1595 1992 omnia

248 2025 407 2058 dixisset.
458 2025 555 2059 Adde
593 2025 736 2060 Hom‘r.
772 2025 885 2069 Epod.
922 2026 982 2066 lv,
1018 2029 1072 2059 16.
1124 2026 1232 2060 Vino.
1269 2027 1400 2068 Georg.
1434 2025 1479 2067 II,
1510 2028 1593 2058 360.

249 2090 401 2124 Hermo
435 2091 574 2123 verbum
600 2091 699 2124 nimis
724 2091 942 2133 magnificum
969 2102 1031 2135 pro
1056 2092 1274 2136 simplicitate
1300 2091 1428 2125 Tibulli
1452 2091 1595 2125 videba-

246 2160 322 2198 tur,
358 2155 449 2198 quod
483 2156 658 2190 crederem
692 2157 720 2190 si
755 2156 835 2191 nihil
871 2159 934 2191 nisi
967 2159 1112 2204 simplex
1144 2158 1323 2201 navigandi
1358 2159 1452 2192 notio
1476 2159 1594 2203 expri-

247 2221 369 2254 menda
394 2222 523 2256 suisset.
582 2222 681 2257 Nune
714 2228 829 2258 autem
863 2223 928 2259 hoc
963 2226 1064 2268 dicit,
1101 2227 1248 2260 nondum
1274 2230 1404 2260 tantum
1430 2225 1592 2259 audaciae

247 2285 405 2320 habuisse
427 2286 589 2329 homine-²,
615 2292 652 2321 ut
678 2290 829 2332 pericula
855 2291 958 2324 maris
983 2292 1077 2336 parvi
1102 2292 1290 2335 penderent
1317 2303 1397 2336 prae
1423 2292 1528 2325 lucro.
1544 2309 1589 2314 —

248 2354 499 2386 caeruleas.
549 2355 707 2388 Otiosum
741 2356 803 2388 tibi
837 2356 1006 2390 ridebitur
1039 2356 1103 2391 hoc
1129 2358 1262 2401 epicum
1298 2356 1493 2401 epitheton,
1529 2355 1590 2388 sed

247 2431 312 2455 non
339 2421 517 2462 assentior,
542 2423 599 2463 qui
623 2424 732 2456 otiosa
757 2422 907 2467 epitheta
931 2424 975 2457 ab
1001 2423 1051 2458 his
1076 2425 1195 2468 elegiis
1219 2425 1327 2458 aliena
1348 2432 1423 2456 esse
1445 2421 1588 2454 videam.

246 2489 403 2522 Tibullus
428 2489 579 2531 dixerat,
615 2494 649 2523 ut
676 2491 810 2533 monui,
844 2491 988 2536 primum
1014 2492 1201 2535 generatim
1231 2490 1274 2524 de
1298 2490 1361 2523 viis
1387 2489 1591 2532 longinquis,

247 2566 335 2588 nuuc
363 2555 404 2587 de
430 2556 511 2588 mari
537 2556 732 2599 specialiter
758 2557 850 2599 loqui
880 2557 963 2590 vult.
1013 2557 1103 2590 Hinc
1132 2557 1196 2590 iam
1226 2556 1340 2599 paullo
1375 2555 1483 2598 magis
1517 2565 1589 2587 am-

247 2621 395 2664 plificare
423 2624 457 2653 et
482 2621 647 2654 extollere
673 2621 774 2656 debet
801 2623 971 2657 notionem
999 2623 1110 2656 maris.
1138 2640 1190 2665 ··.
1216 2621 1419 2656 Effusum
1445 2622 1587 2655 sinum
