1721 2953
267 133 288 167 7
295 135 318 166 Ο
586 124 955 168 COMMENTAR.
982 127 1042 169 IN
1072 128 1125 168 TI
1132 127 1301 170 BULLI

269 247 376 280 Ovm.
399 246 483 280 Met.
505 243 582 285 vll,
602 245 683 276 590.
733 243 784 276 Ac
807 241 1050 277 recordabatur
1075 244 1246 278 Hermus
1272 244 1479 279 locutionem
1506 243 1611 278 verba

268 312 409 348 votiva,
434 310 466 345 Ιι.
492 321 521 344 e.
546 310 668 352 quibus
695 310 822 344 utimur
845 311 879 344 in
905 311 1012 354 votis,
1046 311 1168 355 quibus
1193 321 1366 345 vovemus„
1417 309 1505 346 Vide
1530 320 1612 344 vero

270 384 378 413 totum
413 379 524 411 locum
557 377 696 410 Tibulli.
747 378 816 414 Qui
848 382 928 412 vota
963 378 1065 421 facit,
1104 379 1157 412 vel
1193 379 1347 421 legitima
1381 387 1478 411 sacra
1512 379 1614 409 vovet

268 445 418 478 studiose
441 454 479 476 se
504 443 779 486 observaturum,
807 445 861 478 vel
888 445 1072 489 peculiaria
1098 445 1263 488 quaedam
1289 443 1465 488 promittit.
1516 442 1614 475 Delia

269 514 450 553 utrumque
474 509 613 543 fecerat.
671 509 802 544 Sedere
826 510 963 545 volebat
986 515 1065 545 ante
1091 512 1254 555 templum
1280 521 1342 554 per
1367 513 1500 543 certum
1524 512 1614 542 tem—

268 585 332 619 pus
355 579 389 608 et
413 579 590 619 praeterea
616 575 718 609 etiam
743 575 916 618 legitimos
946 575 1089 619 hymnos
1114 576 1198 609 deae
1224 577 1276 609 bis
1302 586 1424 610 canere
1453 585 1530 608 cnm
1557 584 1617 607 ce-

268 645 342 674 tera
365 640 466 673 turba
492 639 582 673 horis
608 641 802 683 consuetis;
837 651 913 674 nam
940 642 1043 674 etiam
1068 640 1131 675 lioc
1164 652 1202 675 se
1226 643 1360 676 vovisse
1384 641 1506 686 probat
1537 650 1615 675 ver-

270 706 350 739 bum
374 705 394 739 d
407 707 551 740 ebeat.
600 706 653 740 Ad
674 710 783 740 totum
801 705 865 740 hoc
885 707 1056 751 pertinent
1081 718 1179 740 voces
1198 707 1350 742 votivae.
1398 708 1458 741 Sic
1476 718 1542 741 non
1561 718 1618 741 re-

269 775 382 817 perias
407 786 543 809 sensum
568 775 610 808 ab
635 776 726 809 omni
751 779 848 819 parte
873 776 1041 820 aptiorem
1063 776 1143 818 loci,
1168 787 1371 820 quamquam
1396 777 1617 812 concedimus

271 843 302 875 in
329 842 444 885 lingua
469 853 544 876 esse
568 842 658 885 quod
683 842 849 876 offendat.
897 841 1124 876 Statuendum
1149 845 1203 875 est
1224 842 1313 875 enim
1333 842 1532 886 persolvere
1556 855 1618 876 vo-

270 920 325 942 ces
348 909 488 942 votivas
513 909 640 943 dictum
665 920 740 943 esse
765 920 815 953 pr.
842 911 1038 955 persolvere
1063 909 1155 953 quod
1180 914 1296 944 votum
1321 909 1461 943 vocibus
1485 910 1619 943 votivis.

270 975 330 1009 Sic
354 985 436 1009 vero
461 976 586 1009 Graeci
611 972 712 1018 ειῗχιῖς
738 973 928 1009 ἀποδοῦναι
951 976 1086 1019 dicunt,
1120 980 1159 1010 ut
1183 980 1328 1010 constat.
1387 976 1487 1010 Nunc
1512 975 1619 1010 adda-

270 1051 345 1074 mus
364 1042 504 1085 reliqua.
519 1061 566 1066 —
590 1044 701 1076 Ante
726 1043 851 1077 fores
876 1043 1046 1078 sedeat.
1096 1044 1271 1078 Sedebant
1296 1043 1388 1076 humi
1409 1055 1470 1088 pro
1488 1044 1620 1077 foribus

271 1109 389 1152 templi
411 1112 470 1141 aut
494 1113 574 1142 ante
599 1120 691 1142 aram
717 1113 752 1143 et
776 1113 922 1143 statuam
946 1110 1165 1143 mulierculae
1191 1110 1444 1154 supplicantes,
1475 1114 1619 1154 peccata

271 1186 332 1208 sua
357 1175 515 1217 fatenteS,
540 1179 619 1209 vota
645 1177 828 1210 solventes.
853 1177 961 1210 Ovm.
987 1176 1098 1220 Epist.
1125 1187 1169 1210 ex
1194 1177 1306 1210 Ponto
1330 1176 1358 1218 Ι,
1384 1178 1416 1218 1,
1441 1178 1507 1210 51:
1539 1175 1621 1209 Vidi

270 1252 332 1286 ego
358 1240 528 1286 linigerae
552 1254 679 1275 numen
703 1241 854 1275 violasse
876 1242 1060 1288 fatentem
1084 1241 1210 1279 Isidis,
1235 1241 1370 1275 Isiacos
1396 1247 1479 1274 ante
1504 1241 1621 1274 sedere

265 1307 382 1352 focos.
421 1308 555 1342 Amorr.
579 1307 625 1346 ΙΙ,
653 1310 706 1350 13,
734 1310 797 1357 1.7;
834 1309 945 1352 Saepe
971 1306 1036 1340 tibi
1064 1307 1157 1340 sedit
1183 1306 1288 1340 certis
1313 1312 1462 1352 operata
1487 1305 1619 1339 diebus.

272 1375 339 1407 Ubi
368 1375 463 1417 plura
495 1374 537 1407 de
563 1385 657 1408 more
682 1373 823 1408 sedendi
849 1375 951 1408 etiam
986 1375 1129 1408 aliorum
1155 1375 1188 1408 in
1213 1374 1355 1408 deorum
1381 1375 1514 1418 templis
1539 1373 1618 1407 vide

272 1451 326 1484 ap.
354 1440 553 1473 Hssmsmm.
602 1439 650 1472 Et
682 1450 771 1473 nunc
805 1440 941 1483 quidem
968 1440 1086 1481 Delia,
1121 1441 1149 1473 si
1178 1440 1292 1473 salvus
1317 1440 1473 1473 rediisset
1498 1440 1619 1472 Tibul-

273 1509 345 1550 lus,
371 1508 490 1542 sedere
515 1508 652 1541 volebat
678 1511 757 1540 ante
782 1508 947 1550 templum
973 1507 1068 1539 lino
1092 1509 1234 1542 tecta,
1260 1506 1355 1539 cuius
1380 1516 1462 1539 usus
1488 1510 1561 1539 erat
1585 1506 1619 1538 in

272 1574 371 1607 Isidis
396 1575 521 1615 sacris;
547 1574 689 1617 linigera
714 1574 779 1607 dea
798 1578 882 1615 erat,
908 1574 1041 1616 linigeri
1066 1572 1262 1606 sacerdotes
1286 1577 1320 1607 et
1344 1584 1462 1607 omnes
1487 1572 1538 1606 liis
1563 1584 1619 1607 re-

273 1642 457 1684 ligionibus
482 1640 628 1682 addicti,
668 1640 711 1674 cs.
737 1641 1029 1674 Bnovcrfflusnnu
1055 1640 1098 1673 ad
1123 1639 1155 1674 h.
1181 1641 1204 1674 l.
1233 1644 1269 1673 et
1295 1639 1425 1673 HEINs.
1451 1639 1493 1672 ad
1519 1639 1618 1673 Ovid.

274 1709 345 1740 Art.
372 1708 445 1740 Am.
471 1707 498 1748 I,
523 1710 580 1740 77.
631 1706 680 1739 Ac
705 1716 781 1739 cum
806 1705 966 1739 sedentes
992 1709 1095 1750 caput
1120 1705 1270 1738 velatum
1295 1703 1478 1746 haberent,
1502 1708 1542 1737 ut
1568 1707 1621 1738 est

273 1784 329 1817 ap.
354 1773 542 1809 Pnomznw.
568 1772 613 1814 II,
639 1774 696 1814 28,
722 1773 788 1805 45:
827 1776 911 1803 ante
936 1776 1086 1816 tuosque
1109 1769 1215 1815 pedes
1247 1769 1312 1802 illa
1336 1768 1416 1814 ipsa
1448 1768 1621 1813 adoperta

272 1837 425 1874 sedebit,
459 1838 562 1871 etiam
588 1837 687 1870 Delia
711 1837 758 1870 ita
783 1836 914 1870 factura
939 1840 1031 1879 erat,
1068 1836 1159 1879 quod
1184 1837 1340 1870 consulto
1366 1836 1455 1869 addo
1480 1839 1620 1880 propter

272 1904 449 1946 sequentia
470 1904 593 1937 verba:
620 1902 780 1936 resoluta
804 1915 931 1936 comas.
949 1923 994 1928 —
1020 1905 1063 1938 V.
1087 1906 1144 1938 31.
1170 1906 1227 1936 32.
1254 1904 1425 1946 Bisque
1452 1902 1522 1936 die
1545 1913 1619 1945 sqq.

272 1971 370 2004 Haec
395 1971 527 2004 diversa
552 1975 649 2012 sunt,
685 1974 723 2004 ut
748 1971 813 2004 iam
839 1971 1046 2014 significavi,
1082 1974 1117 2004 et
1142 1970 1244 2004 alium
1270 1969 1433 2004 honorem
1458 1969 1620 2012 indicant,

272 2043 308 2072 et
342 2038 502 2071 falluntur
537 2037 593 2080 qui
627 2048 694 2071 non
728 2037 950 2081 distinguunt.
1021 2038 1240 2072 Cauebantur
1274 2038 1363 2070 enim
1399 2037 1535 2069 omnino
1567 2036 1621 2069 bis

272 2103 327 2138 die
364 2103 477 2145 hymni
513 2105 546 2136 in
580 2103 725 2145 Isidem,
775 2113 873 2137 mane
913 2104 1020 2148 prima
1055 2103 1138 2137 hora
1181 2114 1256 2137 cum
1294 2101 1492 2136 sacerdotes
1532 2105 1619 2134 tem-

272 2172 364 2216 plum
397 2163 629 2216 aperuissent,
665 2176 700 2205 et
734 2182 876 2215 vespere
915 2170 997 2204 hora
1031 2175 1151 2204 octava
1184 2181 1261 2204 cum
1295 2169 1504 2204 clauderent.
1564 2168 1619 2202 Ex

270 2237 374 2279 adyto
410 2247 560 2269 summus
591 2237 751 2270 sacerdos
777 2248 854 2271 cum
879 2237 1041 2270 ministris
1067 2237 1245 2281 prodibat,
1286 2237 1319 2270 in
1351 2236 1450 2270 altari
1485 2234 1618 2268 suffitus

272 2304 375 2337 fiebat
400 2307 496 2344 ture,
523 2303 781 2347 praecinebatur
806 2304 908 2346 tibia,
947 2308 1066 2338 coetus
1091 2304 1303 2337 adorantium
1327 2304 1460 2336 interea
1485 2301 1617 2334 duobus

275 2370 447 2403 ordinibus
474 2371 505 2402 in
531 2370 619 2402 atrio
651 2381 757 2412 usqne
788 2370 830 2403 ad
866 2370 992 2413 gradus
1027 2371 1143 2413 templi
1177 2368 1395 2403 consistebat.
1446 2366 1617 2399 Sacerdos

272 2437 314 2469 ad
349 2447 444 2469 sacra
477 2440 596 2477 vocat,
639 2436 825 2469 recitantur
859 2446 999 2479 preces,
1036 2439 1107 2468 tuni
1144 2435 1187 2467 ad
1221 2437 1334 2467 certos
1365 2431 1484 2464 modos
1518 2431 1618 2464 sistra

273 2502 404 2543 omnia,
443 2512 530 2543 qnae
565 2501 746 2534 adorantes
781 2502 936 2535 manibus
971 2505 1106 2541 tenent,
1142 2502 1352 2542 quassantur.
1403 2496 1496 2529 Idem
1533 2497 1617 2529 ritus

272 2577 368 2600 manc
403 2570 437 2599 et
469 2576 610 2609 vespere
644 2566 777 2600 videtur
812 2566 935 2608 fuisse,
973 2567 1035 2600 uisi
1070 2564 1160 2609 quod
1202 2563 1315 2606 hymni
1351 2562 1475 2596 diversi
1510 2567 1616 2596 erant.

275 2631 360 2666 vide
397 2635 531 2676 praeter
569 2632 789 2675 interpretes,
839 2632 1035 2666 nominatim
1072 2632 1312 2665 Summanum
1351 2633 1385 2663 et
1425 2628 1615 2669 Humum,
