1721 2953
257 148 311 187 84
567 138 935 182 COMMENTAR.
965 139 1025 179 ux*
1054 120 1284 180 TlssULLl

260 259 408 295 assidua
429 256 519 305 colla
540 260 753 300 premuntur·
777 266 888 302 aqua,
937 255 1023 290 Add.
1055 257 1242 290 Pnopssnrr.
1268 254 1311 296 ΙΙ,
1341 256 1373 296 1,
1399 256 1465 288 67:
1491 252 1600 287 Dolia

259 325 426 372 virgineis
457 321 547 355 idem
571 319 631 353 ille
655 319 840 365 repleverit
867 320 985 358 urnis,
1019 333 1059 353 ne
1085 327 1205 353 tenera
1227 318 1376 352 assidua
1399 317 1489 351 colla
1512 329 1600 363 gra-

259 397 388 426 ventur
419 398 529 433 aqua.
578 386 647 423 Qui
674 385 742 419 loci
774 386 857 419 satis
891 385 1034 429 probant
1060 390 1155 419 recte
1189 396 1250 418 nos
1281 384 1453 428 explicare
1477 382 1600 416 Tibul-

260 459 339 491 lum.
388 454 472 497 Agit
495 462 576 487 vero
609 451 664 486 hic
688 461 797 493 nunc,
829 453 868 483 ut
893 451 984 493 dixi,
1021 452 1155 484 leniter.
1203 450 1291 484 Nam
1320 452 1439 493 aperte
1464 446 1601 491 quidem

259 534 326 558 non
358 520 530 564 eloquitur
553 518 635 562 quid
661 517 711 551 his
735 518 839 558 velit,
871 521 910 550 ut
930 517 964 550 in
989 517 1063 550 miti
1087 515 1342 556 cohortatione,
1379 514 1466 547 dixit
1488 517 1602 546 tamen

258 591 420 631 quantum
443 585 487 618 ad
511 582 769 626 intelligendum
793 582 887 616 satis.
935 581 1024 616 Vide
1049 581 1138 615 enim
1161 591 1250 614 nunc
1275 581 1451 623 sequentia
1476 579 1600 612 verba:

258 655 311 687 At
335 656 381 685 tu
406 654 550 692 casta,
576 659 759 694 precor,
788 657 987 689 maneaS,
1014 657 1102 689 quae
1127 645 1193 679 huc
1217 646 1388 689 pertinent
1411 643 1601 684 manifesto,

257 720 338 753 licet
362 718 481 752 eadem
505 717 604 751 simul
630 715 673 749 ad
695 716 851 748 ultimam
874 718 1005 759 partem
1026 713 1185 747 carminis
1206 711 1385 746 transitum
1407 710 1603 755 praebeant,

259 796 346 829 quae
371 785 444 818 sola
468 784 535 816 iam
560 785 667 815 restat
693 779 890 815 enarranda.

353 850 395 884 V.
421 848 548 882 83-ad
582 849 694 882 finem.
752 847 934 889 Exit-us.
984 846 1167 880 Oblitus
1202 844 1455 889 periculum
1493 851 1601 875 mor-

259 916 336 954 tis,
359 914 539 948 reditus
565 924 683 957 spem
710 913 938 957 concipit,
964 912 1182 954 illumque
1206 910 1320 943 diem
1342 909 1484 942 animo
1503 917 1603 951 pro-

258 981 404 1026 ponit,
440 980 515 1013 ubi
552 979 734 1023 primum
774 979 952 1010 intrans
990 977 1152 1009 Deliae
1193 974 1382 1015 domum,
1422 974 1601 1007 obviam

259 1057 351 1081 eam
383 1049 640 1079 currentem
673 1042 914 1076 habiturus
946 1043 1018 1075 sit.
1044 1059 1091 1067 —

354 1113 396 1146 V.
423 1114 468 1144 83
489 1121 562 1153 sqq.
612 1108 818 1142 Observabis
838 1108 888 1141 sic
910 1108 1015 1140 veniri
1034 1107 1075 1139 ab
1095 1105 1318 1139 antecedente
1340 1105 1415 1138 loco
1436 1103 1478 1137 ad
1501 1103 1600 1147 hunc,

255 1183 294 1212 ut
318 1179 375 1212 vix
398 1177 684 1211 animadvertatur
708 1175 881 1208 transitus.
931 1173 1032 1209 Quod
1059 1172 1112 1206 hic
1138 1172 1273 1215 quidem
1296 1172 1449 1205 consulto
1474 1171 1601 1204 factum

256 1244 406 1288 optime,
451 1243 509 1275 ubi
547 1242 658 1275 missis
701 1240 841 1274 infernis
882 1239 985 1273 rebus
1028 1239 1192 1280 cogitatio
1235 1241 1358 1281 poetae
1395 1238 1492 1280 quasi
1526 1238 1600 1280 ipsa

255 1309 411 1342 nesciens
436 1307 477 1341 ad
502 1308 593 1341 vitae
624 1317 720 1351 spem
745 1306 842 1340 redit.
867 1325 915 1331 —
958 1310 1103 1347 casta,
1139 1306 1235 1347 quasi
1259 1305 1292 1338 in
1318 1304 1496 1347 coniugio,
1532 1314 1600 1337 uno

255 1386 310 1410 me
333 1376 406 1408 viro
432 1377 599 1408 contenta.
648 1373 713 1406 Est
741 1374 828 1406 enim
855 1373 993 1406 castitas
1019 1372 1269 1413 libertinarum,
1303 1381 1391 1413 quae
1417 1370 1473 1403 uni
1504 1379 1599 1402 ama-

256 1442 323 1475 tori
347 1441 468 1482 fidelis⁷
492 1441 585 1473 velut
607 1439 635 1481 1,
659 1442 691 1480 6,
718 1442 775 1472 67.
801 1456 846 1461 —-
877 1438 1047 1478 sancti,
1073 1447 1140 1469 non
1165 1435 1373 1480 profanandi.
1399 1453 1445 1459 —-
1479 1445 1598 1476 anus,

256 1510 365 1540 mater
388 1507 519 1547 Deliae,
545 1505 640 1546 cs.1‚
661 1508 693 1546 6,
718 1508 835 1537 57.—
862 1504 981 1537 Haec
1006 1503 1095 1536 tibi
1120 1502 1323 1535 fabellas
1348 1501 1536 1543 referat,
1560 1505 1600 1534 ut

255 1574 294 1607 fit
317 1574 407 1606 inter
429 1573 599 1613 mulieres,
623 1570 666 1605 cf.
684 1571 789 1603 Ovm.
806 1570 891 1604 Met.
907 1571 967 1612 lV,
983 1572 1038 1603 40.
1064 1570 1213 1602 Vnica.
1235 1569 1365 1610 Georg.
1382 1567 1443 1609 IV,
1457 1570 1538 1601 345.
1553 1585 1598 1592 -·—

255 1641 410 1684 posita
434 1640 642 1679 lucerna,
669 1637 700 1670 h.
721 1647 750 1670 e.
775 1638 940 1680 apposita.
991 1636 1131 1668 Confert
1152 1636 1312 1668 Vunpms
1335 1635 1434 1668 Ovid.
1457 1635 1598 1668 Heroid.

254 1705 352 1746 XIX,
379 1708 466 1738 151:
501 1703 655 1737 sternuit
688 1709 723 1735 et
752 1702 889 1741 lamen5
921 1702 1040 1746 posito
1065 1713 1146 1734 nam
1171 1700 1355 1734 scribimus
1379 1700 1452 1734 illo.
1502 1701 1599 1735 Adde

252 1770 440 1804 Pnomnrr.
462 1769 507 1811 ll,
533 1771 588 1810 15,
613 1771 647 1801 3.
706 1767 868 1801 Ceterum
901 1770 1044 1810 apparet
1078 1777 1121 1800 ex
1146 1766 1197 1799 his
1220 1766 1333 1800 verbis
1356 1770 1508 1800 extrema
1540 1778 1599 1801 ae·
1621 1771 1624 1774 '

253 1838 343 1868 state
377 1838 411 1867 et
443 1835 506 1868 sub
541 1833 712 1867 auctumni
745 1832 877 1865 initium
903 1842 1039 1865 carmen
1064 1832 1226 1876 scriptum
1252 1842 1346 1874 esse,
1384 1832 1512 1876 optime
1536 1842 1599 1866 no-

258 1905 352 1934 tante
371 1901 514 1942 Vossm,
539 1901 596 1943 qui
621 1899 875 1933 annotationem
900 1909 994 1932 suam
1021 1898 1062 1933 ad
1082 1900 1230 1933 V1Rc11..
1250 1899 1378 1941 Georg.
1395 1899 1421 1940 I,
1439 1901 1504 1931 291
1524 1909 1597 1941 sqq.

254 1967 383 2001 laudat.
434 1967 583 2010 Coeptos
606 1965 648 1999 ad
673 1965 799 1998 lumina
824 1965 957 1998 labores
984 1970 1061 2009 post
1086 1965 1282 1999 Volcanalia
1306 1964 1337 1998 d.
1362 1964 1596 2007 XX111.Aug.

254 2037 350 2075 acta3
375 2033 496 2075 quodsi
524 2033 618 2065 Maio
643 2042 758 2064 mense
784 2036 861 2075 post
886 2037 997 2065 ortum
1023 2032 1201 2065 Pleiadum
1226 2033 1259 2065 in
1284 2031 1397 2064 Asiam
1422 2030 1596 2073 profectus

254 2103 345 2134 esset
369 2099 540 2140 Messala,
576 2108 641 2131 non
676 2099 828 2142 potuisse
861 2099 903 2131 ad
928 2101 1099 2132 lucernam
1132 2099 1307 2132 sedentem
1333 2098 1464 2131 Deliam
1490 2109 1509 2130 a
1533 2097 1597 2130 Ti-

253 2166 347 2197 bullo
372 2174 507 2197 reverso
534 2163 750 2207 deprehendi.
775 2182 821 2187 —
848 2165 1004 2207 longa,
1032 2168 1070 2197 ut
1095 2164 1132 2197 fit
1157 2164 1277 2197 sedulo
1302 2164 1334 2196 in
1362 2173 1476 2207 opere.
1525 2163 1596 2195 De-

252 2232 370 2265 scribit
395 2232 481 2263 enim
508 2231 638 2273 qualem
665 2235 790 2263 statum
819 2241 930 2263 reruni
956 2229 1212 2274 deprehendere
1246 2231 1370 2274 cupiat.
1420 2229 1473 2262 Ne
1498 2233 1595 2262 extra

251 2297 387 2329 domum
413 2296 457 2328 sit
482 2296 599 2337 Delia,
624 2297 693 2337 ait,
718 2297 778 2330 sed
804 2297 990 2329 domestico
1016 2297 1046 2329 in
1080 2307 1184 2339 opere
1210 2300 1244 2329 et
1269 2306 1424 2330 sermone
1448 2295 1594 2328 sedeatis

251 2364 293 2397 ad
319 2365 502 2405 lucernam,
527 2364 576 2396 uti
602 2365 712 2407 placet
738 2365 770 2397 in
795 2364 1003 2398 mulieribus.
1053 2363 1221 2406 Compara
1243 2372 1379 2396 suavem
1406 2362 1514 2394 locum
1538 2371 1592 2404 ap.

250 2429 420 2461 Timum.
457 2427 690 2462 Heautontim.
724 2428 769 2470 ΙΙ,
804 2432 837 2470 3,
866 2431 912 2460 39
939 2439 1012 2470 sqq.
1047 2438 1247 2469 quamquam
1281 2437 1346 2460 non
1380 2425 1482 2459 credo
1518 2437 1594 2460 cum

250 2494 440 2527 Huscnxro
467 2504 509 2525 ex
533 2495 589 2526 illa
617 2495 794 2527 Menandri
827 2494 1055 2538 descriptIOne
1081 2494 1254 2526 Tibullum
1278 2502 1339 2525 sua
1364 2491 1526 2525 hausisse.
1549 2510 1594 2516 —

250 2560 290 2593 V.
304 2562 347 2592 87
364 2571 436 2601 ¹sqq.
462 2562 584 2593 circa
608 2560 649 2593 ‹le
672 2562 811 2594 sedente
836 2572 901 2593 una
921 2572 982 2594 nec
1005 2564 1105 2593 eunte
1124 2559 1243 2591 ancilla
1269 2558 1394 2591 dictum
1415 2568 1501 2599 esse,
1528 2568 1593 2592 non

247 2625 394 2659 debebat
422 2627 452 2658 in
477 2630 621 2659 mentem
649 2628 761 2660 ienire
787 2628 952 2670 cuiquam.
1002 2627 1112 2659 Recte
1136 2629 1249 2659 mouet
1273 2624 1590 2657 Wunmfflmcmus
