1721 2953
461 173 605 214 LIBR.
634 172 705 212 III.
761 170 920 215 ELEG,
951 172 1022 212 IV.
1335 174 1411 213 35?

73 292 192 326 Bumr.
218 290 260 325 ad
286 288 385 324 Ovid.
410 288 495 323 Met.
522 287 586 329 111,
610 288 689 321 376.
740 284 898 319 Ceterum
934 286 1027 320 rides
1061 287 1195 331 poetam
1228 282 1340 318 redire
1366 286 1407 318 ad

73 369 102 392 ν.
129 360 186 392 64.
234 356 407 400 Praecipit
439 355 585 388 maxime
621 362 741 397 preces
773 351 869 386 deus.
921 353 1021 389 Quod
1048 352 1232 397 interponit
1258 352 1302 386 de
1334 363 1407 386 ser-

72 423 155 456 vitio
178 433 241 455 sno
266 425 302 454 et
325 421 369 454 de
393 419 567 453 laboribus
591 419 856 462 verberibusque
883 419 1031 453 ferendis
1055 430 1117 464 pro
1142 429 1270 462 amore,
1294 420 1322 452 si
1349 429 1410 453 νοΕ

71 488 132 521 luit
155 487 297 520 alterum
333 496 408 519 esse
433 496 501 528 quo
527 485 733 518 commoveri
760 483 901 517 deberet
927 484 1081 527 Neaera,
1115 485 1203 518 male
1234 483 1410 517 adornavit

69 554 178 584 totum
203 552 335 593 locum,
375 550 433 594 qui
458 561 488 584 v,
515 552 572 583 65.
604 559 673 582 non
697 549 799 582 faciat
823 549 1001 583 transitum
1027 554 1187 593 tanquam
1217 548 1260 582 ad
1287 542 1411 582 secun-

68 616 148 651 dum
173 620 410 662 praeceptum,
446 617 480 649 in
505 617 571 650 tine
595 620 709 649 autem
733 616 821 648 male
854 627 887 659 p.
915 615 1037 658 Ergo
1063 626 1107 649 ex
1132 614 1411 649 antecedentibus

67 682 208 717 diversis
232 683 334 717 rebus
358 682 401 715 ad
425 684 599 726 superiora
624 681 754 715 redeat.
786 699 831 705 ——
870 681 994 717 Quod
1034 683 1071 715 si
1107 693 1211 716 vera
1244 685 1409 715 canunt

69 753 136 785 etc.
161 748 191 783 h.
214 759 244 783 e.
269 749 390 792 quodsi
414 759 494 782 vera
515 753 592 782 sunt
615 749 752 782 oracula
777 748 810 781 in
835 748 970 791 templis
994 748 1080 781 meis
1105 752 1249 790 cantata,
1275 749 1303 782 si
1329 759 1409 782 vera

68 815 228 860 praedico
264 816 348 848 alias
384 814 596 856 hominibus,
631 824 750 847 verum
784 814 884 846 etiam
921 812 984 846 hoc
1018 813 1110 856 quod
1143 812 1251 846 dicam
1288 812 1411 846 habeat

67 880 223 922 Neaera,
261 891 288 914 s.
313 890 414 923 quam
445 890 526 913 vera
550 882 629 912 sunt
654 879 793 911 oracula
822 881 938 912 nostra
964 879 998 911 iu
1025 880 1162 923 templis
1192 879 1300 922 edita,
1340 883 1408 912 tam

66 958 196 981 verum·
220 947 322 980 etiam
356 946 421 980 hoc
455 946 546 990 quod
582 946 740 980 Neaerae
773 947 902 980 nuntio.
952 946 1214 980 Credideramus
1240 957 1320 980 vero
1343 947 1409 980 iam

66 1025 170 1059 supra
202 1014 304 1047 deum
337 1014 419 1047 satis
451 1024 622 1058 superque
656 1014 699 1048 de
733 1015 938 1047 auctoritate
971 1023 1034 1047 sua
1068 1013 1213 1046 dixisse!
1262 1012 1410 1046 Omnino

66 1082 181 1125 inepta
206 1080 384 1114 sententia.
410 1099 455 1104 —
491 1080 623 1113 Felix
647 1079 750 1122 hoc,
775 1080 848 1113 scil.
873 1079 1054 1122 coniugio,
1078 1083 1117 1112 ut
1142 1079 1249 1112 Orrn.
1273 1077 1338 1121 Ep.
1366 1088 1409 1111 ex

66 1149 179 1183 Ponto
202 1149 263 1190 lv,
290 1150 345 1189 11,
369 1149 427 1181 22.
475 1147 663 1180 Iunxerunt
694 1147 743 1180 ita
775 1147 979 1179 SALMASIUS
1014 1146 1058 1179 ad
1086 1147 1257 1190 Spartian.
1283 1157 1316 1189 p.
1340 1147 1412 1185 31..

66 1215 300 1256 Huscnxms,
341 1213 600 1246 Excnsmnms.
661 1211 832 1246 Solemnis
864 1210 995 1255 phrasis
1024 1210 1120 1258 felix
1161 1209 1326 1256 coniuge,
1366 1209 1411 1243 cf.

67 1281 220 1314 (ἔπειξις.
247 1279 289 1312 ad
315 1279 459 1313 Metam.
481 1277 544 1320 lX,
567 1279 648 1310 333.
673 1295 720 1301 —

159 1347 203 1382 V.
226 1344 358 1378 81-ad
390 1345 505 1378 finem.
553 1343 732 1377 Exitus.
781 1343 930 1386 Negat
968 1346 1106 1387 poeta
1143 1353 1188 1378 se
1225 1342 1412 1376 credere

65 1422 202 1457 posse
226 1421 318 1445 rem
350 1413 394 1445 et
423 1413 594 1443 tantam
619 1408 943 1443 crudelitatem
975 1409 1183 1443 tribuere
1214 1409 1413 1452 puellae,

65 1491 177 1524 quae
201 1490 284 1513 non
315 1478 528 1512 monstris
559 1477 830 1511 immanibus
864 1479 968 1510 nata
1001 1477 1080 1519 sit,
1117 1476 1195 1510 sed
1226 1477 1412 1510 mitissiv

64 1546 145 1579 mis
180 1544 467 1590 parentibu5‚
505 1546 699 1586 oratque
732 1543 898 1576 iterum
933 1541 1062 1585 deos,
1097 1546 1144 1576 ut
1175 1542 1217 1576 in
1252 1543 1411 1577 melius

64 1615 248 1645 vertant
280 1610 390 1644 haee
423 1611 608 1644 somnia.
643 1607 646 1613 '

157 1678 202 1710 V.
226 1679 269 1709 81
297 1687 372 1719 sqq.
410 1675 614 1718 ignavus.
664 1673 890 1707 Notissimum
928 1672 1102 1718 epitheton
1135 1673 1265 1716 somni,
1304 1674 1411 1708 Ovm,

66 1743 152 1778 Met.
178 1742 241 1784 XI,
263 1732 348 1775 593.
406 1741 504 1773 Bene
529 1750 610 1773 vero
637 1738 789 1772 defendit
817 1739 1030 1772 Huscnxms
1057 1739 1219 1771 librorum
1245 1739 1410 1782 plurimo=

67 1821 139 1844 rum
176 1809 358 1843 lectionem
391 1816 607 1850 corpore3
645 1805 709 1839 etsi
735 1805 823 1838 enim
849 1815 985 1837 somnus
1010 1805 1092 1837 alias
1122 1814 1286 1848 corpora,
1326 1806 1409 1837 alias

68 1880 207 1920 pectora
244 1885 412 1918 occupare
449 1873 592 1915 dicitur,
631 1873 783 1906 Vnum..
823 1875 908 1906 Aen.
943 1872 1003 1914 lv,
1037 1874 1117 1905 522.
1158 1872 1233 1905 Cnl.
1259 1875 1341 1906 205.
1378 1877 1413 1906 ct

67 1941 148 1975 ibid.
175 1944 253 1983 92,
281 1943 361 1974 159.
395 1938 539 1973 Heroid.
564 1937 694 1980 XVIII,
719 1940 798 1979 27„
821 1948 910 1970 nunc
936 1940 1048 1970 tamen
1073 1938 1207 1980 ignavia
1232 1937 1275 1971 ad
1301 1942 1411 1973 totum

66 2018 190 2052 corpus
218 2008 375 2051 pertinet.
423 2006 534 2039 Dicit:
573 2008 677 2048 atque
703 2015 770 2048 ego
795 2006 929 2039 solutus
955 2005 1120 2047 languore
1146 2004 1412 2048 expergefactus

66 2083 150 2106 sum.
196 2078 336 2117 pectore
361 2072 483 2116 probat
508 2071 782 2112 Ercnsmnms3
813 2073 951 2113 poetam
982 2080 1050 2103 non
1074 2069 1312 2104 reformidasse
1335 2080 1413 2104 sae-

67 2141 141 2184 pius
167 2143 325 2184 repetere
348 2139 436 2172 idem
464 2139 616 2172 verbum.
642 2156 687 2162 -—
715 2137 926 2171 defluxit.
974 2136 1057 2170 Est:
1089 2137 1203 2179 abire,
1230 2137 1411 2179 excedere

67 2217 292 2248 evanescere,
332 2207 470 2250 proprie
509 2210 544 2239 et
577 2206 730 2249 tropice,
769 2206 955 2238 PRoenR‘r.
992 2203 1019 2245 J,
1053 2206 1111 2245 20,
1147 2205 1179 2236 2.
1232 2204 1410 2237 SALLUST.

67 2269 220 2313 Iugurth.
248 2273 305 2313 10,
329 2274 386 2305 67.
424 2270 568 2304 HORAT.
595 2270 705 2314 Epist.
732 2269 776 2311 ΙΙ,
805 2272 837 2312 1,
864 2271 942 2302 158.
991 2268 1038 2302 Et
1062 2269 1179 2302 confer
1213 2279 1232 2302 e
1267 2270 1410 2303 Graecis

69 2333 245 2380 ιῖπορῥεῖιι,
281 2336 440 2380 ἐκρυῆναι
472 2347 526 2380 ap.
565 2336 739 2368 Bsiirremnt
776 2334 818 2368 ad
856 2333 1027 2368 Plutarch.
1066 2334 1188 2378 Pyrrh.
1223 2346 1300 2379 pag.
1329 2338 1409 2369 2:39.

68 2404 167 2438 Nunc
191 2403 328 2446 quidem
355 2403 504 2447 defluere
530 2403 654 2437 dicitur
682 2412 819 2436 somnus
844 2407 965 2447 sponte
991 2402 1136 2446 cedens,
1165 2407 1281 2437 contra
1305 2415 1410 2435 σπεα-

71 2469 162 2502 titur
188 2470 244 2513 qui
269 2470 448 2513 repentino
473 2470 618 2513 strepitu
644 2468 867 2512 abrumpitur.
893 2485 939 2491 -—
976 2467 1067 2501 Nec
1098 2468 1182 2503 tibi
1207 2468 1412 2502 credide«

72 2536 149 2568 rini
174 2535 246 2568 scil.
269 2546 356 2578 esse,
381 2536 470 2579 quod
501 2540 551 2569 cst
577 2546 594 2568 e
620 2535 776 2577 sequenti
801 2534 911 2568 inesse
936 2534 1146 2569 eliciendum.
1196 2535 1267 2569 Pro
1291 2536 1411 2569 votis

73 2603 242 2635 [ln-:rmus
267 2602 423 2636 emendat
450 2601 599 2638 noslris,
632 2603 734 2635 veluti
771 2602 958 2635 [lust-imo
985 2607 1142 2636 monente
1171 2603 1357 2637 Pnovnu'r.
1385 2604 1410 2641 Ι,

74 2674 104 2711 5,
131 2673 163 2704 9.
191 2669 318 2703 nostris
344 2674 378 2704 et
405 2670 493 2704 votis
520 2674 761 2715 permutantur.
812 2670 898 2704 Mox
927 2675 1115 2715 pectore
1141 2674 1214 2705 tuo
1248 2672 1409 2706 inesse.
