1721 2953
456 174 601 214 LIBR.
629 173 702 213 IV.
758 169 1049 212 APPENDIC.
1350 175 1430 213 465

83 292 385 336 deligavimus
422 290 552 324 novis
588 287 806 330 floribus,
844 287 1044 331 ligavimus,
1086 286 1253 320 cinximus
1290 298 1424 321 corona.

83 359 194 392 Carm.
219 359 347 392 Pnup.
372 367 424 390 nr.
447 358 512 389 842
551 366 631 388 vere
664 365 764 390 rosa,
804 361 994 386 auctumno
1014 352 1148 398 pomis,
1187 359 1326 385 aestate
1344 355 1426 399 sre-

82 428 230 468 quentor
252 421 384 466 Spicis,
421 432 496 453 una
528 418 614 452 milii
645 425 697 452 est
731 418 875 450 horrida,
901 419 1013 463 peslis
1041 418 1159 453 hiems.
1209 419 1296 453 Add.
1322 431 1424 453 carm.

79 492 138 523 85,
172 488 253 523 ibid.
286 505 332 512 —-
381 488 597 521 Senexve
636 496 800 519 corvus
839 486 1091 529 impigerve
1128 486 1342 529 graculus
1381 505 1425 510 -—

80 556 248 590 feriret
283 558 438 598 caput,
476 564 636 597 compara
673 553 786 586 Carm.
826 552 953 586 PmAp.
988 555 1045 586 62.
1070 571 1117 577 —-
1159 552 1302 587 debeo
1341 554 1427 587 tibi

78 620 209 656 nihil.
257 620 447 665 Adscripsit
474 620 755 653 BRoucKnusms
780 619 876 661 Virg.
903 620 987 653 Aen.
1013 619 1075 661 XI,
1100 621 1165 653 51:
1204 626 1240 652 et
1273 619 1325 652 nil
1353 620 1424 652 iam

79 686 288 720 caelestibus
312 685 396 718 ullis
422 684 624 718 Debentem.
652 704 695 710 —
732 685 775 719 V.
803 686 846 717 16
871 694 922 726 sq.
959 684 1141 718 lacebis
1164 686 1283 720 inter
1307 697 1424 729 arvae

79 753 249 797 proiectus
285 753 320 786 in
358 753 433 786 viis.
458 770 504 776 —
557 752 759 796 pallidus
798 752 914 793 situ,
959 752 1114 786 absterso
1153 754 1257 788 rubro
1295 756 1421 790 colore.

78 819 264 853 PROPERT.
291 819 351 861 IV,
375 822 409 861 5,
434 822 501 852 70:
550 818 726 851 immundo
763 817 903 862 pallida
942 817 1049 850 mitra
1084 817 1178 856 situ,
1217 831 1305 863 quae
1343 822 1427 855 luri-

77 885 177 928 dum,
221 884 412 928 squalidum
452 885 602 918 colorem
640 888 869 919 contraxerat.
936 886 1150 927 Quamquam
1188 888 1312 929 passim
1347 898 1427 932 per-

76 954 250 984 mutantur
276 951 309 983 in
336 950 430 983 libris
461 948 622 993 pallidas
657 952 692 982 et
725 948 935 994 squalidus,
975 953 1078 991 atque
1114 951 1215 984 etiam
1250 950 1314 985 hoc
1348 954 1426 986 loco

75 1016 264 1062 squalidus
288 1015 459 1049 videbitur
484 1016 617 1049 melius.
667 1015 800 1048 Tamen
829 1019 867 1048 ut
897 1025 1000 1049 carm.
1024 1016 1152 1049 Palu).
1177 1019 1233 1050 26.
1263 1016 1426 1061 pallidus

74 1085 168 1115 recte
194 1080 387 1114 defenditur
411 1092 431 1114 a
455 1081 667 1114 Bnnmmxo
691 1082 907 1125 oppositione
932 1093 963 1115 v.
989 1080 1112 1119 ruber,
1136 1082 1185 1116 sic
1209 1083 1311 1116 etiam
1336 1094 1423 1117 nunc

74 1147 180 1180 videri
205 1151 320 1191 potest
345 1151 446 1191 poeta
471 1148 503 1180 in
538 1135 652 1180 mente
688 1147 813 1181 habere
847 1149 1040 1192 oppositum
1066 1159 1199 1182 versum
1225 1152 1267 1183 8:
1305 1149 1425 1182 Ruher

75 1223 153 1244 cum
190 1210 335 1245 rubente
365 1212 525 1258 fascino.
554 1231 600 1237 -
654 1215 697 1247 V.
725 1216 770 1247 19
797 1226 870 1258 sqq.
906 1225 1061 1257 grave,
1098 1216 1253 1257 Gravi,
1289 1227 1364 1250 cum
1392 1217 1422 1249 ri

73 1276 219 1321 repetita
252 1287 348 1311 voce.
396 1277 487 1311 Tum
521 1278 605 1321 pia·
631 1278 732 1320 lege
768 1283 842 1312 est:
875 1279 973 1313 iusta.
1021 1280 1167 1323 Proprie
1191 1280 1424 1322 mugitui-*ius

68 1342 237 1388 piumque
274 1347 314 1376 ut
350 1342 408 1376 ius
435 1343 573 1390 fasque
608 1350 689 1377 noto
725 1355 809 1387 usu,
851 1345 894 1378 cf.
935 1346 1044 1380 Ovm.
1078 1346 1151 1379 Art.
1179 1347 1252 1379 Am.
1279 1346 1306 1388 Ι,
1339 1349 1421 1379 200.

73 1406 214 1440 Heroid.
241 1407 335 1449 vm,
361 1409 394 1441 4.
418 1426 466 1433 —-
490 1408 691 1448 noxiam,
720 1409 875 1451 culpam,
899 1410 990 1451 quod
1016 1414 1087 1443 tum
1111 1411 1270 1452 'quievisti
1296 1422 1420 1455 perpe-

73 1480 213 1504 ram.—-
237 1471 446 1515 Patebit,
471 1473 611 1506 verbum
637 1473 680 1506 de
706 1473 756 1515 iis,
783 1475 840 1516 qui
866 1475 923 1507 alii
948 1485 984 1507 se
1009 1476 1173 1518 praebent
1198 1477 1231 1510 in
1258 1487 1295 1510 re
1320 1479 1421 1521 turpi.¹

70 1535 176 1570 OVID.
203 1536 289 1571 Met.
313 1537 408 1581 XIV,
434 1541 522 1573 133:
556 1539 588 1572 si
612 1550 689 1572 mea
715 1539 906 1585 virginitas
931 1540 1070 1574 Phoebo
1090 1543 1271 1586 patuisset
1298 1555 1420 1577 oman-

69 1601 110 1634 ti.
129 1621 177 1628 -
210 1603 280 1636 Pro
304 1604 564 1639 imminente
589 1608 707 1646 toro,
733 1606 825 1649 quod
848 1607 991 1649 intelligi
1019 1608 1154 1650 nequit,
1179 1609 1235 1641 alii
1260 1611 1421 1643 coniece-

67 1673 146 1702 runt
171 1668 385 1715 ingemente,
423 1675 462 1704 ut
487 1671 644 1715 placebat
669 1672 770 1704 etiam
796 1668 1079 1715 Bnoncmmsm,
1115 1674 1220 1706 veluti
1244 1675 1418 1709 Inrnmn.

68 1737 140 1769 Sat.
167 1737 228 1778 IX,
254 1739 312 1771 78.
339 1737 442 1771 dicit:
479 1737 583 1770 testis
613 1737 697 1769 milii
722 1736 875 1770 lectulus
903 1743 938 1769 et
963 1744 1024 1775 tu,
1052 1739 1116 1772 Ad
1137 1752 1237 1786 quem
1257 1742 1418 1785 pervenit

67 1801 150 1834 lecti
182 1815 300 1835 sonus.
358 1804 476 1837 Possis
511 1804 611 1837 etiam
646 1803 827 1837 emendare
861 1804 1088 1842 intremcnte,
1126 1807 1251 1841 collato
1284 1808 1417 1840 Ovrnw

66 1868 197 1901 Amorr.
224 1868 287 1911 lli,
312 1870 368 1912 14,
393 1871 459 1903 26:
485 1869 690 1915 spondaque
715 1869 850 1903 lasciva
877 1870 1072 1904 mobilitate
1095 1878 1236 1907 tremat.
1263 1890 1306 1898 —-·
1332 1875 1417 1906 Mox>

66 1933 260 1968 iuvante
291 1941 410 1978 arte,
443 1939 481 1969 ut
516 1940 635 1970 contra
669 1936 796 1980 legitur
829 1947 882 1981 ap.
919 1938 1027 1972 Ovm.
1063 1939 1137 1973 Art.
1164 1935 1308 1981 A'm.11‚
1337 1941 1417 1973 480.

68 2000 226 2034 laudante
260 2001 492 2036 Banu-nmo:
531 2009 610 2036 arte
648 2003 768 2037 Venus
805 2003 908 2036 nulla
944 2003 1044 2036 dulce
1077 2004 1214 2050 peregit
1247 2016 1346 2049 opus.
1374 2024 1418 2028 —-

65 2067 106 2099 V.
133 2069 180 2100 25
205 2078 280 2111 sqq.
315 2068 532 2112 Forebit,
560 2070 602 2103 cf.
629 2071 736 2103 Ovn).
763 2071 894 2104 Amorr.
919 2071 981 2113 ΙΙΙ,
1006 2075 1038 2113 7,
1064 2074 1121 2104 73.
1148 2090 1190 2095 —
1218 2071 1414 2104 lucidum

63 2132 226 2175 femur,
255 2133 390 2167 ridetur
410 2145 486 2169 esse
511 2135 704 2178 candidum,
731 2136 927 2178 formosum,
953 2141 991 2171 ut
1016 2138 1123 2172 van.
1150 2137 1293 2172 Heroid.
1319 2137 1413 2171 XIX.

66 2202 153 2234 133:
179 2200 299 2234 lucida
326 2201 506 2247 Alcyone,
531 2203 596 2238 nisi
622 2204 838 2238 scribendum
865 2203 1037 2238 lubricam
1062 2216 1107 2239 ex
1132 2206 1291 2240 Pmiom
1317 2206 1415 2239 scite-

64 2267 125 2300 dis.
160 2286 207 2293 —
253 2268 425 2304 Bidens
459 2271 601 2305 amica
642 2272 824 2305 Romuli
861 2272 982 2305 senis
1018 2282 1201 2316 memor,
1243 2259 1296 2306 est
1332 2283 1414 2306 anus

62 2332 274 2376 grandaeva,
299 2345 399 2377 quam
424 2335 565 2370 Romuli
590 2341 745 2382 tempora
771 2337 864 2370 dicas
888 2337 1034 2381 vidisse,
1059 2343 1094 2373 et
1118 2340 1172 2373 cui
1196 2339 1263 2373 duo
1286 2343 1414 2372 tantum

63 2397 182 2431 dentes
206 2405 398 2444 supersunt.
423 2420 471 2427 —
511 2403 730 2446 Paratur,
765 2403 955 2438 adducitur.
979 2422 1025 2430 —-·
1053 2416 1237 2450 specus,
1274 2418 1414 2448 cunnus,

62 2462 247 2497 abditus
268 2465 446 2499 iacente
472 2468 676 2510 pantice,
704 2472 892 2508 ventre.,—
917 2469 1037 2514 Vaga
1063 2472 1201 2515 pellis
1227 2476 1297 2505 est:
1324 2472 1414 2513 laxa,

63 2530 172 2562 carnis
206 2531 398 2565 macilentia
434 2533 542 2566 fluens
578 2537 614 2567 et
649 2534 801 2567 flaccida.
829 2553 874 2558 —
912 2546 1054 2570 annuo
1088 2538 1212 2580 gelu,
1249 2537 1326 2571 dum
1355 2547 1415 2581 per

64 2600 172 2629 totum
210 2608 333 2632 annum
371 2599 451 2642 gelu
486 2599 594 2633 adest.
655 2600 859 2646 Metaphora
896 2601 939 2636 de
977 2603 1297 2648 septentrionalibus
1332 2603 1414 2636 locis

64 2664 180 2706 petita,
208 2669 244 2697 ut
269 2671 384 2700 monet
409 2668 610 2711 Senam-m,
637 2680 745 2703 annua
771 2671 848 2703 nire
873 2670 1051 2706 damnatis.
1078 2691 1122 2697 —
1158 2673 1412 2706 Araneosus

998 2743 1049 2776 30
