1721 2953
513 184 655 224 LIBR.
688 185 718 223 Ι.
777 183 934 224 ELEG.
964 185 1015 223 ΙΙ.
1328 202 1337 209 κ
1377 190 1428 222 29

91 297 152 330 hoc
173 299 260 339 loco,
286 296 471 339 asyndeton
492 297 621 329 melius.
638 312 684 318 -—
710 296 750 329 V.
771 299 827 328 77.
855 297 1133 339 composito,
1159 295 1307 328 condito.
1322 312 1365 317 —-
1396 295 1429 327 ln

95 365 162 396 fine
190 365 287 397 unice
312 373 410 396 verus
434 366 484 395 est
507 365 664 404 receptus
690 360 866 397 verborum
894 360 996 393 ordo:
1023 360 1271 404 despiciam
1297 359 1430 399 dites,

91 434 204 463 errant
238 433 349 462 tamen
383 428 663 460 BRoucKuuans
699 430 733 460 et
767 427 978 459 Huscnxms
1013 438 1074 468 eo,
1109 427 1199 470 quod
1225 427 1339 460 nescio
1366 437 1431 468 qua

93 493 337 528 consuetudine
363 493 490 525 Tibulli
526 493 553 533 Ι,
581 495 614 532 4,
638 494 697 526 82.
735 492 779 533 ll,
804 494 838 533 2,
864 494 920 525 20.
957 496 991 534 5,
1017 496 1096 526 100.
1135 504 1211 527 eum
1236 492 1431 526 defendunt.

89 561 178 593 Nam
203 561 236 592 in
263 559 452 592 huiusmodi
479 559 579 592 rebus
605 569 670 591 non
696 559 908 592 cousuetudo
933 561 1096 602 quaedam
1124 561 1231 601 valet,
1265 559 1325 592 sed
1352 570 1432 593 sen-

89 628 195 660 tentia
219 627 382 669 cuiusque
408 627 474 659 loci
500 626 578 668 quid
605 626 754 669 postulet
780 625 971 658 videndum.
1030 627 1141 669 Atque
1177 625 1228 658 liic
1263 626 1431 659 sententia

90 697 159 727 est:
194 693 250 726 alii
276 691 409 725 divitias
435 690 599 731 habeant,
626 701 692 733 ego
718 690 901 734 despiciam
928 690 1031 732 dites,
1067 692 1155 725 unde
1181 693 1287 734 liquet
1312 702 1432 725 neces-

89 762 177 794 sario
202 761 341 794 verbum
367 760 510 803 primum
537 759 646 791 locum
674 768 842 802 occupare
868 759 1006 793 debere.
1056 759 1157 795 Quod
1191 759 1313 792 deinde
1347 769 1432 792 nova

90 827 259 871 oppositio
286 831 338 860 est
359 828 446 860 inter
471 826 590 859 dites
617 829 651 858 et
677 825 857 867 famem,
883 826 1006 858 nullius
1028 825 1081 859 hic
1103 830 1154 859 est
1178 827 1349 867 momenti,
1376 826 1432 858 ubi

89 898 168 926 ante
193 893 304 926 omnia
330 902 437 925 nexus
462 901 538 925 cum
564 890 784 933 sequentibus
810 891 1026 935 spectandus.
1055 908 1098 918 ·-—

450 1186 1071 1233 ELEGIA·11.

563 1443 968 1486 INTRODUCTIO.

89 1595 206 1653 Cum
232 1617 356 1659 Elegia
379 1617 420 1651 V.
447 1618 574 1661 scripta
599 1618 643 1650 sit
668 1621 746 1650 ante
772 1615 868 1658 lianc,
896 1617 1004 1649 lector
1028 1616 1171 1659 primum
1192 1613 1297 1648 adibit
1323 1614 1436 1646 Intro-

89 1686 285 1718 ductionem
312 1685 353 1717 ad
380 1685 491 1725 illam3
516 1684 559 1716 ad
584 1694 685 1726 quem
712 1684 824 1716 locum
850 1683 939 1714 enim
965 1683 1011 1715 ibi
1038 1682 1241 1715 deduximus
1267 1682 1437 1713 narratio-

89 1761 164 1784 nem
190 1761 302 1783 rerum
328 1750 474 1790 Tibulli,
512 1751 555 1782 ab
590 1761 631 1783 eo
664 1760 752 1782 nunc
787 1759 861 1782 eam
888 1749 1132 1782 continuamus,
1194 1748 1348 1781 Vidimus
1375 1757 1436 1779 au-

90 1822 158 1850 tem
183 1818 252 1850 illic
277 1821 469 1860 postremo,
498 1816 672 1848 Tibullum
699 1817 732 1848 in
758 1816 902 1858 gratiam
928 1816 1039 1848 redire
1064 1815 1211 1848 voluisse
1237 1824 1312 1846 cuin
1337 1813 1436 1845 Delia

90 1895 133 1917 ex
170 1883 312 1916 discidio
338 1887 417 1916 ante
446 1886 531 1915 orto.
581 1881 659 1914 Hoc
683 1892 749 1914 uon
775 1881 890 1914 statim
917 1881 1075 1913 effectum
1103 1879 1247 1913 videtur.
1300 1879 1435 1910 Disces-

89 1951 133 1982 sit
157 1949 293 1991 quidem
318 1953 448 1982 amator
473 1950 538 1982 iste
562 1948 675 1990 dives,
711 1948 770 1981 sed
807 1947 924 1980 aderat
959 1948 1023 1980 iam
1051 1946 1156 1986 alius,
1192 1946 1220 1978 si
1245 1955 1325 1978 vere
1351 1944 1436 1976 dixit

89 2018 190 2058 poeta
216 2015 248 2047 in
276 2015 370 2047 exitu
397 2016 554 2057 quintae3
580 2013 741 2056 quidquid
768 2014 852 2055 fuit,
878 2014 976 2046 Delia
1004 2023 1069 2045 non
1095 2012 1151 2044 diu
1181 2015 1257 2054 post
1282 2011 1436 2054 nupsisse

88 2080 222 2112 videtur
247 2081 278 2112 ei
304 2080 396 2120 viro,
433 2080 490 2121 qui
517 2079 568 2112 hic
594 2084 627 2112 et
653 2080 686 2112 in
711 2083 808 2112 sexta
843 2080 954 2121 elegia
979 2081 1198 2111 memoratur.
1254 2077 1347 2109 Fieri
1374 2076 1437 2108 boe

90 2147 202 2188 potuit
237 2148 368 2177 aestate
402 2155 477 2177 ann.
503 2148 584 2178 725.
645 2145 770 2178 Verum
797 2145 953 2177 Tibullus
989 2143 1202 2176 nihilominus
1238 2145 1436 2185 persecutus

90 2216 142 2244 est
168 2212 377 2255 propositum
405 2222 513 2252 suum,
540 2217 718 2255 postquam
745 2211 853 2244 hieme
879 2211 1034 2253 sequenti
1060 2210 1093 2242 in
1118 2209 1237 2241 urbem
1264 2207 1434 2247 redierat3

89 2276 152 2309 fuit
176 2280 254 2309 ante
280 2277 413 2309 ianuam
439 2277 585 2320 puellae,
610 2280 647 2308 ut
673 2276 725 2309 hic
751 2276 912 2317 videmus,
939 2279 974 2308 et
999 2274 1088 2307 haud
1113 2274 1214 2308 dubie
1240 2275 1348 2307 varias
1375 2284 1434 2305 oc-

90 2343 243 2376 casiones
262 2343 445 2383 invenerat,
470 2343 592 2385 quibus
615 2353 735 2386 preces
757 2353 835 2376 suas
855 2346 1027 2386 repeteret
1049 2343 1177 2374 Deliae.
1227 2341 1286 2373 Sic
1309 2340 1435 2373 factum

90 2413 128 2441 ut
160 2409 295 2442 tandem
332 2419 418 2442 nova
452 2410 614 2452 promissa
647 2409 689 2442 ab
721 2413 833 2442 amata
867 2409 980 2442 ferret.
1041 2412 1153 2449 Atque
1178 2406 1239 2439 liae
1265 2410 1364 2438 nocte
1391 2415 1434 2437 ex

91 2474 291 2517 composito,
317 2478 354 2507 ut
379 2474 522 2514 videtur,
548 2478 686 2506 venerat
712 2475 856 2517 primum
881 2477 1071 2506 tentaturus
1097 2482 1183 2505 nova
1209 2472 1338 2504 limina:
1373 2470 1433 2503 sed

92 2546 173 2569 ecce
199 2542 335 2580 praeter
359 2540 651 2583 exspectationem
677 2538 812 2571 clausae
836 2539 1051 2581 reperiuntur
1075 2537 1186 2578 fores,
1221 2537 1435 2580 positamque

92 2602 278 2636 custodiam
305 2604 421 2637 fallere
448 2605 546 2637 Delia
571 2615 637 2637 non
671 2603 783 2636 audet.
840 2602 943 2636 Errat
978 2602 1031 2636 liic
1056 2603 1204 2636 Vossius
1231 2611 1437 2643 magnopere

91 2666 261 2708 scribens,
297 2667 470 2703 Tibullum
496 2674 578 2711 tum,
604 2679 678 2703 cum
707 2669 851 2713 primum
879 2679 896 2701 e
923 2669 1073 2710 Corcyra
1101 2667 1206 2700 redux
1233 2667 1272 2699 ad
1300 2667 1435 2700 domum
