1721 2953
584 115 831 158 TIBULLL
1210 127 1377 154 chxxxv

34 231 272 272 Tibulliano
301 230 375 281 IV,
401 233 449 280 2,
481 232 548 269 11,
593 230 674 269 Urit
701 243 766 269 seu
793 250 851 259 ——
883 229 965 269 Urit
996 241 1074 269 seu.
1137 224 1263 277 Quod
1300 227 1383 266 Ba-

34 308 150 347 chius
180 314 316 348 censet
343 305 500 359 ubique
529 319 594 345 nec
615 328 673 336 —
691 318 757 344 nec
787 319 810 344 a
830 304 1000 345 Tibullo
1026 303 1198 355 dictum,
1226 304 1386 343 nullam

31 382 224 422 idoneam
264 394 428 421 causam
469 380 560 420 talis
601 381 767 432 regulae
810 389 1006 432 exputes‚
1053 394 1129 420 nee
1169 393 1269 420 vera
1306 393 1388 418 res.

32 459 166 498 Porro
195 464 416 508 corruptus
450 457 560 497 visus
591 457 708 495 locus
741 456 814 506 IV,
844 461 881 504 7,
913 461 950 494 8.
987 457 1047 496 Ne
1077 457 1176 506 legat
1209 455 1250 494 id
1276 467 1387 511 'nemo

33 532 134 571 mihi
162 545 248 571 non
277 530 445 571 videtur
473 529 707 571 mutandus.
766 531 902 570 Etiam
932 530 1097 571 omissio
1126 529 1388 583 pronominis

34 609 167 660 aliquis
195 607 232 656 Ι,
263 611 307 658 6,
337 610 404 646 53.
435 605 602 646 defendi
634 620 756 659 posse
788 606 974 656 videtur,
1014 614 1160 658 utpote
1188 606 1231 644 in
1263 602 1391 642 alacri

34 683 235 722 schemate
267 681 457 722 admissa.
525 681 705 724 Suavem
736 681 942 736 quendam
974 695 1095 721 usum
1125 680 1286 719 relativi
1317 694 1390 718 ex-

34 756 160 809 plicui
194 757 245 797 ad
278 758 337 808 ΙΙ,
369 761 415 808 3,
445 758 515 797 43.
582 757 694 797 Nota
722 771 823 798 vero
858 757 1024 796 omissio
1054 756 1316 808 pronominis
1345 755 1391 794 in

36 833 186 872 talibus
219 834 250 883 Ι,
282 839 319 881 8,
349 838 422 873 32:
456 837 517 872 cui
544 835 635 873 levia
654 832 803 885 fulgent
826 834 907 872 Ora
935 846 999 871 nec
1030 833 1223 885 amplexus
1255 845 1393 884 aspera

36 907 159 946 barba
187 911 283 948 terit.
324 909 398 959 IV,
421 913 459 960 2,
486 912 557 950 17:
587 910 679 949 Sola
704 910 912 962 puellarum
940 909 1056 958 digna
1087 915 1152 957 est,
1182 909 1245 946 cui
1269 907 1394 945 mollia

37 987 137 1023 caris
163 986 306 1024 Vellera
346 986 409 1025 det
446 989 564 1025 succis
604 987 658 1024 bis
696 984 918 1037 madefacta
950 986 1086 1038 Tyros5
1124 984 1396 1036 Possidealque

38 1067 114 1098 cet.
181 1059 333 1098 Miram
371 1061 578 1113 quandam
607 1061 814 1100 Husehkii
851 1059 1110 1112 opinionem,
1154 1071 1241 1097 non
1273 1071 1395 1110 posse

39 1135 230 1185 copulam
262 1148 354 1173 cum
384 1135 558 1175 relativo
587 1135 727 1186 iungi,
767 1134 949 1173 refutavi
987 1132 1039 1172 ad
1070 1134 1110 1183 Ι,
1141 1136 1185 1184 6,
1216 1134 1284 1172 40.
1342 1132 1397 1171 At

40 1209 372 1248 coniunctionem
408 1209 705 1262 pronominum
737 1210 1007 1249 relativorum
1044 1207 1089 1246 in
1126 1205 1269 1246 eadem
1304 1220 1398 1246 sen-

37 1285 168 1323 tentia
211 1298 299 1324 non
347 1283 511 1323 admisit
553 1286 660 1324 hanc
703 1283 815 1335 apud
860 1284 962 1322 alios
1005 1284 1153 1322 lectam
1201 1290 1241 1321 et
1285 1280 1397 1333 apud

39 1358 299 1411 Lygdamum
328 1359 400 1409 ΙΙΙ,
429 1362 465 1409 6,
489 1362 567 1399 23:
605 1359 744 1412 Quales
772 1359 829 1397 his
853 1372 994 1411 poenas
1024 1359 1144 1411 qualis
1165 1364 1398 1410 quantusque

39 1437 216 1484 minetur,
256 1434 450 1473 Cadmeae
485 1437 616 1473 matris
650 1434 802 1487 praeda
838 1441 992 1472 cruenta
1027 1433 1146 1472 docet.
1213 1431 1400 1485 SImplici

40 1523 140 1549 vero
172 1510 421 1562 pronomine
456 1509 588 1549 utitur
609 1509 764 1548 Albius
802 1509 843 1558 I,
876 1514 913 1559 7,
946 1512 1012 1547 15.
1069 1507 1272 1547 Notamus
1307 1508 1399 1546 alia.

41 1585 199 1624 Plurali
234 1600 299 1637 pr.
330 1584 528 1636 singulari
564 1584 772 1624 rarissime
806 1585 962 1635 utitur3
1003 1584 1059 1623 sic
1094 1597 1194 1624 vero
1226 1584 1405 1636 triumphi

41 1663 81 1712 Ι,
117 1668 153 1712 7,
187 1667 224 1702 5.
273 1664 335 1713 ΙΙ,
367 1666 412 1712 1,
444 1666 519 1712 33;
568 1663 691 1701 morbi
728 1662 802 1708 IV,
832 1664 909 1712 113
963 1669 1117 1700 ornatus
1149 1662 1187 1710 Ι,
1218 1664 1288 1711 10,
1321 1665 1400 1712 62;

42 1737 183 1776 reditus
209 1738 249 1782 I,
281 1741 329 1786 3,
356 1739 429 1787 133
457 1739 627 1789 strepitus
655 1735 809 1787 pedum
843 1737 883 1785 Ι,
913 1739 959 1785 6,
992 1740 1067 1786 623
1109 1736 1319 1774 concubitus
1349 1736 1401 1783 ΙΙ,

45 1815 93 1862 5,
129 1815 196 1852 53.
267 1810 414 1850 Certus
455 1810 620 1850 videtur
658 1811 855 1850 transitus
896 1824 920 1849 a
960 1811 1115 1863 plurali
1153 1809 1403 1850 substantivi

45 1887 98 1927 ad
132 1887 379 1939 singularem
417 1887 457 1937 Ι,
489 1890 535 1936 6,
567 1889 635 1926 55.
666 1888 754 1936 56.,
802 1885 919 1925 istius
956 1886 1039 1924 loci
1077 1885 1230 1924 rationi
1268 1893 1400 1938 aptus.

46 1964 286 2004 Subiectum
317 1964 512 2002 reiectum
539 1962 584 2000 in
608 1962 823 2003 relativam
852 1960 1177 2001 enuntiationem
1204 1960 1297 2002 vide
1327 1962 1402 2011 IV,

46 2041 85 2087 4,
113 2042 152 2077 9.
180 2043 244 2079 10.
301 2037 417 2076 Idem
446 2038 626 2090 positum
657 2045 751 2089 post
780 2051 826 2076 ne
860 2037 891 2087 Ι,
917 2039 956 2085 5,
982 2039 1070 2086 13.,
1116 2045 1210 2088 post
1240 2045 1280 2076 ut
1308 2038 1340 2085 Ι,
1366 2040 1404 2086 1,

50 2117 115 2153 18.
174 2113 360 2165 Simplex
391 2120 430 2152 et
457 2127 578 2153 rarus
618 2112 728 2165 apud
757 2112 928 2151 Albium
965 2113 1241 2153 ablativorum
1281 2114 1403 2152 abso-

46 2192 231 2229 lutorum
267 2203 387 2238 usus,
429 2196 476 2227 ut
502 2188 542 2238 Ι,
574 2192 620 2239 1,
651 2193 719 2229 72.
755 2203 850 2227 cano
879 2192 1022 2242 capite,
1068 2189 1099 2238 Ι,
1132 2192 1169 2239 6,
1197 2189 1267 2228 fin.
1303 2203 1404 2228 cana

48 2279 178 2315 coma,
209 2264 254 2304 in
283 2277 366 2318 quo
395 2265 571 2302 multum
596 2264 676 2303 sibi
700 2262 874 2303 indulsit
898 2264 1162 2316 Propertius,
1195 2264 1245 2304 cf.
1269 2263 1405 2302 Lach-

50 2353 189 2380 mann.
217 2337 268 2378 ad
299 2339 487 2391 Propert.
519 2344 645 2390 p.20.
701 2339 767 2378 De
799 2339 891 2378 loco
922 2338 994 2387 IV,
1027 2343 1069 2387 ὃ,
1098 2342 1136 2377 8.
1168 2337 1267 2378 illuc
1296 2337 1404 2387 vide,

52 2424 88 2453 et
121 2417 469 2455 constructionem
500 2415 783 2468 concubitusque
815 2421 896 2453 tuos
914 2413 1052 2466 surum
1084 2412 1135 2452 ad
1167 2414 1229 2465 ΙΙ,
1261 2417 1308 2463 5,
1336 2418 1405 2453 53.

52 2489 309 2531 Adiectivum
344 2505 408 2542 pr.
440 2489 662 2537 adverbio,
705 2498 749 2528 ut
788 2488 952 2539 dicunt,
998 2490 1216 2543 aliquoties
1254 2491 1405 2542 posuit,

54 2566 104 2604 cl.
134 2566 173 2610 1,
201 2566 245 2614 4,
274 2567 339 2605 34.
380 2567 450 2615 lv,
481 2567 526 2614 4,
561 2569 622 2605 tf).
655 2574 691 2604 et
723 2564 773 2604 ad
806 2570 851 2612 6,
881 2568 945 2605 15.
974 2563 1075 2605 ibid.
1136 2564 1404 2604 coniunctio-
