1721 2953
292 177 371 212 372
603 166 972 208 COMMENTAR.
1004 167 1061 205 IN
1092 165 1318 205 TIBULLI

249 283 261 288 ”
292 288 433 321 solvitur
466 286 712 325 argumentum.
774 281 986 324 usui-parunt
1024 280 1106 313 hanc
1142 279 1404 322 perpetuitatem
1440 278 1633 310 continuam

294 352 504 388 tractationis
530 349 631 383 etiam
658 349 715 381 alii
743 348 904 390 elegiaci,
929 359 948 381 a
974 349 1101 381 Tibulli
1130 357 1208 379 vero
1235 346 1365 378 ratione
1390 345 1499 377 aliena
1525 349 1586 377 est.

787 642 1139 686 EXPLICATIO.

387 821 573 854 v.1-32.
623 817 765 849 Curas
797 815 962 848 amoris
998 818 1044 847 ut
1079 813 1228 846 diluat
1266 815 1420 856 poeta,
1461 809 1638 842 excitat

293 902 336 923 se
363 895 406 923 et
432 888 600 920 amicos
620 884 668 917 ad
697 883 959 921 biben‹lum;
989 885 1151 925 potare
1176 878 1511 912 recusantibus
1537 885 1638 919 poe-

294 966 370 988 nas
407 951 571 986 Bacchi
612 950 861 982 denuntiat.
922 948 1040 980 Ecce
1083 956 1187 979 vero
1239 945 1445 986 resurgit
1486 942 1637 975 dolor!

294 1021 379 1055 Sed
417 1019 486 1052 hic
524 1018 673 1051 statim
710 1014 977 1058 reprimitur
1013 1016 1057 1045 et
1094 1014 1342 1045 revocatur
1379 1009 1550 1042 animus
1587 1008 1638 1039 ad

294 1097 495 1121 mensam.
547 1084 856 1118 Nihilominus
892 1080 1081 1114 nondum
1119 1077 1328 1111 succedit
1361 1086 1431 1108 res
1457 1078 1500 1107 et
1525 1074 1637 1106 rela-

294 1156 417 1188 bitur
450 1162 603 1185 rursus
638 1152 768 1193 poeta
795 1147 846 1180 ad
873 1145 1128 1179 tristitiam.
1156 1160 1201 1166 —-
1237 1141 1414 1185 Dispescui
1440 1149 1575 1172 carmen
1607 1139 1639 1171 in

295 1221 378 1254 duas
415 1223 528 1262 partes
563 1214 800 1259 explicationis
835 1210 1074 1245 commodioris
1109 1219 1231 1248 causa3
1271 1206 1473 1250 compositio
1507 1205 1638 1247 poetica

297 1286 381 1319 hanc
407 1285 604 1318 divisionem
631 1291 695 1313 non
726 1279 892 1321 agnoscit.

393 1352 433 1384 V.
462 1353 478 1382 1
507 1359 579 1390 sqq.
631 1345 835 1378 Candide
861 1343 1012 1376 Liber.
1064 1340 1207 1374 Confert
1232 1340 1512 1373 BRoncKHusms
1539 1338 1638 1370 omi.

295 1418 390 1451 Fast·
425 1415 486 1455 Ill,
519 1415 598 1446 772.
636 1417 670 1444 et
704 1413 840 1443 SENEC.
877 1410 962 1441 Oed.
990 1412 1080 1440 508:
1126 1406 1286 1450 Altaque
1325 1406 1521 1436 caeruleum
1560 1404 1639 1434 dum

298 1485 412 1516 Nerea
439 1479 567 1512 nesciet
599 1478 751 1510 Arctos,
788 1475 945 1507 Candida
974 1472 1127 1517 soruwsi
1164 1470 1403 1503 venerabimur
1427 1481 1489 1502 ora
1517 1470 1639 1513 Lyaei.

296 1550 361 1583 Est
395 1549 499 1590 igitur
536 1543 708 1576 candidus
735 1552 786 1586 pr.
813 1539 974 1585 pulcher3
1012 1543 1122 1571 tamen
1149 1538 1246 1570 simul
1274 1538 1398 1569 laetum
1424 1547 1499 1569 esse
1525 1546 1638 1568 recor-

297 1615 431 1648 daberis
465 1610 645 1645 candorem
681 1606 962 1651 pulchritudinis3
1001 1615 1077 1636 nam
1114 1604 1203 1635 laeta
1240 1601 1489 1644 pulchritudine
1525 1602 1639 1644 splen-

298 1682 433 1716 dentem
468 1677 636 1720 appellat,
675 1676 714 1705 ut
748 1671 900 1704 laetitiae
937 1669 1084 1701 faustum
1125 1666 1277 1700 datorem
1314 1667 1481 1709 designet.
1541 1667 1641 1699 Hunc

299 1748 386 1780 enim
415 1747 526 1778 vocat.
546 1759 590 1765 —-
617 1740 682 1773 sic
707 1738 788 1780 sit,
813 1737 856 1770 cf.
883 1736 926 1769 de
951 1735 1095 1768 formula
1118 1734 1160 1767 ad
1186 1734 1212 1775 Ι,
1238 1736 1331 1776 4,1.
1381 1734 1425 1767 At
1451 1734 1642 1775 mystica

299 1813 409 1846 vitis
445 1821 513 1853 quo
547 1817 647 1841 sensu
682 1805 814 1839 dicatur
847 1804 1028 1837 obscurum
1064 1805 1126 1835 est.
1176 1801 1310 1835 Vellem
1335 1799 1469 1842 thyrsus
1495 1800 1640 1842 intelligi

297 1881 425 1922 posset,
450 1875 509 1907 sed
538 1884 603 1906 non
624 1875 755 1905 constat
781 1870 823 1903 de
849 1868 911 1902 hoc
937 1879 999 1902 usu
1025 1868 1111 1901 vitis.
1152 1867 1352 1900 Tummnus
1377 1866 1460 1899 Λᾶν.
1487 1866 1526 1900 L.
1545 1866 1642 1905 XIX,

300 1957 328 1977 c.
359 1946 415 1974 30.
451 1941 619 1983 implexos
653 1937 771 1969 vitium
806 1934 972 1978 pampinis
997 1932 1131 1975 thyrsos
1164 1932 1286 1975 respici
1314 1934 1410 1975 putat
1433 1930 1477 1963 ab
1502 1931 1641 1964 initiatis

299 2014 435 2050 gestos,
470 2007 751 2038 Bnoncxnusrus
777 2007 879 2045 caput
904 2003 972 2034 rite
997 2004 1123 2034 tectum
1149 2001 1183 2033 in
1211 1999 1316 2042 orgiis
1341 2002 1508 2032 memorat
1534 1999 1639 2032 Ovm.

299 2076 382 2108 Met.
411 2073 469 2113 Vl,
494 2074 576 2103 592.
629 2068 724 2101 Unde
761 2068 931 2100 HnYNms
963 2066 1099 2099 scribit:
1140 2064 1310 2109 mystica,
1345 2064 1423 2106 quia
1455 2064 1528 2096 eius
1560 2073 1641 2096 usus

301 2141 335 2172 in
369 2137 537 2179 mysteriis
569 2139 669 2176 atque
704 2133 809 2174 orgiis
843 2130 979 2164 Bacchi.
1037 2131 1243 2163 Miinmmus
1269 2139 1364 2162 meus
1389 2131 1504 2161 monet
1529 2139 1582 2161 me
1608 2129 1639 2160 in

299 2204 455 2239 Yasculis
481 2201 633 2243 Italici52
666 2209 752 2241 quae
779 2198 956 2238 dicuntur,
992 2196 1127 2239 saepius
1161 2204 1261 2229 manu
1291 2195 1394 2227 vitem
1427 2203 1488 2237 pro
1521 2192 1640 2236 thyrso

303 2274 474 2304 tenentem
500 2265 648 2308 conspici
677 2263 860 2305 Bacchum,
887 2273 987 2306 quem
1012 2272 1112 2295 usum
1135 2270 1269 2294 sacrum
1293 2260 1322 2292 si
1347 2259 1498 2303 respexit
1524 2264 1637 2303 poeta,

299 2334 457 2368 convenit
492 2334 711 2375 pentameter.
769 2329 885 2361 Habes
920 2328 1099 2369 imaginem
1140 2326 1195 2358 dei
1233 2324 1358 2357 hedera
1391 2328 1493 2367 caput
1527 2324 1640 2363 vincti,

300 2409 399 2432 manu
420 2399 521 2430 vitem
545 2395 706 2438 gerentis.
732 2412 777 2417 —-
809 2394 878 2426 Pro
897 2393 1003 2437 seros
1028 2392 1130 2424 Imm
1151 2391 1340 2423 maluerunt
1361 2399 1510 2431 geras,
1535 2391 1641 2420 recte.

299 2465 358 2497 Sic
389 2463 495 2496 VlltG.
522 2462 605 2494 Aen.
635 2459 692 2500 VI,
717 2461 804 2491 772:
843 2457 1008 2490 umbrata
1032 2462 1161 2501 gerunt
1197 2454 1292 2487 civili
1318 2461 1473 2498 tempora
1499 2464 1641 2497 quercu.

302 2533 351 2563 Ac
377 2539 442 2561 non
469 2528 600 2560 ridetur
617 2525 719 2570 serre
748 2524 809 2558 hoc
832 2524 934 2558 modo
960 2525 1085 2557 dictum
1112 2522 1154 2555 de
1180 2525 1276 2566 parte
1301 2519 1462 2562 corporis.
1482 2537 1528 2542 —
1555 2518 1639 2550 Mox

301 2598 477 2627 construe:
516 2595 558 2624 et
587 2601 635 2623 au
647 2590 685 2622 se
700 2600 725 2622 r.
776 2589 865 2622 Tum
891 2600 1001 2620 meum
1027 2587 1260 2631 interpositum
1286 2589 1384 2624 nota,
1417 2583 1459 2616 cf.
1487 2583 1528 2615 ad
1555 2582 1581 2624 1,
1608 2585 1642 2620 9,

301 2663 358 2693 25.
383 2677 428 2682 —
468 2658 562 2700 ipsc
599 2655 776 2699 pariter
812 2652 1096 2692 mefficande,
1135 2650 1190 2692 qui
1227 2650 1298 2692 ipse
1335 2648 1438 2682 etiam
1471 2647 1642 2681 amoribus
