1721 2953
269 136 348 177 164
590 130 606 167 (
613 128 957 173 ’OMMENTAR
989 130 1047 171 IN
1078 131 1303 173 TIBULLl

272 252 334 295 lX,
358 253 438 285 276.
475 245 694 281 venerandas
725 257 814 290 puer
848 253 988 292 propter
1024 248 1183 281 virtutem
1217 248 1341 282 dicitur
1365 248 1547 292 Euryalus.
1571 269 1615 274 -

273 320 392 353 circa
423 318 525 348 stet.
566 313 675 346 PIND.
699 311 754 345 Ol.
780 311 840 354 IV,
874 314 938 345 21:
981 315 1016 345 σέ
1043 309 1073 344 τ’
1108 309 1345 352 Ὀλυμπιόνικε
1372 315 1616 348 Ποσειδανίαι-

273 396 326 416 σιν
356 378 470 416 ἵπποις
501 373 756 422 ἐπιτερπόμενον
788 378 896 422 φέρειν
929 378 1036 422 γῆρας
1064 374 1216 418 εἷὲθυμον
1247 380 1278 416 ῖς
1312 377 1489 420 τελευτάν,
1524 380 1616 420 υἱῶν,

281 449 409 488 Ψαῦμι,
434 447 703 492 παρισταμένων.
733 463 779 470 -
818 445 859 478 V.
884 447 942 478 57.
968 450 1248 480 monumenta
1283 447 1390 482 viae.
1439 447 1532 481 Inter
1555 458 1619 491 op-

272 514 389 559 pidum
422 512 611 546 Tusculum
644 514 679 544 et
710 513 859 544 montem
896 509 1064 544 Albanum
1099 511 1263 545 transibat
1296 511 1419 545 Latina
1453 512 1528 554 via,
1573 511 1616 545 cf.

273 580 410 613 STRAB.
436 578 479 618 V,
509 589 543 621 p.
567 578 649 618 362,
676 576 737 616 A.;
772 573 857 608 hanc
881 574 986 617 igitur
1018 585 1107 609 nunc
1133 576 1388 619 intelligendam
1418 588 1494 611 esse
1519 582 1620 612 nota-

272 649 352 679 runt
375 645 591 687 interpretes,
639 642 835 686 Receperat
867 642 1018 676 Messala
1048 643 1142 676 iussu
1176 644 1324 686 Augusti
1359 647 1489 687 partem
1523 642 1622 677 huius

272 712 347 745 viae
370 711 422 744 vel
441 720 562 743 novam
587 709 641 743 vel
666 711 836 742 vetustate
858 708 1042 752 collapsam
1067 716 1109 741 ex
1135 708 1302 742 manubiis
1322 708 1557 750 sternendam,
1581 712 1619 741 ut

273 779 348 812 aliis
372 777 456 810 alias
481 776 553 810 vias
576 774 774 809 muniendas
796 773 977 807 mandabat
1000 774 1187 817 Augustus,
1211 773 1254 807 cf.
1276 775 1439 809 Sumow.
1460 774 1548 816 Aug.
1563 776 1621 807 30.

275 847 310 877 et
337 844 406 877 Dio
431 843 531 875 CASS.
556 841 650 883 Llll,
674 844 732 874 22.
782 841 869 874 Cum
894 851 937 874 ex
969 841 1156 882 manubiis,
1195 846 1233 874 ut
1258 841 1425 883 diximus,
1461 841 1622 874 stravisse

274 910 362 942 viam
387 908 541 941 videatur
566 908 734 948 Messala,
771 907 872 940 etiam
909 910 1092 950 propterea
1125 916 1192 940 non
1227 907 1338 951 potuit
1370 906 1479 940 aliena
1514 905 1621 938 videri

273 985 328 1008 res
362 974 405 1007 ab
440 977 561 1007 ornatu
595 973 771 1013 carminis,
809 971 900 1014 quod
930 971 1088 1004 bellicam
1121 971 1184 1005 viri
1216 971 1349 1005 laudem
1383 971 1539 1004 illustrat.
1573 988 1619 996 --

275 1046 498 1073 monumenta
521 1044 600 1073 sunt
625 1049 729 1083 opera
754 1039 908 1082 publica,
941 1042 978 1071 ut
1003 1038 1090 1071 bene
1116 1039 1266 1082 explicat
1290 1038 1476 1071 Hmmws.
1526 1036 1624 1079 Opus

274 1111 386 1140 autem
422 1106 631 1150 praeclarum
657 1104 762 1138 fuisse
789 1104 896 1146 liquet
925 1114 946 1137 e
970 1103 1094 1136 MART.
1122 1103 1216 1144 VIII,
1241 1105 1275 1144 3,
1299 1106 1354 1142 5.,
1391 1111 1493 1144 quem
1515 1101 1622 1134 Hm(-

275 1185 358 1208 mus
383 1172 516 1207 confert
544 1191 590 1195 —
616 1171 708 1205 Nee
735 1175 906 1212 taceat,
937 1171 1112 1204 celebrent
1135 1170 1320 1203 Tusculani
1345 1173 1380 1202 et
1406 1168 1527 1202 Albani
1549 1177 1622 1200 mu-

274 1240 480 1273 nificentiam
504 1238 696 1278 Messalae,
731 1246 873 1279 quorum
903 1236 1051 1269 maximo
1077 1235 1259 1269 commodo
1284 1238 1390 1267 strata
1415 1237 1468 1266 est
1491 1234 1544 1266 via
1578 1231 1624 1265 ad

273 1305 392 1338 urbem
417 1305 611 1338 ducens·--
637 1304 746 1336 Alba
771 1304 957 1346 antiquo
985 1303 1118 1345 Lare,
1148 1301 1181 1336 h.
1199 1313 1229 1336 e.
1252 1312 1338 1344 quae
1356 1302 1531 1341 antiquum
1552 1301 1622 1334 La-

275 1381 345 1403 rem
374 1369 496 1411 habet,
521 1373 559 1403 ut
581 1372 660 1402 sunt
685 1369 787 1401 etiam
812 1367 946 1400 urbium
972 1372 1006 1400 et
1031 1368 1205 1401 civitatum
1233 1367 1352 1408 Lares,
1377 1366 1420 1400 cf.
1447 1365 1624 1400 Menneu.

274 1435 316 1468 de
342 1435 497 1468 Etruscis
528 1435 627 1467 Toni.
652 1433 696 1475 ΙΙ,
731 1444 764 1476 p.
788 1435 846 1466 91.
896 1433 1027 1465 Sensus
1052 1432 1177 1475 igitur:
1213 1432 1298 1465 Alba
1323 1432 1480 1473 antiqua,
1511 1430 1621 1464 Albae

273 1504 413 1545 antiqua
435 1501 546 1543 sedeS,
580 1510 656 1534 cum
682 1502 774 1532 esset
798 1498 968 1540 antiquior
992 1498 1115 1532 Roma.
1142 1515 1185 1523 —
1214 1497 1423 1531 Candida.
1474 1497 1554 1530 Noli
1579 1496 1622 1530 de

273 1569 438 1602 aedificiis
471 1568 565 1600 urbis
596 1566 684 1599 sorte
720 1564 873 1598 candidis
906 1565 1084 1607 cogitare3
1121 1569 1324 1608 perpetuum
1361 1562 1536 1607 epitheton
1567 1573 1621 1596 re-

271 1636 417 1677 quiritur
450 1635 482 1668 in
517 1635 576 1668 tali
609 1633 837 1676 descriptione
872 1631 951 1664 loci.
1011 1631 1128 1667 Quare
1153 1631 1266 1674 potius
1291 1642 1311 1664 a
1335 1634 1449 1664 monte
1477 1630 1621 1672 Albano,

273 1702 305 1734 in
332 1701 428 1734 cuius
453 1701 540 1733 clivo
561 1699 626 1731 sita
651 1701 723 1731 erat
747 1697 849 1738 urbS,
874 1695 940 1729 dici
967 1696 1110 1730 candida
1135 1696 1289 1738 videtur3
1331 1696 1508 1740 probabile
1534 1697 1622 1730 enim

271 1766 381 1799 solum
407 1764 585 1798 candidum
613 1763 716 1796 fuisse
742 1764 796 1796 vel
820 1764 938 1796 visum.
990 1763 1049 1796 Sic
1075 1763 1250 1796 candidas
1276 1763 1409 1796 Anxur
1434 1763 1618 1796 Minna.

274 1832 316 1873 V,
344 1835 374 1865 1.
412 1835 464 1865 est
499 1841 599 1873 quem
634 1830 824 1863 Honnms
859 1831 932 1864 Sat.
969 1830 994 1872 1,
1020 1833 1054 1872 5,
1079 1833 1144 1864 26:
1184 1829 1385 1875 impositum
1418 1829 1517 1862 saa-is
1548 1830 1621 1863 late

273 1896 506 1930 candentibus
531 1896 690 1940 appellat.
749 1896 797 1929 Et
828 1896 873 1928 ibi
910 1896 1046 1938 quidem
1081 1896 1262 1929 calcarium
1293 1896 1406 1931 solum
1431 1895 1535 1929 fuisse
1559 1896 1623 1929 do-

272 1968 352 1997 cent
385 1964 516 1995 ScHOL.
550 1963 690 1995 Pom‘n.
723 1961 766 1995 ad
803 1961 926 1995 Horat.
977 1963 1142 1995 Similiter
1177 1958 1284 2006 ιῖργής
1316 1958 1479 1998 Κολωνός
1511 1962 1623 1995 dictus

271 2030 383 2062 Sor-n.
409 2027 496 2061 Oed.
522 2027 597 2061 Col.
623 2030 704 2061 670.
741 2028 854 2060 collat.
879 2028 1036 2069 Senon„
1070 2031 1271 2071 spectatque
1302 2028 1421 2062 eodem
1447 2027 1622 2071 epitheton

272 2094 405 2127 urbium
431 2089 614 2137 α’ργινὸεις,
639 2091 682 2125 cf.
709 2096 857 2125 annotat.
886 2098 990 2126 nostr.
1017 2093 1058 2126 ad
1085 2094 1194 2127 Pmn.
1219 2093 1357 2136 Fragm.
1382 2105 1414 2138 p.
1438 2097 1518 2128 666.
1568 2094 1622 2127 Ad

271 2158 413 2192 Latinos
438 2163 476 2191 ut
502 2161 670 2199 revertar,
695 2167 749 2200 ap.
775 2157 963 2190 Pnovfflmu
988 2157 1050 2199 111,
1078 2160 1132 2200 16,
1158 2161 1200 2192 3:
1239 2158 1392 2190 candida
1416 2170 1489 2204 qua
1511 2159 1621 2204 gemi-

271 2237 338 2258 nas
364 2224 555 2258 ostendunt
582 2222 736 2255 culmina
761 2230 900 2260 turres,
927 2235 993 2258 nou
1016 2229 1093 2258 sunt
1118 2225 1254 2259 aedium
1278 2225 1394 2266 credo,
1418 2229 1456 2258 ut
1481 2225 1620 2268 quibus—

273 2289 349 2323 dam
376 2290 493 2329 visum,
518 2288 578 2321 sed
605 2290 728 2322 montis
753 2290 898 2322 culmina
921 2289 1104 2331 Tiburtini,
1131 2290 1188 2323 ubi
1213 2290 1300 2324 duae
1324 2295 1446 2325 turres.
1494 2291 1532 2323 ln
1558 2289 1619 2322 de-

271 2355 455 2399 scriptione
479 2354 612 2387 Romae
638 2365 657 2386 a
682 2355 903 2396 PtATNssRo,
934 2355 1142 2397 Bon-sumo,
1168 2358 1400 2397 GERHAmm,
1426 2355 1617 2388 Rousmn-

274 2429 334 2452 mo
358 2429 465 2463 nuper
490 2418 580 2452 edita
607 2419 732 2461 legitur
758 2431 789 2462 p.
811 2422 874 2452 63:
903 2419 994 2454 „Die
1019 2419 1144 2453 steilen
1169 2419 1376 2453 Felswlinde
1401 2431 1467 2453 von
1497 2419 1621 2456 Tivoli,

271 2485 398 2518 welche
423 2484 498 2518 sicli
524 2482 753 2517 zcaezmittelbar
779 2496 845 2516 aas
874 2483 932 2517 der
951 2483 1067 2517 Ebene
1092 2484 1143 2517 bis
1168 2497 1212 2517 za
1238 2487 1334 2518 2000
1348 2486 1440 2516 Fass
1465 2483 1618 2521 ostrehen,

271 2549 353 2583 sind
382 2561 478 2595 ganz
513 2560 579 2581 aas
613 2548 848 2593 lichlgrauem
885 2549 1024 2582 dt'clzlen
1051 2549 1254 2583 Kalkslciue
1278 2549 1467 2596 gebildet.“
1516 2550 1618 2587 Quod

277 2617 421 2659 deniqne
447 2616 656 2650 Hcscnmvs
683 2615 802 2649 Horat.
838 2615 948 2658 Epist.
975 2615 1000 2653 l.
1027 2618 1084 2649 29.
1122 2615 1269 2649 confert:
1313 2615 1385 2647 Mc
1411 2621 1449 2648 ut
1476 2616 1618 2660 sapewic·

1696 2654 1714 2687 ἓ]

1702 2690 1710 2704 Ι
