1721 2953
307 128 369 173 52
703 122 944 171 TIBULLI
996 124 1106 171 Llss.
1141 124 1193 169 ll.
1219 135 1253 172 5.

327 253 460 317 5Ipse
500 246 759 314 triumphali
792 247 1022 297 devinctus
1053 261 1256 315 tempora
1291 247 1442 305 lauro,-

428 338 549 384 Dum
586 333 816 382 cumulant
851 354 975 394 aras,
1019 336 1076 383 ad
1114 347 1188 383 tua
1221 353 1348 382 sacra
1382 333 1494 381 veni.

365 424 454 471 Sed
486 422 656 469 nitidus
692 421 969 488 pulcherque
1004 422 1125 469 veni:
1161 441 1283 469 nunc
1319 421 1457 468 indue
1494 431 1657 467 vestem

429 509 710 575 Sepositam,
756 508 914 572 longas
949 527 1070 555 nunc
1106 508 1221 555 bene
1256 519 1382 573 pecte
1419 525 1594 564 comas,

356 594 548 659 Qualem
586 607 626 642 te
663 606 914 641 memorant
943 595 1139 641 Saturno
1173 613 1276 658 rege
1310 594 1462 658 fugato

305 696 350 730 10
430 682 600 729 Victori
639 680 795 728 laudes
827 680 1110 727 concinuisse
1143 680 1248 726 Iovi.

358 770 427 816 Tu
464 767 625 834 procul
664 779 874 815 eventura
910 766 1058 823 vides,
1103 766 1184 813 tibi
1222 765 1400 812 deditus
1438 783 1582 828 augur

427 855 521 902 Scit
553 854 667 901 bene
704 853 815 919 quid
853 852 931 900 fati
965 851 1154 918 provida
1189 863 1333 900 cantet
1365 851 1481 907 avis,

355 943 516 1007 Tuque
550 940 669 1004 regis
703 951 869 997 sortes,
914 957 996 1004 per
1031 950 1071 985 te
1103 938 1347 1003 praesentit
1383 954 1595 1002 al'uspeX‚

424 1027 621 1074 Lubrica
652 1026 844 1090 signavit
880 1044 981 1072 cum
1020 1024 1129 1071 deus
1166 1036 1262 1071 exta
1297 1024 1439 1070 notis:

304 1114 424 1161 15Tc
462 1113 575 1160 duce.
604 1114 836 1159 Romanos
871 1129 1104 1175 nunquan]
1136 1111 1349 1157 frustrata
1372 1107 1546 1176 Sibylla
1580 1118 1658 1165 est,

427 1199 596 1246 Abdita
633 1216 747 1264 quae
779 1197 898 1244 senis
934 1197 1025 1243 fata
1063 1196 1182 1244 canit
1216 1196 1432 1261 pedibus!

360 1287 569 1343 Phoebe,
619 1304 768 1332 sacras
800 1283 1095 1330 Messalinum
1133 1283 1229 1329 sine
1265 1294 1448 1345 tangere
1480 1279 1657 1327 chartas

423 1373 574 1429 Vatis,
618 1383 659 1418 et
696 1371 792 1435 ipse
829 1388 991 1434 precor
1024 1368 1148 1433 quod
1184 1380 1316 1414 canat
1349 1367 1424 1414 illa
1461 1366 1584 1413 doce.

359 1461 481 1507 Haec
517 1458 642 1505 dedit
659 1456 836 1503 Aeneae
867 1467 1022 1512 sortes,
1059 1466 1299 1519 postquam
1334 1452 1407 1498 ille
1426 1463 1657 1518 parentem

305 1556 354 1590 20
431 1545 610 1592 Dicitur
645 1555 686 1590 et
721 1554 874 1607 raptos
910 1540 1175 1587 sustinuisse
1208 1540 1359 1585 Lares.

361 1633 453 1679 Nec
490 1631 585 1677 fore
623 1629 832 1677 credebat
868 1628 1074 1682 Romam⁷
1111 1645 1216 1672 cum
1242 1635 1438 1671 maestus
1462 1618 1531 1670 *ab
1569 1621 1656 1669 alto

422 1718 539 1765 Ilion
577 1716 783 1764 ardentes
820 1713 1148 1778 respiceretque
1185 1711 1306 1758 deos.

366 1803 617 1868 (Romulus
651 1813 854 1849 aeternae
889 1799 1094 1846 nondum
1130 1797 1384 1844 firmaverat
1417 1795 1544 1842 urbis

429 1890 636 1947 Moenia,
680 1886 877 1936 consorti
912 1904 1005 1932 non
1042 1883 1291 1932 habitanda
1326 1884 1494 1940 Remo,

405 2098 520 2132 V.11.
556 2095 742 2129 deditus
773 2094 896 2139 probat
925 2093 1177 2126 LAcnmmNth
1204 2100 1280 2123 cum
1311 2089 1524 2129 Huscmuo,
1558 2096 1659 2129 quem

312 2164 464 2206 sequitur
489 2155 726 2195 Gomxmzi'vs.
778 2160 861 2193 Aliis
887 2160 1000 2202 placet
1026 2159 1133 2191 attera
1159 2156 1258 2189 tectio
1286 2153 1435 2186 debitas.
1457 2171 1499 2177 —
1548 2153 1661 2185 V.15.

311 2229 491 2271 Sibyita
518 2232 588 2260 est
613 2227 716 2269 vulgo
742 2225 819 2258 inde
846 2225 887 2257 ab
910 2227 1012 2257 Auno
1039 2225 1129 2255 1515
1154 2226 1257 2255 recte.
1307 2220 1559 2253 LACHMANNUS
1584 2227 1661 2250 cum

312 2295 405 2328 libris
440 2295 610 2337 plerisque
642 2297 693 2324 est
730 2291 855 2324 omisit.
917 2290 1007 2322 Mire
1033 2271 1189 2321 vossms'
1218 2297 1338 2330 prosae
1370 2285 1514 2318 orationi
1547 2283 1661 2326 potius

314 2359 493 2392 convenire
528 2361 623 2401 putat
655 2362 728 2398 ess,
772 2359 808 2388 111
844 2354 962 2388 confer
996 2353 1269 2396 Explicationem
1305 2350 1347 2384 ad
1382 2350 1416 2391 1,
1444 2352 1482 2390 1,
1507 2350 1565 2381 34.

410 2443 452 2476 V.
469 2445 522 2475 18.
548 2440 663 2484 quod
691 2440 765 2473 libri
791 2439 964 2483 plerique,
995 2436 1025 2470 h.
1049 2446 1079 2470 e.
1106 2436 1139 2470 id
1165 2435 1276 2479 quod,
1301 2438 1338 2467 ut
1363 2433 1447 2466 infra
1470 2433 1532 2475 111,
1551 2435 1583 2475 4,
1603 2436 1663 2468 50.

315 2510 375 2551 lv,
401 2511 442 2549 6,
472 2509 528 2540 15.

410 2591 452 2626 V.
468 2592 524 2623 23.
562 2588 593 2621 si
606 2599 620 2621 r
632 2598 662 2621 m
674 2598 691 2621 a
704 2598 720 2618 v
734 2597 752 2620 e
764 2597 779 2620 r
789 2597 807 2619 a
819 2590 833 2619 t
866 2590 970 2620 recte.
1031 2584 1096 2619 Alii
1123 2582 1351 2630 format-erat
1362 2607 1373 2624 ,
1399 2581 1640 2628 fundaverat.
