1721 2953
651 130 891 172 TIBULLl,
1363 139 1443 164 xxv

109 266 208 306 quas
249 251 312 291 vel
346 249 477 288 errori
508 248 571 287 vel
607 244 743 286 fraudi
778 244 932 284 debitas
963 242 1167 283 credibile.
1226 238 1449 292 Sulpiciam

106 329 231 367 fuisse
255 325 387 365 Servii
413 323 584 376 Sulpicii
608 322 704 361 Rufi
734 320 988 361 celeberrimi
1018 319 1152 367 filiam,
1183 317 1255 371 qui
1284 316 1450 356 Cicero-

107 403 168 441 nis
197 401 377 454 aequalis
407 407 505 449 erat,
535 399 608 453 qui
638 412 733 437 ann.
757 400 850 436 703.
881 397 1024 436 consul
1056 395 1132 435 suit
1161 402 1198 433 et
1232 393 1327 432 circ.
1357 395 1452 430 710.

105 489 312 531 mortuus,
360 479 444 520 vid.
490 479 685 519 Ellendtii
731 479 962 530 Prolegom.
1007 477 1058 517 ad
1103 476 1290 516 Ciceron.
1335 475 1453 512 Brut.

105 574 145 611 p.
167 558 259 598 CIII
282 572 382 612 sqq„
410 558 501 598 iure
532 557 712 597 dubitari
741 564 888 609 potest.
947 557 1001 595 At
1029 555 1134 595 filius
1157 552 1325 594 Servius
1357 550 1453 591 Sul-

104 635 235 687 picius
264 643 457 687 paternae
489 632 622 673 laudis
656 634 840 672 aemulus
877 631 1013 685 potuit
1050 639 1192 683 postea
1222 629 1347 668 filiam
1378 628 1454 666 ha-

106 712 215 761 bere,
244 711 359 750 cuius
388 718 496 749 aetas
527 709 678 749 nubilis
709 709 753 747 in
780 710 892 757 haec,
921 720 1025 761 quae
1060 704 1242 753 dicimus,
1268 711 1455 755 tempora

106 786 317 826 incideret.
375 786 481 826 Nam
513 800 599 826 non
629 799 716 825 esse
744 799 832 825 rem
863 783 934 823 diu
964 790 1057 821 ante
1089 789 1231 830 actam,
1260 777 1331 818 sed
1354 785 1452 817 tunc

106 865 242 916 ipsum
273 878 365 904 cum
397 865 577 905 carmina
607 863 908 910 scriberentur,
952 857 1130 900 ostendit
1170 857 1298 909 elegia
1336 857 1387 905 II,
1415 860 1455 894 2.

106 941 324 980 Messalam
366 941 541 979 amicum
582 938 728 979 domus
764 938 889 978 fuisse
925 943 1038 989 patet
1067 948 1119 974 ex
1149 947 1232 973 uno
1265 929 1456 983 elegidio-

108 1030 213 1066 rum,
242 1023 282 1055 et
315 1016 431 1056 facile
462 1015 653 1056 coniicias
681 1014 803 1053 etiam
832 1013 1045 1053 Tibullum
1069 1023 1146 1049 usu
1183 1022 1275 1047 cum
1304 1005 1458 1045 familia

110 1093 388 1132 coniunctum.
446 1090 513 1131 Sic
546 1091 635 1130 fieri
665 1089 813 1142 potuit,
844 1088 922 1139 aio,
950 1095 1007 1137 ut,
1040 1085 1138 1124 dum
1169 1083 1257 1135 ipse
1289 1081 1458 1121 vacabat

112 1181 262 1216 amore,
299 1167 422 1205 huius
451 1165 614 1214 amoris,
645 1178 767 1217 quem
797 1162 976 1212 vidisset,
1009 1165 1275 1213 componeret
1303 1155 1460 1196 suavis-

111 1243 252 1281 simam
285 1241 650 1289 adumbrationem,
681 1248 721 1278 et
748 1239 880 1291 possis
909 1236 1071 1277 Horatii
1101 1233 1314 1287 epistolam
1336 1243 1460 1284 quar-

112 1327 193 1357 tam
224 1317 436 1358 commode
467 1316 517 1356 ad
547 1318 625 1356 hoe
654 1324 814 1368 tempus
842 1326 1060 1353 revocare:
1200 1300 1202 1303 V

279 1393 386 1441 Albi,
419 1405 657 1432 sermonum
683 1399 920 1431 nostrorum
950 1386 1120 1428 candide
1151 1385 1290 1435 iudex,

280 1468 392 1518 Quid
424 1483 533 1509 nunc
561 1477 602 1508 te
633 1468 764 1509 dicam
793 1469 926 1507 facere
955 1467 1001 1505 in
1028 1465 1196 1516 regione
1226 1460 1403 1510 Pedana,

282 1545 471 1586 Scribere
505 1545 616 1600 quod
648 1545 761 1586 Cassi
791 1544 1024 1585 Parmensis
1057 1541 1256 1595 opuscula
1283 1538 1431 1585 vincat,

280 1624 345 1661 An
378 1623 546 1662 tacitum
575 1623 696 1662 silvas
723 1621 833 1661 inter
863 1627 1025 1673 reptare
1059 1613 1276 1657 salubres?

113 1699 146 1737 si
183 1705 271 1737 tum
310 1698 416 1736 forte
455 1699 499 1736 in
534 1697 749 1749 praedium
787 1705 1007 1736 secesserat
1044 1694 1211 1733 diutius.
1280 1691 1338 1729 Ac
1374 1689 1461 1729 dixi

114 1775 195 1813 iam
222 1787 358 1826 supra,
385 1774 430 1811 in
450 1774 716 1826 sequentibus
748 1774 798 1810 ab
823 1772 997 1810 Horatio
1025 1769 1154 1808 rideri
1178 1767 1343 1806 mollem
1374 1766 1462 1803 ani-

114 1863 227 1888 mum
255 1856 413 1901 poetae,
443 1848 527 1900 qui,
564 1846 698 1895 credo,
729 1846 852 1886 modo
881 1845 1038 1884 flebiles
1069 1845 1169 1882 istos
1201 1842 1335 1892 elegos
1364 1854 1463 1893 pro-

113 1934 204 1979 pter
248 1925 464 1978 Glyceram
506 1922 803 1963 decantaverat.
880 1921 998 1960 Circa
1038 1921 1117 1960 hoc
1159 1931 1258 1960 vero
1301 1926 1463 1970 tempus

114 2003 237 2042 etiam
267 2002 393 2053 elegia
422 2001 556 2053 prima
584 2001 681 2039 libri
711 1996 880 2039 secundi
909 1996 1032 2037 scribi
1059 1996 1214 2049 potuit,
1260 1994 1463 2049 siquidem

112 2079 156 2118 in
183 2080 255 2118 illo
286 2078 465 2117 carmine
495 2077 610 2116 nulla
638 2077 681 2116 stt
710 2076 863 2116 mentio
894 2075 1055 2127 puellae
1084 2087 1208 2127 quam
1238 2080 1345 2112 amet
1375 2069 1463 2124 (va-—²

115 2157 232 2195 cabat
262 2154 372 2193 enim
400 2151 578 2207 amore),
619 2166 712 2192 cum
742 2160 879 2190 tamen
908 2151 951 2188 in
983 2149 1162 2188 carmine
1190 2146 1242 2187 ad
1273 2147 1462 2187 Messali-

115 2246 232 2281 num,
264 2244 347 2284 quo
377 2238 561 2282 tempore
594 2227 803 2268 Nemesim
831 2239 966 2266 amare
996 2231 1207 2276 coeperat,
1236 2223 1356 2262 etiam
1387 2236 1463 2262 no-

115 2321 213 2347 vum
241 2307 352 2345 hunc
382 2318 564 2344 amorem
592 2315 913 2344 commemorare
943 2314 1029 2340 non
1056 2299 1331 2341 obliviscatur.
1389 2297 1463 2339 Sa-

117 2384 166 2423 tis
198 2382 247 2422 de
277 2382 356 2422 his.

228 2457 496 2498 Pervenimus
531 2471 639 2497 nunc
669 2472 717 2497 eo
750 2465 795 2496 ut
835 2456 883 2497 de
913 2457 1062 2497 Nemesi
1098 2453 1268 2495 dicatur.
1326 2454 1462 2493 Dubi-

119 2536 194 2575 tari
224 2537 365 2590 nequit
396 2536 519 2576 suissc
554 2538 658 2576 hane
684 2533 940 2575 meretricem
970 2532 1147 2575 maxime
1179 2532 1398 2584 superbam
1423 2539 1461 2568 et

120 2626 303 2662 avaram,
349 2621 386 2652 et
417 2614 530 2653 nullo
565 2622 745 2665 te111p01·e
778 2614 848 2651 uni
888 2612 1053 2651 Tibullo
1095 2609 1312 2658 addictam,
1357 2622 1460 2661 quac.
