1721 2953
642 101 882 144 TIBULLI.
1335 117 1432 140 ant

86 235 216 261 unum
248 229 306 260 cst
336 218 448 273 quod
476 218 833 273 praemonendum
867 218 1043 259 videam.
1103 217 1221 268 Scio,
1252 218 1338 257 sine
1371 219 1433 257 in-

85 300 227 350 genio,
265 299 472 338 alacritate
503 298 764 351 phantasiae,
806 297 946 347 vigore
978 284 1172 336 sensuum
1203 309 1287 335 non
1313 309 1434 347 posse

84 374 172 413 fieri
202 375 382 414 carmina
412 389 509 415 vere
537 377 712 428 poetica,
741 374 813 415 sed
841 375 919 412 hae
949 387 1016 413 res
1047 374 1248 412 maximae
1279 374 1436 413 censeri

85 449 234 488 debent
264 457 387 503 atque
420 451 541 489 etiam
573 465 596 489 a
625 463 690 489 me
722 457 963 500 censentur3
1004 462 1149 489 verum
1187 449 1270 487 scio
1312 448 1433 487 etiam

82 526 181 576 hoc,
219 526 372 577 ingenii
411 527 544 567 forma
583 536 622 567 et
660 540 740 566 usu
779 526 1030 566 tractationis
1061 524 1173 564 nasci
1204 524 1433 564 necessario

81 601 310 642 distinctam
338 603 544 656 quandam
573 604 751 657 speciem
780 601 1087 656 compositionis
1110 601 1323 653 propriam
1348 614 1434 639 car-

79 679 257 719 minibus
287 678 469 719 eiusdem
498 688 645 733 poetae
677 681 883 720 omnibus.
939 679 1057 718 Hanc
1086 677 1251 728 ingenio
1282 676 1435 729 pariter

80 764 120 795 et
151 756 228 795 arti
258 754 437 794 debitam
470 770 580 795 nunc
611 758 848 809 quaerimus
877 755 921 793 in
948 752 1105 793 Tibulli
1134 751 1273 804 poesi3
1306 765 1434 804 quare

80 832 166 870 noli
189 831 368 883 credere,
399 833 456 872 mi
480 835 621 883 lector,
654 832 856 884 negligere
883 844 958 871 nos
988 831 1201 882 ingenium
1232 838 1271 869 et
1299 830 1432 881 phan-

78 909 220 949 tasiam
258 911 461 962 poeticam
498 919 538 951 et
579 911 697 962 talia,
739 910 773 950 si
816 911 969 950 formas
1012 908 1110 948 dum
1151 909 1433 961 explanamus,

79 998 163 1023 non
186 987 409 1038 repetimus
430 988 474 1026 in
506 1001 672 1040 quaque
694 987 844 1039 pagina
874 986 997 1026 etiam
1019 984 1135 1035 illud,
1166 983 1279 1038 quod
1309 999 1432 1024 nemo

77 1063 226 1113 nescit,
271 1072 451 1104 ceterum
485 1079 562 1117 per
599 1073 733 1104 totum
770 1065 881 1104 hunc
924 1065 1079 1104 librum
1118 1062 1257 1102 multis
1298 1061 1432 1101 modis

78 1139 346 1189 significatum
384 1139 537 1180 videas.
603 1139 926 1193 Disquisitiones
967 1139 1016 1178 de
1057 1137 1354 1190 compositione
1395 1145 1435 1176 et

77 1214 211 1252 forma
244 1228 417 1267 operum
447 1223 634 1256 veterum
665 1223 711 1254 ut
740 1214 1001 1254 difficillimae
1035 1223 1131 1253 sunt
1159 1214 1216 1253 ita
1246 1227 1431 1252 necessa-

75 1288 161 1327 riae
190 1291 381 1338 maxime,
415 1298 455 1329 et
487 1299 620 1329 tamen
653 1289 725 1330 vix
757 1299 817 1330 est
848 1289 961 1342 quod
990 1291 1114 1340 vulgo
1143 1289 1329 1342 iniquius
1366 1304 1431 1329 ac-

77 1365 240 1418 cipiant.
297 1366 388 1404 Hoc
418 1366 541 1417 igitur
570 1366 704 1405 facere
733 1365 833 1406 noli.
894 1366 981 1404 Iam
1010 1366 1225 1405 veniamus
1254 1364 1305 1404 ad
1329 1379 1431 1404 rem.

186 1445 361 1496 Propria
392 1451 451 1482 est
482 1444 654 1495 elegiae,
685 1452 729 1483 ut
761 1451 940 1494 constat,
969 1443 1162 1482 latior-et
1192 1443 1325 1481 fusior
1358 1457 1431 1481 ex-

72 1520 245 1571 positi03
286 1534 369 1559 non
410 1521 540 1572 tangit
579 1534 738 1559 summa
777 1528 937 1560 tantum
978 1520 1139 1571 fastigia
1178 1534 1341 1569 rerum,
1384 1528 1429 1564 ut

74 1594 151 1634 ode
181 1597 309 1635 multa
338 1597 520 1637 breviter
551 1598 825 1648 complectens
856 1597 1021 1636 sublimi
1051 1598 1216 1647 volatu,
1254 1596 1326 1636 sed
1357 1610 1429 1635 ex-

73 1669 218 1722 plicate
249 1679 288 1709 et
315 1672 488 1711 verbose
518 1680 740 1724 pertractat
764 1673 967 1721 affectum,
999 1686 1083 1725 quo
1113 1674 1221 1711 sorte
1249 1687 1428 1713 commo-

74 1754 195 1784 vetur
245 1745 428 1794 animus,
483 1761 574 1784 cum
614 1756 792 1786 metrum
833 1748 1055 1797 elegiacum
1095 1749 1351 1799 simplicitate
1393 1758 1430 1787 et

75 1818 343 1872 amplitudine
372 1820 479 1859 iusta
508 1834 608 1871 prae
640 1821 727 1859 aliis
761 1820 811 1860 ad
840 1821 919 1860 hoc
957 1821 1008 1861 sit
1049 1831 1190 1874 aptum
1231 1831 1270 1862 et
1307 1825 1428 1875 plane

72 1885 247 1945 sactum,
281 1910 355 1935 nec
385 1896 587 1934 habeatur
615 1894 725 1935 aliud
756 1898 887 1935 ullum
918 1896 961 1934 in
991 1897 1129 1950 lyricis
1160 1898 1429 1938 commodius.

73 1971 152 2011 Sed
185 1972 241 2010 ita
273 1973 317 2011 fit
355 1980 401 2010 ut
439 1971 560 2011 etiam
595 1973 772 2012 varietas
816 1971 1018 2025 quaedam
1056 1987 1198 2013 rerum
1240 1975 1427 2026 apprime

72 2047 287 2099 conveniat
309 2048 607 2102 elegiae,·quae
631 2049 748 2087 aliter
767 2048 884 2089 facile
908 2049 1047 2089 ieiuna
1071 2050 1115 2089 fit
1142 2058 1181 2088 et
1211 2050 1428 2103 languida3

69 2125 156 2177 ipsa
186 2133 334 2164 natura
370 2126 495 2165 huius
534 2140 708 2178 poeseos
746 2126 945 2167 invitante
977 2126 1224 2167 diffunditur
1254 2129 1424 2168 affectus

69 2203 114 2242 in
151 2203 286 2243 varias
334 2211 471 2255 partes
521 2212 560 2242 et
609 2204 690 2243 huc
730 2204 826 2243 illuc
872 2204 1069 2256 vertitur,
1119 2204 1249 2245 donec
1287 2207 1423 2247 levato

24 2271 30 2276 ¹
69 2288 233 2332 pectore
272 2280 430 2319 exitum
468 2281 797 2334 qualemcunque
839 2297 1002 2322 carmen
1034 2283 1231 2324 inveniatss
1297 2284 1425 2324 Vide-

69 2358 203 2396 bimus
234 2357 342 2395 infra
371 2364 418 2395 ut
448 2357 570 2395 etiam
609 2358 651 2396 in
692 2357 865 2409 simplici
898 2367 1142 2410 argumento
1184 2361 1321 2400 suavis
1352 2375 1424 2401 va-

69 2432 189 2473 rietas
220 2435 442 2473 affectuum
473 2435 602 2486 possit
632 2449 737 2485 esse,
768 2443 906 2474 tamen
936 2450 1022 2475 non
1052 2450 1174 2476 omne
1207 2452 1423 2489 argumen-

72 2515 158 2546 tum
192 2523 362 2561 magnae
398 2511 586 2550 varietati
616 2512 867 2551 tractationis
898 2522 1062 2565 aptum,
1103 2528 1177 2553 nec
1207 2523 1424 2566 poetarum

73 2587 254 2626 omnium
298 2590 508 2642 ingenium
547 2589 688 2630 simile.
759 2590 839 2632 Sed
870 2593 1078 2632 Tibullum
1119 2593 1285 2647 quidcnn
1324 2596 1425 2635 levis
