1721 2953
281 125 361 159 242
592 110 963 152 COMMENrAn.
996 111 1052 151 ΙΝ
1083 112 1310 153 TlBULLl

287 233 388 264 rebus
426 225 617 261 huiusmodi
653 235 762 267 genus
801 225 946 259 dicendi.
1020 227 1120 261 Quae
1157 236 1234 258 cum
1271 226 1318 258 ita
1355 227 1442 267 sint,
1481 231 1631 270 ‘apparet

285 295 364 339 quid
390 295 432 327 de
467 297 540 326 toto
567 293 643 326 loco
668 302 838 325 censeam.
888 293 941 326 De
966 293 1142 326 sententiis
1167 303 1254 335 quae
1280 290 1332 325 hie
1356 303 1375 325 a
1401 292 1540 326 Tibullo
1566 306 1629 336 po-

283 362 368 393 sitae
393 361 472 400 sint,
496 368 564 390 non
591 357 724 390 videtur
748 356 895 390 dubitari
926 368 1039 402 posse,
1064 368 1182 391 versus
1206 358 1248 391 ad
1275 368 1440 391 summum
1467 358 1552 392 duos
1577 363 1629 392 te-

282 436 401 460 nemus
423 436 534 460 veros.
559 444 604 450 --
646 425 689 459 V.
714 428 759 458 15
784 436 835 468 sq.
872 425 1086 460 fiscellae
1112 430 1208 460 erant
1232 426 1355 460 calathi
1387 428 1420 460 in
1445 438 1543 460 usum
1569 438 1630 460 co-

281 493 383 536 gendi
409 493 518 534 lactis,
543 492 587 524 cf.
616 492 757 525 COLUM.
786 492 864 535 VII,
887 496 921 534 8,
948 496 981 526 3.
1030 492 1102 526 Isto
1126 497 1291 537 tempore,
1315 494 1363 526 ait
1390 498 1502 537 poeta,
1529 493 1630 526 etiam

279 560 427 592 fiscellae
465 560 610 603 primum
651 558 772 592 factae.
833 559 921 593 Vide
958 564 1134 603 praeterea
1172 560 1331 593 laudante
1369 561 1630 593 Bnoncxnusm

281 625 478 660 Nemesian.
516 625 641 668 Eclog.
676 626 721 668 ll,
757 629 815 660 33.
873 627 1061 660 CALPURN.
1101 625 1223 668 Eclog.
1261 626 1324 667 111,
1357 629 1415 668 68,
1463 625 1556 666 VIII,
1597 628 1628 658 1.

282 694 430 726 VmGu..
454 693 576 735 Eclog.
600 693 645 734 ΙΙ,
670 695 729 726 72.
763 693 808 734 X,
833 696 890 727 71.
927 704 1003 727 cum
1037 694 1257 727 annotatione
1281 694 1423 735 Vossn,
1461 703 1504 726 ne
1529 694 1631 725 Gssn-

278 769 433 792 nummu
458 758 591 792 addam.
641 757 725 791 Erat
749 768 803 791 res
827 759 915 791 inter
948 760 1087 801 negotia
1114 763 1301 802 pastorum.
1328 778 1372 783 —
1413 759 1628 801 Raraque

277 828 343 858 etc.
392 824 574 857 confertur
609 825 716 858 OHD.
751 825 846 858 Fast·
879 825 939 868 IV,
975 829 1065 858 770:
1104 825 1263 871 dantque
1294 825 1386 858 viam
1412 824 1547 871 liquido
1575 824 1630 857 ι’ί-

279 891 375 924 mina
392 892 506 937 facta
531 903 617 925 sero.
637 910 680 915 —
706 893 748 926 V-
777 895 820 926 17
845 903 919 935 sqq.
970 892 1125 926 Observa
1150 896 1229 926 ante
1254 894 1366 926 omnia
1391 893 1424 925 in
1455 892 1505 925 his
1531 892 1630 924 disti-

277 958 350 992 chis
380 969 477 992 usum
508 957 700 1002 anapllorae
726 968 923 1002 perversum
953 958 1004 1001 (Ο
1030 958 1246 1001 quotiens
1275 977 1322 982 —
1346 958 1377 991 O
1405 958 1629 1000 quotiens,

278 1026 427 1069 Saepe
452 1042 496 1048 —-
522 1023 709 1067 Saepe),
747 1033 823 1056 cum
849 1027 1096 1067 componantur
1120 1033 1207 1065 quae
1233 1022 1407 1055 dissimilia
1432 1032 1495 1055 nee
1521 1021 1629 1054 debe-

277 1091 360 1124 bant
392 1090 441 1123 sic
465 1091 634 1134 componi.
683 1090 735 1122 De
760 1099 839 1123 vera
864 1089 996 1122 ratione
1029 1089 1225 1133 anapllorae
1258 1089 1386 1122 diserte
1420 1089 1566 1133 explicui
1596 1089 1628 1121 in

278 1156 516 1199 Disputatione
542 1155 585 1187 de
611 1154 814 1187 Elocutione
840 1154 980 1186 Tibulli·
1005 1172 1052 1178 —
1091 1155 1280 1187 vitulum
1313 1158 1549 1197 gestante,
1584 1154 1628 1188 cf.

277 1231 381 1265 supra
407 1221 435 1262 l,
462 1223 493 1263 1,
518 1224 574 1254 32.
601 1239 647 1244 -
672 1228 922 1252 occurrens
947 1229 1097 1260 soror,
1125 1219 1250 1260 Diana,
1278 1219 1358 1253 dum
1384 1220 1518 1253 venatui
1544 1229 1629 1262 ope-

277 1296 349 1319 ram
375 1286 434 1319 dat
459 1291 494 1319 et
520 1285 582 1318 linc
607 1286 688 1318 illuc
713 1295 774 1327 per
797 1294 900 1326 agros
925 1284 1105 1325 discurrit,
1130 1285 1177 1317 ait
1203 1286 1376 1319 VUans.
1403 1304 1446 1310 -—-
1480 1286 1627 1318 Senten—

276 1351 359 1383 tiam
395 1351 542 1392 denique
579 1349 712 1383 distichi
749 1351 918 1394 expressit
951 1351 1064 1392 paullo
1100 1352 1200 1383 aliter
1236 1352 1375 1385 VALER.
1411 1351 1575 1384 chcus
1600 1352 1628 1392 I,

276 1418 357 1450 447.
382 1416 538 1449 laudatus
564 1427 583 1449 a
609 1416 871 1449 Bnoucmmsm
896 1417 1060 1458 aliisque:
1097 1416 1157 1448 Ala
1185 1416 1345 1461 quotiens
1362 1415 1509 1461 fanmlo
1534 1416 1628 1448 nolis

276 1494 375 1516 soror
410 1481 514 1515 obvia
547 1481 648 1515 silvis
671 1481 808 1518 Flevit,
848 1481 907 1514 uhi
944 1482 1095 1514 Ossaeae
1131 1487 1293 1525 captaret
1321 1481 1470 1527 frigora
1506 1480 1629 1523 silvae,

276 1551 439 1581 Pecteret
473 1555 509 1580 et
537 1548 666 1593 pingui
691 1560 818 1581 mersos
844 1547 1011 1580 Boebeide
1044 1548 1165 1581 crines.
1190 1566 1237 1571 -—-
1272 1547 1358 1580 Mox
1394 1548 1513 1580 valle
1546 1547 1625 1580 sub

276 1615 386 1656 alta,
412 1614 454 1647 cf.
481 1614 680 1646 Boanum.
706 1613 748 1645 ad
775 1613 875 1646 ovid.
901 1613 987 1645 Met.
1014 1612 1041 1653 I,
1068 1615 1150 1645 689.
1178 1631 1218 1636 -
1259 1613 1313 1645 De
1336 1623 1367 1645 v.
1394 1612 1507 1654 dum,
1534 1612 1627 1655 quod

278 1677 331 1711 hic
355 1688 493 1719 verum,
519 1677 562 1710 cf.
587 1687 689 1720 supra
714 1676 755 1709 ad
782 1688 811 1711 ν.
835 1679 868 1711 5.
896 1681 930 1710 et
955 1687 985 1709 v.
1009 1679 1042 1710 8.
1070 1677 1172 1710 dicta.
1193 1694 1239 1702 —
1264 1678 1462 1721 trepidis
1484 1678 1627 1720 rebus,

275 1746 310 1778 in
339 1755 462 1787 magno
491 1745 642 1788 periculo
669 1744 815 1788 publico,
839 1748 878 1776 ut
902 1748 1029 1776 notum.
1055 1761 1100 1766 —-
1127 1744 1280 1786 Venit,
1305 1745 1424 1786 rediit,
1449 1749 1487 1777 ut
1511 1756 1626 1788 saepe.

276 1813 442 1846 Similiter
465 1823 520 1856 ap.
546 1814 701 1845 Graecos
726 1808 923 1849 ἀφικέσθαι,
951 1811 1075 1850 μολεῖν,
1104 1812 1229 1851 ἐλθεῖν,
1257 1812 1301 1847 cf.
1327 1814 1459 1846 Smin„
1484 1813 1528 1846 ad
1552 1813 1627 1845 Eu-

275 1880 342 1923 rip.
367 1879 497 1913 Electr.
523 1890 554 1913 v.
580 1882 633 1920 6.,
663 1879 874 1912 Hammona
899 1879 940 1911 ad
966 1879 1102 1912 Platon.
1130 1880 1271 1923 Protag.
1298 1892 1331 1924 p.
1358 1883 1438 1914 462.
1463 1899 1510 1904 --
1534 1885 1626 1914 tur-

277 1945 349 1987 ba,
384 1947 454 1979 dux
480 1956 556 1979 cum
583 1945 745 1978 militibus
771 1946 970 1978 numerosis.
992 1965 1040 1970 —
1078 1947 1119 1980 V.
1146 1949 1191 1980 23
1218 1958 1292 1990 sqq.
1343 1948 1519 1981 Latona
1553 1948 1625 1981 do-

280 2012 384 2052 luit,
421 2014 561 2054 propter
587 2014 772 2042 maternam
799 2011 1025 2044 affectionem.
1085 2012 1216 2046 Matres
1240 2014 1283 2046 de
1309 2014 1415 2047 forma
1444 2018 1480 2047 et
1504 2018 1625 2048 ornatu

276 2077 425 2109 filiorum
460 2076 606 2109 maxime
641 2076 820 2108 sollicitae.
846 2093 892 2100 —
934 2078 1086 2110 crines
1120 2079 1318 2121 solutos,
1356 2089 1431 2112 cum
1469 2080 1552 2112 alias
1590 2080 1624 2113 in

277 2141 404 2175 nodum
440 2142 626 2183 eleganter.
650 2141 785 2174 collecti
818 2141 907 2182 sint,
945 2145 983 2174 ut
1016 2143 1069 2175 vel
1095 2142 1128 2175 in
1153 2143 1319 2177 Vaticano
1344 2145 1503 2187 Apolline
1528 2145 1624 2178 vide-

278 2218 364 2241 mus.
390 2226 433 2233 —
470 2212 732 2251 quaereret,
766 2208 997 2249 desideraret,
1033 2211 1236 2252 requireret.
1286 2211 1374 2244 Vide
1399 2211 1623 2244 BRothrfflU-

278 2285 363 2307 sunu
389 2278 424 2307 et
448 2275 618 2308 VULPIUM
644 2278 678 2307 et
702 2274 743 2307 ad
771 2274 869 2308 Ovid.
895 2276 979 2308 Met.
1002 2276 1044 2317 11,
1070 2279 1151 2309 239.
1189 2277 1443 2320 BURMANNUM.
1493 2278 1620 2310 Graeci

276 2339 388 2386 ζητεῖν
409 2341 536 2383 dicunt,
562 2342 607 2374 cf.
633 2342 773 2375 (ἄκων.
798 2342 912 2376 Lectt.
938 2343 1080 2376 Hesiod.
1108 2355 1139 2387 p.
1160 2346 1216 2377 45.
1266 2345 1448 2376 Postremo
1475 2342 1620 2375 observa

276 2408 476 2452 imperfecta
502 2409 612 2451 posita
637 2409 669 2441 in
693 2410 881 2450 sententia,
906 2409 964 2442 ubi
990 2411 1093 2452 vulgo
1118 2409 1452 2454 plusquamperfecta
1479 2414 1619 2452 ponunt.

277 2472 348 2506 Sed
373 2472 437 2506 hoc
461 2474 498 2505 fit
523 2484 589 2506 non
616 2484 693 2506 raro
719 2474 890 2516 suaviter,
922 2474 978 2506 ubi
1004 2474 1147 2507 vividius
1172 2476 1301 2507 animus
1328 2476 1504 2517 praeteriti
1532 2480 1620 2508 tem-

276 2538 369 2581 poris
393 2539 574 2580 imaginem
601 2540 663 2572 sibi
692 2541 735 2573 ob
761 2542 880 2575 oculos
905 2541 1010 2584 ponit,
1036 2541 1079 2574 cf.
1101 2541 1270 2574 TERENT.
1294 2540 1436 2584 Adelph.
1462 2541 1488 2582 I,
1510 2544 1543 2583 2,
1557 2544 1614 2576 27.

275 2605 412 2639 Pmm.
439 2605 513 2639 Mil.
539 2607 687 2641 GlorIOs.
707 2608 734 2650 Ι,
757 2610 788 2651 1,
812 2610 870 2642 52.
896 2608 1040 2642 HoRAT.
1066 2608 1139 2642 Sat.
1158 2607 1185 2650 I,
1207 2609 1239 2649 3,
1261 2609 1292 2641 4.
1317 2611 1350 2643 5.
1377 2612 1411 2642 et
1435 2608 1480 2651 ll,
1504 2612 1537 2651 8,
1559 2612 1615 2642 59.

1702 1314 1721 2283 ἔ
