1721 2953
541 119 684 164 LIBR.
714 120 765 159 11.
823 118 984 159 ELEG.
1015 120 1046 159 Ι.
1381 124 1463 159 215

122 242 188 274 iam
226 238 396 273 rii-umus
434 242 469 270 et
504 235 665 268 Vossms.
713 232 868 275 Denique
901 236 1004 266 ante
1037 230 1071 265 li,
1096 241 1127 265 e.
1160 236 1240 265 ante
1266 231 1389 265 focum.
1416 250 1463 256 -—

121 307 164 341 V.
188 309 234 340 25
258 317 308 348 sq.
345 304 571 337 Eventura
605 311 780 345 precor.
830 301 943 344 Supra
968 301 994 341 l,
1020 303 1054 343 5,
1080 303 1149 334 57:
1176 299 1357 337 evenient5
1397 298 1463 332 dat

122 373 224 419 signa
251 374 345 407 deus.
371 390 416 395 -—
452 370 586 403 viden
619 374 686 410 ut;
730 369 843 412 plures
881 378 967 401 nuuc
1004 366 1066 402 hae
1101 368 1245 401 formula
1269 367 1461 409 alloquitur,

121 445 159 474 ut
191 439 382 472 Cmunnus
415 435 509 478 LXI,
532 438 591 469 77.
626 434 737 476 LXII,
761 436 795 468 8.
833 443 874 466 ac
907 444 984 466 cum
1015 433 1105 478 apud
1142 433 1228 466 alios
1259 431 1461 465 indicativus

119 507 191 541 fere
215 508 361 550 ponatur
385 507 464 548 post
487 501 572 536 hanc
609 501 807 541 formulam,
846 498 888 532 cf.
916 499 1058 532 namn.
1085 499 1129 533 ad
1153 499 1274 533 Horat.
1299 498 1411 543 Epist.
1433 497 1461 540 Ι,

118 575 153 614 1,
178 574 236 604 91.
276 571 440 604 Huscrssc.
465 568 508 602 ad
533 567 564 602 h.
591 567 633 609 l.,
671 566 829 600 Tibullus
862 566 1077 599 coniunctim
1103 570 1155 599 est
1186 575 1287 607 usus,
1321 568 1360 597 ut
1385 565 1460 598 Su..

118 637 218 671 ITAL.
244 636 324 678 Xll,
347 638 428 670 713.
476 634 566 668 Nam
599 633 700 666 etiam
732 632 815 665 alias
850 631 976 673 ubique
1012 642 1078 665 uno
1104 635 1251 675 excepto
1278 631 1354 664 loco
1379 640 1461 663 con-

118 702 302 736 iunctivum
328 701 489 745 praetulit
514 700 547 732 in
573 699 726 732 oratione
751 697 911 739 obliqua,
938 696 980 730 cf.
1006 697 1049 730 ad
1073 697 1100 739 Ι,
1123 701 1156 739 7,
1179 699 1237 730 22.
1262 713 1308 723 --
1331 696 1462 736 extis„

119 768 254 808 iecore,
291 770 329 799 ut
362 766 433 799 fere
467 765 592 807 ubique
627 764 660 796 in
693 763 911 797 divinatione.
937 780 983 785 —
1020 762 1158 804 fibra,
1193 772 1293 805 quam
1316 762 1462 796 maxime

117 832 355 866 observabant.
403 830 469 864 Est
490 835 615 872 autem,
641 833 679 863 ut
703 829 831 863 VARRO
853 828 936 861 dicit
961 829 1003 862 de
1028 828 1128 871 Ling.
1156 829 1232 863 Lat.
1257 830 1300 871 V,
1325 831 1382 862 79.
1409 828 1461 862 ed.

117 897 255 931 Mffller.
278 897 317 930 in
340 897 449 929 iecore
481 903 674 928 extremum
697 895 811 939 fibra,
860 896 1025 930 Similiter
1050 896 1160 929 SERV.
1187 896 1230 928 ad
1257 896 1351 938 Virg.
1376 896 1461 929 Aen.

116 962 161 1005 X,
184 965 261 996 176.
289 967 324 996 et
348 964 478 1005 Georg.
503 962 530 1004 Ι,
556 965 624 995 120
635 973 645 995 ε»
661 960 780 1005 fibrae
805 967 889 994 sunt
915 959 1038 994 iecoris
1062 959 1315 993 extremitates.
1365 959 1464 994 Adde

116 1028 334 1062 Miinnssmm
357 1032 510 1061 nostrum
542 1028 576 1061 in
609 1027 683 1060 libr.
709 1027 751 1060 de
785 1027 939 1060 Etruscis
971 1026 1070 1061 Tom.
1096 1027 1142 1068 II,
1167 1038 1201 1071 p.
1226 1028 1308 1061 182.
1357 1025 1462 1059 Adhi-

117 1092 176 1127 bet
200 1104 281 1127 vero
307 1093 502 1137 haruspices
527 1093 703 1134 Tibullus,
729 1096 766 1124 ut
793 1092 858 1125 iam
882 1102 987 1136 supra
1011 1092 1151 1126 dictum.

211 1160 254 1193 V.
277 1163 419 1194 27-86.
467 1161 644 1204 Epulae
669 1164 711 1195 et·
736 1161 856 1194 iuter
880 1161 1040 1205 epulas
1066 1163 1278 1194 cantatae
1302 1157 1464 1192 laudes

116 1225 296 1259 deorum
323 1226 586 1268 agrestium.

212 1293 254 1326 V.
277 1295 323 1326 27
346 1304 420 1335 sqq.
470 1293 592 1326 Nunc
617 1292 722 1326 mihi
747 1293 968 1336 proferte.
1017 1292 1288 1327 Immolationem
1313 1301 1462 1335 sequun-

117 1364 172 1392 tur
197 1359 318 1402 epulae
345 1363 378 1392 et
402 1369 479 1392 cum
504 1359 666 1392 libatione
693 1360 846 1403 potatio3
873 1360 934 1393 sed
960 1360 1002 1392 de
1028 1359 1172 1403 dapibus
1198 1369 1372 1403 exponere
1396 1368 1463 1392 nou

115 1428 190 1458 erat
214 1429 340 1468 aptum,
367 1424 454 1458 unde
479 1425 593 1458 statim
619 1424 660 1457 ad
687 1425 832 1457 alterum
856 1428 960 1467 poeta
985 1424 1118 1468 pergit3
1144 1434 1184 1457 ac
1209 1423 1288 1467 quid
1313 1424 1461 1464 suavius,

115 1494 294 1534 postquam
319 1490 421 1523 modo
447 1489 489 1523 de
515 1490 671 1523 felicibus
696 1491 786 1523 extis
812 1489 969 1523 dictum?
994 1507 1040 1514 -
1077 1489 1274 1524 fumosos
1307 1489 1462 1523 Faler*

114 1567 192 1590 nos
227 1557 299 1590 scil.
334 1556 457 1598 cados,
492 1555 584 1599 quod
610 1555 760 1590 ostendit
781 1565 929 1598 sequens
953 1566 1082 1589 versus.
1132 1555 1348 1598 Quamquam
1373 1555 1463 1588 enim

113 1623 289 1656 Falernus
322 1624 462 1659 mascul.
496 1633 573 1665 gen.
608 1622 650 1656 de
685 1622 763 1655 vino
798 1622 865 1655 dici
897 1622 1008 1665 potuit
1041 1626 1079 1654 ut
1107 1619 1262 1653 Tmolius
1296 1624 1331 1655 et
1360 1619 1462 1651 Pha-

113 1700 224 1721 naeus
249 1689 360 1722 VmG.
386 1690 515 1731 Georg.
541 1689 586 1730 ll,
612 1691 682 1730 97„
706 1689 765 1721 ubi
790 1688 878 1721 conf.
906 1688 1125 1728 WUNDERL„
1153 1691 1266 1720 tamen
1292 1690 1328 1719 et
1351 1686 1462 1719 rarior

113 1752 167 1786 hic
192 1764 293 1795 usus,
318 1764 338 1786 a
363 1754 505 1787 Graecis
533 1754 678 1798 petitus,
703 1764 723 1786 a
748 1753 875 1786 Tibulli
899 1754 1053 1786 oratioue
1080 1753 1233 1794 alienus,
1256 1762 1320 1785 nec
1345 1753 1460 1796 plura-

114 1820 181 1851 lem
207 1829 273 1862 ego
298 1822 399 1861 tunc,
424 1818 485 1852 sed
510 1819 718 1862 singularem
746 1823 1013 1862 exspectassem.
1061 1818 1175 1852 Porro
1197 1818 1275 1852 vina
1298 1817 1332 1851 iu
1356 1828 1462 1861 supe-

113 1886 204 1919 riore
229 1884 363 1919 aedium
389 1889 496 1929 parte,
522 1884 614 1918 sumo
640 1895 729 1927 quae
753 1884 883 1928 pervia,
909 1884 1077 1917 collocata
1096 1893 1172 1917 esse
1192 1886 1231 1916 ut
1249 1886 1461 1916 vetustesca-

113 1957 189 1986 rent
222 1953 388 1995 celerius,
426 1956 568 1994 notum,
607 1951 675 1986 vid.
710 1951 852 1986 Commu.
876 1951 905 1994 Ι,
931 1954 964 1994 6,
988 1954 1047 1986 20.
1096 1953 1209 1995 Atque
1242 1951 1345 1985 etiam
1379 1950 1461 1983 illud

112 2020 212 2061 nosti,
235 2030 341 2053 anuos
367 2020 521 2053 vinorum
545 2029 565 2051 a
587 2018 781 2052 consulibus
806 2018 998 2062 computari
1022 2017 1153 2060 solitos,
1177 2021 1295 2050 notato
1318 2017 1352 2050 in
1374 2016 1460 2050 cado

111 2087 246 2121 nomine
270 2087 419 2120 consulis
443 2097 506 2129 eo,
542 2096 611 2129 quo
636 2085 809 2120 conditum
842 2089 934 2119 esset
961 2085 1095 2127 vinum,
1129 2084 1172 2118 cf.
1198 2084 1391 2128 iuterprett.
1416 2083 1459 2117 ad

110 2151 255 2186 HonA'r.
278 2152 340 2195 111,
365 2156 398 2194 8,
424 2155 481 2187 12.
530 2152 623 2188 Quid
648 2156 761 2187 autem
786 2152 961 2187 veteris
987 2151 1202 2185 Consulis
1227 2150 1279 2184 hic
1304 2151 1368 2193 sit,
1395 2150 1459 2184 do-

111 2217 204 2251 cebit
225 2219 379 2251 PLINms
403 2218 534 2259 XXIII,
557 2220 625 2252 20:
652 2217 843 2251 Falernum
869 2230 930 2252 nec
953 2217 991 2251 in
1014 2216 1175 2251 novitate
1199 2230 1261 2250 nec
1285 2216 1324 2249 in
1350 2215 1458 2249 nimia

110 2289 293 2317 vetustate
318 2283 452 2328 corpori
476 2281 616 2316 salubre
640 2289 705 2317 est.
754 2283 877 2316 Media
901 2282 978 2316 eius
1005 2288 1106 2316 aetas
1131 2294 1155 2315 α
1180 2282 1304 2328 quinto
1329 2281 1458 2314 decium

111 2360 204 2382 anno
236 2348 371 2394 incipit.
421 2349 519 2383 Conf.
555 2350 632 2384 Cle.
658 2351 755 2384 Brut.
782 2353 839 2384 83.
863 2368 911 2374 -
951 2349 1064 2384 Chio
1100 2350 1272 2384 solvite
1308 2350 1457 2383 vincla

111 2415 242 2458 cado,
267 2416 430 2450 corticem
452 2417 650 2450 adstrictum
677 2418 765 2462 pice,
790 2418 833 2450 cf.
848 2417 992 2451 Houxr.
1010 2417 1073 2459 ΙΙΙ,
1097 2420 1131 2458 8,
1158 2419 1214 2451 10.
1263 2417 1456 2450 Mis-cebant

111 2483 226 2515 autem
256 2492 333 2515 cum
357 2482 524 2524 Falerno,
562 2482 654 2526 quod
689 2483 878 2525 austerius,
918 2482 1060 2525 Chium,
1098 2482 1189 2526 quod
1224 2483 1375 2525 dulcius,
1412 2484 1455 2516 cl‘.

112 2546 254 2582 Horu-r.
287 2549 360 2583 Sat.
386 2550 413 2591 I,
442 2552 497 2592 10,
531 2552 590 2583 24.
626 2550 705 2592 ibiq.
739 2550 930 2594 interprett.
987 2551 1038 2585 Ae
1074 2560 1116 2584 ne
1151 2550 1283 2585 mireris
1322 2550 1457 2585 rusticis*

112 2613 285 2657 cognitum
310 2614 450 2659 Chium,
488 2622 605 2652 monet
634 2618 779 2653 Vossms
814 2617 856 2651 ad
883 2617 977 2661 Virg.
1002 2617 1122 2662 Eclog.
1151 2618 1191 2653 V.
1219 2630 1251 2662 p.
1273 2620 1354 2652 268.
1390 2618 1455 2650 iam
