<?xml version="1.0" encoding="UTF-8"?>
<!DOCTYPE html PUBLIC "-//W3C//DTD XHTML 1.0 Transitional//EN"
    "http://www.w3.org/TR/xhtml1/DTD/xhtml1-transitional.dtd">
<html xmlns="http://www.w3.org/1999/xhtml" xml:lang="en" lang="en">
 <head>
  <title>
</title>
<meta http-equiv="Content-Type" content="text/html;charset=utf-8" />
  <meta name='ocr-system' content='tesseract 3.04.00' />
  <meta name='ocr-capabilities' content='ocr_page ocr_carea ocr_par ocr_line ocrx_word'/>
</head>
<body>
  <div class='ocr_page' id='page_1' title='image "./carminaexrecensi00tibuuoft_0670.png"; bbox 0 0 1721 2953; ppageno 0'>
   <div class='ocr_carea' id='block_1_1' title="bbox 280 133 1306 181">
    <p class='ocr_par' dir='ltr' id='par_1_1' title="bbox 280 133 1306 181">
     <span class='ocr_line' id='line_1_1' title="bbox 280 133 1306 181; baseline 0.005 -5"><span class='ocrx_word' id='word_1_1' title='bbox 280 139 358 179; x_wconf 65' lang='lat'>344</span> <span class='ocrx_word' id='word_1_2' title='bbox 593 133 960 179; x_wconf 68' lang='lat' dir='ltr'>COMMENTAR.</span> <span class='ocrx_word' id='word_1_3' title='bbox 989 136 1048 180; x_wconf 86' lang='lat' dir='ltr'>IN</span> <span class='ocrx_word' id='word_1_4' title='bbox 1079 138 1114 178; x_wconf 87' lang='lat' dir='ltr'>T</span> <span class='ocrx_word' id='word_1_5' title='bbox 1116 140 1133 179; x_wconf 94' lang='lat' dir='ltr'>I</span> <span class='ocrx_word' id='word_1_6' title='bbox 1140 136 1306 181; x_wconf 82' lang='lat' dir='ltr'><strong>ssULLI</strong></span> 
     </span>
    </p>
   </div>
   <div class='ocr_carea' id='block_1_2' title="bbox 275 246 1626 1350">
    <p class='ocr_par' dir='ltr' id='par_1_2' title="bbox 275 246 1626 1350">
     <span class='ocr_line' id='line_1_2' title="bbox 284 246 1622 290; baseline 0.007 -10"><span class='ocrx_word' id='word_1_7' title='bbox 284 250 337 282; x_wconf 72' lang='lat' dir='ltr'>lim</span> <span class='ocrx_word' id='word_1_8' title='bbox 371 249 413 282; x_wconf 74' lang='lat' dir='ltr'>ab</span> <span class='ocrx_word' id='word_1_9' title='bbox 448 246 602 281; x_wconf 71' lang='lat' dir='ltr'>Il’nrmo</span> <span class='ocrx_word' id='word_1_10' title='bbox 637 247 756 283; x_wconf 87' lang='lat' dir='ltr'>duram</span> <span class='ocrx_word' id='word_1_11' title='bbox 782 253 816 283; x_wconf 87' lang='lat' dir='ltr'>et</span> <span class='ocrx_word' id='word_1_12' title='bbox 841 255 1032 285; x_wconf 85' lang='lat' dir='ltr'>contortam</span> <span class='ocrx_word' id='word_1_13' title='bbox 1062 251 1186 285; x_wconf 88' lang='lat' dir='ltr'>dictam</span> <span class='ocrx_word' id='word_1_14' title='bbox 1212 251 1298 286; x_wconf 77' lang='lat' dir='ltr'>lianc</span> <span class='ocrx_word' id='word_1_15' title='bbox 1322 255 1622 290; x_wconf 71' lang='lat' dir='ltr'>constructionem,</span> 
     </span>
     <span class='ocr_line' id='line_1_3' title="bbox 288 314 1622 364; baseline 0.004 -16"><span class='ocrx_word' id='word_1_16' title='bbox 288 314 403 348; x_wconf 53' lang='lat' dir='ltr'>vivide</span> <span class='ocrx_word' id='word_1_17' title='bbox 438 314 486 346; x_wconf 89' lang='lat' dir='ltr'>sic</span> <span class='ocrx_word' id='word_1_18' title='bbox 523 314 643 348; x_wconf 82' lang='lat' dir='ltr'>transit</span> <span class='ocrx_word' id='word_1_19' title='bbox 675 324 694 347; x_wconf 84' lang='lat' dir='ltr'>a</span> <span class='ocrx_word' id='word_1_20' title='bbox 727 315 829 348; x_wconf 83' lang='lat' dir='ltr'>tertia</span> <span class='ocrx_word' id='word_1_21' title='bbox 864 326 1006 359; x_wconf 89' lang='lat' dir='ltr'>persona</span> <span class='ocrx_word' id='word_1_22' title='bbox 1032 317 1075 349; x_wconf 82' lang='lat' dir='ltr'>ad</span> <span class='ocrx_word' id='word_1_23' title='bbox 1100 318 1304 360; x_wconf 82' lang='lat' dir='ltr'>secundam,</span> <span class='ocrx_word' id='word_1_24' title='bbox 1342 319 1433 362; x_wconf 90' lang='lat' dir='ltr'>quod</span> <span class='ocrx_word' id='word_1_25' title='bbox 1457 320 1622 364; x_wconf 76' lang='lat' dir='ltr'>imprimis</span> 
     </span>
     <span class='ocr_line' id='line_1_4' title="bbox 282 378 1621 429; baseline 0.007 -19"><span class='ocrx_word' id='word_1_26' title='bbox 282 389 384 422; x_wconf 74' lang='lat' dir='ltr'>saepe</span> <span class='ocrx_word' id='word_1_27' title='bbox 421 378 654 414; x_wconf 69' lang='lat' dir='ltr'>Pnommmus</span> <span class='ocrx_word' id='word_1_28' title='bbox 693 380 793 422; x_wconf 88' lang='lat' dir='ltr'>fecit,</span> <span class='ocrx_word' id='word_1_29' title='bbox 837 383 881 417; x_wconf 88' lang='lat' dir='ltr'>cf.</span> <span class='ocrx_word' id='word_1_30' title='bbox 919 384 1183 418; x_wconf 52' lang='lat' dir='ltr'>Licnnmmm</span> <span class='ocrx_word' id='word_1_31' title='bbox 1222 384 1265 418; x_wconf 90' lang='lat' dir='ltr'>ad</span> <span class='ocrx_word' id='word_1_32' title='bbox 1299 386 1459 429; x_wconf 89' lang='lat' dir='ltr'>Propert.</span> <span class='ocrx_word' id='word_1_33' title='bbox 1492 386 1553 428; x_wconf 81' lang='grc' dir='ltr'>ΙΙΙ,</span> <span class='ocrx_word' id='word_1_34' title='bbox 1585 390 1621 420; x_wconf 76' lang='lat'>7.</span> 
     </span>
     <span class='ocr_line' id='line_1_5' title="bbox 282 445 1624 494; baseline 0.006 -19"><span class='ocrx_word' id='word_1_35' title='bbox 282 456 314 488; x_wconf 76' lang='lat' dir='ltr'>p.</span> <span class='ocrx_word' id='word_1_36' title='bbox 340 445 420 477; x_wconf 72' lang='lat'>⁶252.</span> <span class='ocrx_word' id='word_1_37' title='bbox 456 448 490 478; x_wconf 86' lang='lat' dir='ltr'>et</span> <span class='ocrx_word' id='word_1_38' title='bbox 515 445 576 486; x_wconf 83' lang='lat'>111,</span> <span class='ocrx_word' id='word_1_39' title='bbox 602 448 658 480; x_wconf 90' lang='grc'>13.</span> <span class='ocrx_word' id='word_1_40' title='bbox 694 457 726 490; x_wconf 85' lang='lat' dir='ltr'>p.</span> <span class='ocrx_word' id='word_1_41' title='bbox 751 449 833 479; x_wconf 80' lang='lat'>285.</span> <span class='ocrx_word' id='word_1_42' title='bbox 883 447 937 482; x_wconf 83' lang='lat' dir='ltr'>Ne</span> <span class='ocrx_word' id='word_1_43' title='bbox 970 450 1094 491; x_wconf 80' lang='lat' dir='ltr'>multa3</span> <span class='ocrx_word' id='word_1_44' title='bbox 1131 450 1253 494; x_wconf 86' lang='lat' dir='ltr'><strong>supple</strong></span> <span class='ocrx_word' id='word_1_45' title='bbox 1281 449 1454 482; x_wconf 81' lang='lat' dir='ltr'>insomnia</span> <span class='ocrx_word' id='word_1_46' title='bbox 1486 451 1528 484; x_wconf 91' lang='lat' dir='ltr'>ad</span> <span class='ocrx_word' id='word_1_47' title='bbox 1567 452 1624 483; x_wconf 82' lang='lat' dir='ltr'>Ite</span> 
     </span>
     <span class='ocr_line' id='line_1_6' title="bbox 276 509 1623 560; baseline 0.007 -19"><span class='ocrx_word' id='word_1_48' title='bbox 276 509 424 553; x_wconf 72' lang='lat' dir='ltr'>procul,</span> <span class='ocrx_word' id='word_1_49' title='bbox 458 515 493 545; x_wconf 88' lang='lat' dir='ltr'>et</span> <span class='ocrx_word' id='word_1_50' title='bbox 519 516 696 555; x_wconf 86' lang='lat' dir='ltr'>praeterea</span> <span class='ocrx_word' id='word_1_51' title='bbox 723 523 845 547; x_wconf 79' lang='lat' dir='ltr'>revoca</span> <span class='ocrx_word' id='word_1_52' title='bbox 870 526 1020 552; x_wconf 73' lang='lat' dir='ltr'>vanum,</span> <span class='ocrx_word' id='word_1_53' title='bbox 1058 520 1093 549; x_wconf 88' lang='lat' dir='ltr'>et</span> <span class='ocrx_word' id='word_1_54' title='bbox 1126 516 1235 560; x_wconf 80' lang='lat' dir='ltr'>ipsum</span> <span class='ocrx_word' id='word_1_55' title='bbox 1260 517 1293 549; x_wconf 88' lang='lat' dir='ltr'>in</span> <span class='ocrx_word' id='word_1_56' title='bbox 1320 516 1416 550; x_wconf 87' lang='lat' dir='ltr'>bonis</span> <span class='ocrx_word' id='word_1_57' title='bbox 1448 516 1623 550; x_wconf 84' lang='lat' dir='ltr'>codicibus</span> 
     </span>
     <span class='ocr_line' id='line_1_7' title="bbox 280 576 1623 626; baseline 0.005 -19"><span class='ocrx_word' id='word_1_58' title='bbox 280 576 415 609; x_wconf 71' lang='lat' dir='ltr'>lectum.</span> <span class='ocrx_word' id='word_1_59' title='bbox 485 577 658 611; x_wconf 83' lang='lat' dir='ltr'><strong>Credibile</strong></span> <span class='ocrx_word' id='word_1_60' title='bbox 695 578 784 611; x_wconf 90' lang='lat' dir='ltr'>enim</span> <span class='ocrx_word' id='word_1_61' title='bbox 821 577 931 612; x_wconf 79' lang='lat' dir='ltr'>liabeo</span> <span class='ocrx_word' id='word_1_62' title='bbox 969 591 1100 613; x_wconf 71' lang='lat' dir='ltr'>vanum.</span> <span class='ocrx_word' id='word_1_63' title='bbox 1130 580 1344 626; x_wconf 80' lang='lat' dir='ltr'>falsumque</span> <span class='ocrx_word' id='word_1_64' title='bbox 1381 591 1401 614; x_wconf 88' lang='lat' dir='ltr'>a</span> <span class='ocrx_word' id='word_1_65' title='bbox 1440 581 1623 624; x_wconf 83' lang='lat' dir='ltr'>Lygdamo</span> 
     </span>
     <span class='ocr_line' id='line_1_8' title="bbox 278 642 1623 688; baseline 0.003 -14"><span class='ocrx_word' id='word_1_66' title='bbox 278 642 405 675; x_wconf 82' lang='lat' dir='ltr'>dictum</span> <span class='ocrx_word' id='word_1_67' title='bbox 431 644 620 686; x_wconf 85' lang='lat' dir='ltr'>cumulate,</span> <span class='ocrx_word' id='word_1_68' title='bbox 654 645 719 678; x_wconf 90' lang='lat' dir='ltr'>etsi</span> <span class='ocrx_word' id='word_1_69' title='bbox 751 645 887 679; x_wconf 86' lang='lat' dir='ltr'>Tibullo</span> <span class='ocrx_word' id='word_1_70' title='bbox 922 656 988 679; x_wconf 92' lang='lat' dir='ltr'>non</span> <span class='ocrx_word' id='word_1_71' title='bbox 1025 646 1183 680; x_wconf 84' lang='lat' dir='ltr'><strong>tribuam.</strong></span> <span class='ocrx_word' id='word_1_72' title='bbox 1232 646 1388 688; x_wconf 89' lang='lat' dir='ltr'>Denique</span> <span class='ocrx_word' id='word_1_73' title='bbox 1413 648 1514 680; x_wconf 86' lang='lat' dir='ltr'>etiam</span> <span class='ocrx_word' id='word_1_74' title='bbox 1538 646 1623 679; x_wconf 89' lang='lat' dir='ltr'>illud</span> 
     </span>
     <span class='ocr_line' id='line_1_9' title="bbox 281 710 1622 754; baseline 0.001 -12"><span class='ocrx_word' id='word_1_75' title='bbox 281 710 419 743; x_wconf 90' lang='lat' dir='ltr'>dubium</span> <span class='ocrx_word' id='word_1_76' title='bbox 438 721 504 743; x_wconf 89' lang='lat' dir='ltr'>non</span> <span class='ocrx_word' id='word_1_77' title='bbox 525 715 588 753; x_wconf 83' lang='lat' dir='ltr'>est,</span> <span class='ocrx_word' id='word_1_78' title='bbox 613 711 694 754; x_wconf 87' lang='lat' dir='ltr'>quin</span> <span class='ocrx_word' id='word_1_79' title='bbox 716 713 845 745; x_wconf 88' lang='lat' dir='ltr'>somnia</span> <span class='ocrx_word' id='word_1_80' title='bbox 864 713 1004 746; x_wconf 84' lang='lat' dir='ltr'>visum</span> <span class='ocrx_word' id='word_1_81' title='bbox 1026 717 1238 746; x_wconf 86' lang='lat' dir='ltr'>avertere</span> <span class='ocrx_word' id='word_1_82' title='bbox 1256 716 1350 746; x_wconf 87' lang='lat' dir='ltr'>recte</span> <span class='ocrx_word' id='word_1_83' title='bbox 1371 711 1536 753; x_wconf 84' lang='lat' dir='ltr'>dicantur,</span> <span class='ocrx_word' id='word_1_84' title='bbox 1558 722 1622 745; x_wconf 87' lang='lat' dir='ltr'>nec</span> 
     </span>
     <span class='ocr_line' id='line_1_10' title="bbox 279 776 1624 821; baseline 0.003 -14"><span class='ocrx_word' id='word_1_85' title='bbox 279 779 423 819; x_wconf 82' lang='lat' dir='ltr'>apparet</span> <span class='ocrx_word' id='word_1_86' title='bbox 448 786 509 809; x_wconf 89' lang='lat' dir='ltr'>cnr</span> <span class='ocrx_word' id='word_1_87' title='bbox 532 776 704 811; x_wconf 60' lang='lat' dir='ltr'>Hermus</span> <span class='ocrx_word' id='word_1_88' title='bbox 732 781 766 812; x_wconf 91' lang='lat' dir='ltr'>et</span> <span class='ocrx_word' id='word_1_89' title='bbox 791 777 1004 811; x_wconf 74' lang='lat' dir='ltr'>Huscmuus</span> <span class='ocrx_word' id='word_1_90' title='bbox 1037 782 1175 821; x_wconf 81' lang='lat' dir='ltr'><strong>negent.</strong></span> <span class='ocrx_word' id='word_1_91' title='bbox 1225 779 1387 815; x_wconf 80' lang='lat' dir='ltr'>Quamvis</span> <span class='ocrx_word' id='word_1_92' title='bbox 1414 779 1501 811; x_wconf 90' lang='lat' dir='ltr'>enim</span> <span class='ocrx_word' id='word_1_93' title='bbox 1527 778 1624 811; x_wconf 86' lang='lat' dir='ltr'>simi-</span> 
     </span>
     <span class='ocr_line' id='line_1_11' title="bbox 281 842 1624 889; baseline 0.002 -14"><span class='ocrx_word' id='word_1_94' title='bbox 281 842 321 875; x_wconf 87' lang='lat' dir='ltr'>lis</span> <span class='ocrx_word' id='word_1_95' title='bbox 346 843 603 886; x_wconf 83' lang='lat' dir='ltr'>significationis</span> <span class='ocrx_word' id='word_1_96' title='bbox 627 846 693 878; x_wconf 88' lang='lat' dir='ltr'>sint</span> <span class='ocrx_word' id='word_1_97' title='bbox 719 844 889 878; x_wconf 81' lang='lat' dir='ltr'>somnium</span> <span class='ocrx_word' id='word_1_98' title='bbox 914 849 949 879; x_wconf 88' lang='lat' dir='ltr'>et</span> <span class='ocrx_word' id='word_1_99' title='bbox 971 844 1081 888; x_wconf 78' lang='lat' dir='ltr'>visus,</span> <span class='ocrx_word' id='word_1_100' title='bbox 1106 850 1219 879; x_wconf 89' lang='lat' dir='ltr'>tamen</span> <span class='ocrx_word' id='word_1_101' title='bbox 1240 846 1341 879; x_wconf 90' lang='lat' dir='ltr'>etiam</span> <span class='ocrx_word' id='word_1_102' title='bbox 1365 845 1486 879; x_wconf 89' lang='lat' dir='ltr'>subiici</span> <span class='ocrx_word' id='word_1_103' title='bbox 1509 849 1624 889; x_wconf 86' lang='lat' dir='ltr'>potest</span> 
     </span>
     <span class='ocr_line' id='line_1_12' title="bbox 281 909 1623 955; baseline 0.002 -14"><span class='ocrx_word' id='word_1_104' title='bbox 281 909 425 943; x_wconf 86' lang='lat' dir='ltr'>alterum</span> <span class='ocrx_word' id='word_1_105' title='bbox 450 910 560 944; x_wconf 86' lang='lat' dir='ltr'>alteri.</span> <span class='ocrx_word' id='word_1_106' title='bbox 609 911 660 944; x_wconf 89' lang='lat' dir='ltr'>Ac</span> <span class='ocrx_word' id='word_1_107' title='bbox 684 911 1005 944; x_wconf 62' lang='lat' dir='ltr'>me-nnnmcfflus</span> <span class='ocrx_word' id='word_1_108' title='bbox 1032 912 1241 955; x_wconf 81' lang='lat' dir='ltr'>comparavit</span> <span class='ocrx_word' id='word_1_109' title='bbox 1265 911 1409 945; x_wconf 55' lang='lat' dir='ltr'>Honxr.</span> <span class='ocrx_word' id='word_1_110' title='bbox 1434 913 1508 945; x_wconf 85' lang='lat' dir='ltr'>Sat.</span> <span class='ocrx_word' id='word_1_111' title='bbox 1533 911 1560 953; x_wconf 90' lang='grc' dir='ltr'>Ι,</span> <span class='ocrx_word' id='word_1_112' title='bbox 1588 914 1623 953; x_wconf 85' lang='grc'>5,</span> 
     </span>
     <span class='ocr_line' id='line_1_13' title="bbox 278 974 1623 1014; baseline 0.003 -8"><span class='ocrx_word' id='word_1_113' title='bbox 278 976 344 1007; x_wconf 80' lang='lat'>84:</span> <span class='ocrx_word' id='word_1_114' title='bbox 369 979 446 1006; x_wconf 83' lang='lat' dir='ltr'>tum</span> <span class='ocrx_word' id='word_1_115' title='bbox 469 974 646 1007; x_wconf 76' lang='lat' dir='ltr'>immundo</span> <span class='ocrx_word' id='word_1_116' title='bbox 663 974 798 1008; x_wconf 82' lang='lat' dir='ltr'>somnia</span> <span class='ocrx_word' id='word_1_117' title='bbox 822 975 901 1008; x_wconf 74' lang='lat' dir='ltr'>visu</span> <span class='ocrx_word' id='word_1_118' title='bbox 921 977 1142 1009; x_wconf 70' lang='lat' dir='ltr'>Nocturnum</span> <span class='ocrx_word' id='word_1_119' title='bbox 1166 982 1297 1010; x_wconf 78' lang='lat' dir='ltr'>vestem</span> <span class='ocrx_word' id='word_1_120' title='bbox 1320 976 1514 1014; x_wconf 77' lang='lat' dir='ltr'>maculant,</span> <span class='ocrx_word' id='word_1_121' title='bbox 1539 978 1623 1011; x_wconf 83' lang='lat' dir='ltr'>le.</span> 
     </span>
     <span class='ocr_line' id='line_1_14' title="bbox 278 1038 1624 1087; baseline 0.004 -16"><span class='ocrx_word' id='word_1_122' title='bbox 278 1038 340 1081; x_wconf 81' lang='lat' dir='ltr'><strong>III,</strong></span> <span class='ocrx_word' id='word_1_123' title='bbox 364 1042 406 1073; x_wconf 88' lang='lat'>5:</span> <span class='ocrx_word' id='word_1_124' title='bbox 435 1046 673 1087; x_wconf 79' lang='lat' dir='ltr'>portentaque</span> <span class='ocrx_word' id='word_1_125' title='bbox 697 1041 773 1073; x_wconf 84' lang='lat' dir='ltr'>alia</span> <span class='ocrx_word' id='word_1_126' title='bbox 798 1048 864 1074; x_wconf 84' lang='lat' dir='ltr'>aut</span> <span class='ocrx_word' id='word_1_127' title='bbox 889 1041 1077 1076; x_wconf 75' lang='lat' dir='ltr'>obversata</span> <span class='ocrx_word' id='word_1_128' title='bbox 1101 1043 1212 1075; x_wconf 82' lang='lat' dir='ltr'>oculis</span> <span class='ocrx_word' id='word_1_129' title='bbox 1241 1049 1307 1075; x_wconf 83' lang='lat' dir='ltr'>aut</span> <span class='ocrx_word' id='word_1_130' title='bbox 1332 1055 1446 1076; x_wconf 76' lang='lat' dir='ltr'>vanas</span> <span class='ocrx_word' id='word_1_131' title='bbox 1470 1043 1624 1076; x_wconf 79' lang='lat' dir='ltr'>exterri-·</span> 
     </span>
     <span class='ocr_line' id='line_1_15' title="bbox 279 1105 1624 1153; baseline 0.001 -15"><span class='ocrx_word' id='word_1_132' title='bbox 279 1105 328 1139; x_wconf 78' lang='lat' dir='ltr'>tis</span> <span class='ocrx_word' id='word_1_133' title='bbox 353 1113 574 1141; x_wconf 70' lang='lat' dir='ltr'>ostentavere</span> <span class='ocrx_word' id='word_1_134' title='bbox 601 1109 752 1153; x_wconf 77' lang='lat' dir='ltr'>species,</span> <span class='ocrx_word' id='word_1_135' title='bbox 778 1110 928 1144; x_wconf 77' lang='lat' dir='ltr'>VIRGIL.</span> <span class='ocrx_word' id='word_1_136' title='bbox 955 1109 1038 1142; x_wconf 88' lang='lat' dir='ltr'>Aen.</span> <span class='ocrx_word' id='word_1_137' title='bbox 1063 1109 1126 1150; x_wconf 84' lang='lat' dir='ltr'>XI,</span> <span class='ocrx_word' id='word_1_138' title='bbox 1149 1111 1238 1142; x_wconf 79' lang='lat'>271:</span> <span class='ocrx_word' id='word_1_139' title='bbox 1275 1109 1381 1141; x_wconf 79' lang='lat' dir='ltr'>Nunc</span> <span class='ocrx_word' id='word_1_140' title='bbox 1405 1108 1514 1140; x_wconf 77' lang='lat' dir='ltr'>etiam</span> <span class='ocrx_word' id='word_1_141' title='bbox 1540 1107 1624 1140; x_wconf 78' lang='lat' dir='ltr'>hor-</span> 
     </span>
     <span class='ocr_line' id='line_1_16' title="bbox 278 1172 1626 1222; baseline 0.001 -18"><span class='ocrx_word' id='word_1_142' title='bbox 278 1172 373 1205; x_wconf 77' lang='lat' dir='ltr'>ribili</span> <span class='ocrx_word' id='word_1_143' title='bbox 399 1173 477 1207; x_wconf 69' lang='lat' dir='ltr'>visu</span> <span class='ocrx_word' id='word_1_144' title='bbox 496 1180 666 1219; x_wconf 79' lang='lat' dir='ltr'>portenta</span> <span class='ocrx_word' id='word_1_145' title='bbox 691 1181 910 1222; x_wconf 80' lang='lat' dir='ltr'>sequuntur,</span> <span class='ocrx_word' id='word_1_146' title='bbox 945 1180 980 1209; x_wconf 91' lang='lat' dir='ltr'>et</span> <span class='ocrx_word' id='word_1_147' title='bbox 1003 1176 1084 1218; x_wconf 79' lang='lat' dir='ltr'>Xll,</span> <span class='ocrx_word' id='word_1_148' title='bbox 1107 1178 1197 1209; x_wconf 70' lang='lat'><strong>245:</strong></span> <span class='ocrx_word' id='word_1_149' title='bbox 1236 1176 1315 1208; x_wconf 81' lang='lat' dir='ltr'>Dat</span> <span class='ocrx_word' id='word_1_150' title='bbox 1340 1173 1481 1219; x_wconf 80' lang='lat' dir='ltr'>signum</span> <span class='ocrx_word' id='word_1_151' title='bbox 1516 1172 1626 1211; x_wconf 80' lang='lat' dir='ltr'>caelo,</span> 
     </span>
     <span class='ocr_line' id='line_1_17' title="bbox 278 1238 1621 1285; baseline 0.001 -14"><span class='ocrx_word' id='word_1_152' title='bbox 278 1251 345 1284; x_wconf 81' lang='lat' dir='ltr'>quo</span> <span class='ocrx_word' id='word_1_153' title='bbox 379 1252 448 1272; x_wconf 83' lang='lat' dir='ltr'>non</span> <span class='ocrx_word' id='word_1_154' title='bbox 473 1241 701 1285; x_wconf 76' lang='lat' dir='ltr'>praesentias</span> <span class='ocrx_word' id='word_1_155' title='bbox 734 1241 849 1274; x_wconf 73' lang='lat' dir='ltr'>ullum</span> <span class='ocrx_word' id='word_1_156' title='bbox 885 1238 1060 1274; x_wconf 76' lang='lat' dir='ltr'>Tarbavit</span> <span class='ocrx_word' id='word_1_157' title='bbox 1093 1239 1220 1273; x_wconf 72' lang='lat' dir='ltr'>mentis·</span> <span class='ocrx_word' id='word_1_158' title='bbox 1251 1239 1372 1273; x_wconf 75' lang='lat' dir='ltr'>Italas</span> <span class='ocrx_word' id='word_1_159' title='bbox 1398 1245 1621 1285; x_wconf 75' lang='lat' dir='ltr'>monstroque</span> 
     </span>
     <span class='ocr_line' id='line_1_18' title="bbox 275 1305 1623 1350; baseline 0.001 -14"><span class='ocrx_word' id='word_1_160' title='bbox 275 1305 427 1350; x_wconf 72' lang='lat' dir='ltr'>fefellit.</span> <span class='ocrx_word' id='word_1_161' title='bbox 485 1306 558 1340; x_wconf 74' lang='lat' dir='ltr'>Nos</span> <span class='ocrx_word' id='word_1_162' title='bbox 592 1306 800 1340; x_wconf 80' lang='lat' dir='ltr'>adducamus</span> <span class='ocrx_word' id='word_1_163' title='bbox 836 1311 914 1340; x_wconf 88' lang='lat' dir='ltr'>ante</span> <span class='ocrx_word' id='word_1_164' title='bbox 949 1306 1058 1339; x_wconf 87' lang='lat' dir='ltr'>omnia</span> <span class='ocrx_word' id='word_1_165' title='bbox 1095 1305 1239 1340; x_wconf 58' lang='lat' dir='ltr'>Horum.</span> <span class='ocrx_word' id='word_1_166' title='bbox 1279 1305 1344 1339; x_wconf 92' lang='lat' dir='ltr'>Od.</span> <span class='ocrx_word' id='word_1_167' title='bbox 1371 1305 1433 1346; x_wconf 84' lang='grc' dir='ltr'>ΠΙ,</span> <span class='ocrx_word' id='word_1_168' title='bbox 1457 1308 1502 1338; x_wconf 87' lang='grc'>39</span> <span class='ocrx_word' id='word_1_169' title='bbox 1527 1316 1623 1347; x_wconf 69' lang='lat' dir='ltr'>sqq:</span> 
     </span>
    </p>
   </div>
   <div class='ocr_carea' id='block_1_3' title="bbox 277 1367 1625 2665">
    <p class='ocr_par' dir='ltr' id='par_1_3' title="bbox 277 1367 1625 2665">
     <span class='ocr_line' id='line_1_19' title="bbox 278 1367 1624 1416; baseline -0.002 -14"><span class='ocrx_word' id='word_1_170' title='bbox 278 1382 326 1403; x_wconf 78' lang='lat' dir='ltr'>tm</span> <span class='ocrx_word' id='word_1_171' title='bbox 353 1371 451 1404; x_wconf 75' lang='lat' dir='ltr'>vitiis</span> <span class='ocrx_word' id='word_1_172' title='bbox 475 1378 650 1404; x_wconf 79' lang='lat' dir='ltr'><em>carentem</em></span> <span class='ocrx_word' id='word_1_173' title='bbox 674 1371 768 1404; x_wconf 71' lang='lat' dir='ltr'>ladit</span> <span class='ocrx_word' id='word_1_174' title='bbox 791 1371 907 1416; x_wconf 79' lang='lat' dir='ltr'>imago</span> <span class='ocrx_word' id='word_1_175' title='bbox 935 1372 1050 1406; x_wconf 74' lang='lat' dir='ltr'>Vana,</span> <span class='ocrx_word' id='word_1_176' title='bbox 1076 1382 1168 1415; x_wconf 74' lang='lat' dir='ltr'>quae</span> <span class='ocrx_word' id='word_1_177' title='bbox 1189 1376 1296 1414; x_wconf 83' lang='lat' dir='ltr'>porta</span> <span class='ocrx_word' id='word_1_178' title='bbox 1313 1369 1466 1415; x_wconf 77' lang='lat' dir='ltr'><em>fugiens</em></span> <span class='ocrx_word' id='word_1_179' title='bbox 1490 1367 1624 1400; x_wconf 75' lang='lat' dir='ltr'>eburna</span> 
     </span>
     <span class='ocr_line' id='line_1_20' title="bbox 279 1435 1621 1480; baseline 0 -13"><span class='ocrx_word' id='word_1_180' title='bbox 279 1437 457 1469; x_wconf 80' lang='lat' dir='ltr'>Somnium</span> <span class='ocrx_word' id='word_1_181' title='bbox 482 1437 593 1471; x_wconf 74' lang='lat' dir='ltr'>ducit.</span> <span class='ocrx_word' id='word_1_182' title='bbox 642 1438 709 1470; x_wconf 86' lang='lat' dir='ltr'>Hic</span> <span class='ocrx_word' id='word_1_183' title='bbox 734 1438 848 1480; x_wconf 83' lang='lat' dir='ltr'>imago</span> <span class='ocrx_word' id='word_1_184' title='bbox 873 1437 966 1470; x_wconf 88' lang='lat' dir='ltr'>ducit</span> <span class='ocrx_word' id='word_1_185' title='bbox 991 1437 1180 1478; x_wconf 81' lang='lat' dir='ltr'>somnium,</span> <span class='ocrx_word' id='word_1_186' title='bbox 1205 1441 1241 1469; x_wconf 87' lang='lat' dir='ltr'>et</span> <span class='ocrx_word' id='word_1_187' title='bbox 1266 1440 1303 1469; x_wconf 88' lang='lat' dir='ltr'>tu</span> <span class='ocrx_word' id='word_1_188' title='bbox 1327 1446 1432 1477; x_wconf 84' lang='lat' dir='ltr'><strong>negas</strong></span> <span class='ocrx_word' id='word_1_189' title='bbox 1455 1435 1621 1468; x_wconf 89' lang='lat' dir='ltr'>somnium</span> 
     </span>
     <span class='ocr_line' id='line_1_21' title="bbox 278 1502 1623 1547; baseline 0 -13"><span class='ocrx_word' id='word_1_190' title='bbox 278 1502 448 1536; x_wconf 80' lang='lat' dir='ltr'>adducere</span> <span class='ocrx_word' id='word_1_191' title='bbox 481 1513 582 1547; x_wconf 88' lang='lat' dir='ltr'>posse</span> <span class='ocrx_word' id='word_1_192' title='bbox 617 1504 797 1547; x_wconf 79' lang='lat' dir='ltr'>imaginem</span> <span class='ocrx_word' id='word_1_193' title='bbox 832 1515 894 1538; x_wconf 89' lang='lat' dir='ltr'>seu</span> <span class='ocrx_word' id='word_1_194' title='bbox 930 1505 1067 1538; x_wconf 68' lang='lat' dir='ltr'>visum?</span> <span class='ocrx_word' id='word_1_195' title='bbox 1126 1503 1257 1540; x_wconf 86' lang='lat' dir='ltr'>Quodsi</span> <span class='ocrx_word' id='word_1_196' title='bbox 1291 1502 1462 1535; x_wconf 86' lang='lat' dir='ltr'>adducere</span> <span class='ocrx_word' id='word_1_197' title='bbox 1497 1506 1623 1545; x_wconf 84' lang='lat' dir='ltr'>potest,</span> 
     </span>
     <span class='ocr_line' id='line_1_22' title="bbox 279 1569 1620 1613; baseline -0.001 -11"><span class='ocrx_word' id='word_1_198' title='bbox 279 1574 393 1613; x_wconf 74' lang='lat' dir='ltr'>potest</span> <span class='ocrx_word' id='word_1_199' title='bbox 418 1572 519 1604; x_wconf 87' lang='lat' dir='ltr'>etiam</span> <span class='ocrx_word' id='word_1_200' title='bbox 545 1577 710 1606; x_wconf 81' lang='lat' dir='ltr'>avertere.</span> <span class='ocrx_word' id='word_1_201' title='bbox 761 1574 860 1607; x_wconf 83' lang='lat' dir='ltr'>Quae</span> <span class='ocrx_word' id='word_1_202' title='bbox 886 1582 961 1604; x_wconf 87' lang='lat' dir='ltr'>cnm</span> <span class='ocrx_word' id='word_1_203' title='bbox 986 1571 1034 1603; x_wconf 87' lang='lat' dir='ltr'>ita</span> <span class='ocrx_word' id='word_1_204' title='bbox 1059 1571 1145 1611; x_wconf 83' lang='lat' dir='ltr'>sint,</span> <span class='ocrx_word' id='word_1_205' title='bbox 1179 1580 1299 1603; x_wconf 85' lang='lat' dir='ltr'>sensus</span> <span class='ocrx_word' id='word_1_206' title='bbox 1324 1569 1430 1602; x_wconf 84' lang='lat' dir='ltr'>nostri</span> <span class='ocrx_word' id='word_1_207' title='bbox 1459 1569 1524 1601; x_wconf 84' lang='lat' dir='ltr'>loci</span> <span class='ocrx_word' id='word_1_208' title='bbox 1550 1572 1620 1601; x_wconf 88' lang='lat' dir='ltr'>est:</span> 
     </span>
     <span class='ocr_line' id='line_1_23' title="bbox 279 1635 1620 1679; baseline 0 -12"><span class='ocrx_word' id='word_1_209' title='bbox 279 1636 330 1668; x_wconf 79' lang='lat' dir='ltr'>lte</span> <span class='ocrx_word' id='word_1_210' title='bbox 368 1637 485 1679; x_wconf 82' lang='lat' dir='ltr'>procul</span> <span class='ocrx_word' id='word_1_211' title='bbox 523 1648 599 1670; x_wconf 86' lang='lat' dir='ltr'>cum</span> <span class='ocrx_word' id='word_1_212' title='bbox 633 1648 718 1670; x_wconf 75' lang='lat' dir='ltr'>vano</span> <span class='ocrx_word' id='word_1_213' title='bbox 757 1637 911 1679; x_wconf 84' lang='lat' dir='ltr'>salsoque</span> <span class='ocrx_word' id='word_1_214' title='bbox 949 1637 1044 1676; x_wconf 75' lang='lat' dir='ltr'>visu,</span> <span class='ocrx_word' id='word_1_215' title='bbox 1083 1637 1167 1668; x_wconf 80' lang='lat' dir='ltr'>falsa</span> <span class='ocrx_word' id='word_1_216' title='bbox 1204 1636 1352 1677; x_wconf 79' lang='lat' dir='ltr'>imagine</span> <span class='ocrx_word' id='word_1_217' title='bbox 1386 1638 1509 1668; x_wconf 74' lang='lat' dir='ltr'>vestra.</span> <span class='ocrx_word' id='word_1_218' title='bbox 1567 1635 1620 1668; x_wconf 89' lang='lat' dir='ltr'>De</span> 
     </span>
     <span class='ocr_line' id='line_1_24' title="bbox 278 1700 1623 1744; baseline -0.001 -10"><span class='ocrx_word' id='word_1_219' title='bbox 278 1703 463 1744; x_wconf 79' lang='lat' dir='ltr'>asyndeto:</span> <span class='ocrx_word' id='word_1_220' title='bbox 498 1703 564 1740; x_wconf 80' lang='lat' dir='ltr'>ile,</span> <span class='ocrx_word' id='word_1_221' title='bbox 588 1703 740 1736; x_wconf 60' lang='lat' dir='ltr'>avertite</span> <span class='ocrx_word' id='word_1_222' title='bbox 765 1704 854 1737; x_wconf 86' lang='lat' dir='ltr'>conf.</span> <span class='ocrx_word' id='word_1_223' title='bbox 879 1703 958 1737; x_wconf 90' lang='lat' dir='ltr'>Tib.</span> <span class='ocrx_word' id='word_1_224' title='bbox 983 1702 1011 1744; x_wconf 79' lang='grc' dir='ltr'>Ι,</span> <span class='ocrx_word' id='word_1_225' title='bbox 1039 1705 1071 1744; x_wconf 87' lang='grc'>1,</span> <span class='ocrx_word' id='word_1_226' title='bbox 1096 1705 1153 1735; x_wconf 74' lang='lat'>76.</span> <span class='ocrx_word' id='word_1_227' title='bbox 1202 1703 1315 1744; x_wconf 82' lang='lat' dir='ltr'>Atque</span> <span class='ocrx_word' id='word_1_228' title='bbox 1340 1700 1423 1734; x_wconf 87' lang='lat' dir='ltr'>haec</span> <span class='ocrx_word' id='word_1_229' title='bbox 1449 1700 1623 1734; x_wconf 85' lang='lat' dir='ltr'>hactenus.</span> 
     </span>
     <span class='ocr_line' id='line_1_25' title="bbox 279 1767 1624 1813; baseline -0.002 -11"><span class='ocrx_word' id='word_1_230' title='bbox 279 1769 317 1802; x_wconf 87' lang='lat' dir='ltr'>In</span> <span class='ocrx_word' id='word_1_231' title='bbox 351 1773 563 1813; x_wconf 82' lang='lat' dir='ltr'>pentametro</span> <span class='ocrx_word' id='word_1_232' title='bbox 597 1769 743 1812; x_wconf 87' lang='lat' dir='ltr'>denique</span> <span class='ocrx_word' id='word_1_233' title='bbox 774 1769 1060 1813; x_wconf 86' lang='lat' dir='ltr'>simplicissimum</span> <span class='ocrx_word' id='word_1_234' title='bbox 1093 1767 1185 1811; x_wconf 84' lang='lat' dir='ltr'>quod</span> <span class='ocrx_word' id='word_1_235' title='bbox 1219 1769 1374 1801; x_wconf 66' lang='lat' dir='ltr'>warus</span> <span class='ocrx_word' id='word_1_236' title='bbox 1410 1771 1444 1800; x_wconf 87' lang='lat' dir='ltr'>et</span> <span class='ocrx_word' id='word_1_237' title='bbox 1476 1767 1624 1800; x_wconf 73' lang='lat' dir='ltr'>Tumu-</span> 
     </span>
     <span class='ocr_line' id='line_1_26' title="bbox 279 1833 1617 1878; baseline 0.001 -11"><span class='ocrx_word' id='word_1_238' title='bbox 279 1845 403 1868; x_wconf 74' lang='lat' dir='ltr'>scmus</span> <span class='ocrx_word' id='word_1_239' title='bbox 430 1835 670 1868; x_wconf 84' lang='lat' dir='ltr'>coniecerunt:</span> <span class='ocrx_word' id='word_1_240' title='bbox 693 1834 730 1867; x_wconf 83' lang='lat' dir='ltr'>in</span> <span class='ocrx_word' id='word_1_241' title='bbox 752 1833 868 1871; x_wconf 79' lang='lat' dir='ltr'>nobis,</span> <span class='ocrx_word' id='word_1_242' title='bbox 896 1834 960 1868; x_wconf 86' lang='lat' dir='ltr'>hoc</span> <span class='ocrx_word' id='word_1_243' title='bbox 985 1845 1106 1869; x_wconf 84' lang='lat' dir='ltr'>sensu:</span> <span class='ocrx_word' id='word_1_244' title='bbox 1132 1834 1247 1868; x_wconf 77' lang='lat' dir='ltr'>Nolite</span> <span class='ocrx_word' id='word_1_245' title='bbox 1271 1845 1411 1878; x_wconf 84' lang='lat' dir='ltr'>sperare</span> <span class='ocrx_word' id='word_1_246' title='bbox 1436 1844 1491 1867; x_wconf 90' lang='lat' dir='ltr'>me</span> <span class='ocrx_word' id='word_1_247' title='bbox 1515 1834 1617 1868; x_wconf 89' lang='lat' dir='ltr'>fidem</span> 
     </span>
     <span class='ocr_line' id='line_1_27' title="bbox 280 1899 1623 1944; baseline -0.001 -10"><span class='ocrx_word' id='word_1_248' title='bbox 280 1901 375 1934; x_wconf 62' lang='lat' dir='ltr'>»obis</span> <span class='ocrx_word' id='word_1_249' title='bbox 405 1900 607 1936; x_wconf 83' lang='lat' dir='ltr'>habiturum.</span> <span class='ocrx_word' id='word_1_250' title='bbox 657 1902 806 1936; x_wconf 74' lang='lat' dir='ltr'>Vossms</span> <span class='ocrx_word' id='word_1_251' title='bbox 839 1901 896 1944; x_wconf 91' lang='lat' dir='ltr'>qui</span> <span class='ocrx_word' id='word_1_252' title='bbox 932 1902 966 1934; x_wconf 86' lang='lat' dir='ltr'>in</span> <span class='ocrx_word' id='word_1_253' title='bbox 1003 1900 1201 1935; x_wconf 76' lang='lat' dir='ltr'>hexametro</span> <span class='ocrx_word' id='word_1_254' title='bbox 1238 1899 1351 1933; x_wconf 73' lang='lat' dir='ltr'>somni</span> <span class='ocrx_word' id='word_1_255' title='bbox 1384 1900 1537 1943; x_wconf 83' lang='lat' dir='ltr'>reposuit</span> <span class='ocrx_word' id='word_1_256' title='bbox 1572 1910 1623 1943; x_wconf 76' lang='lat' dir='ltr'>pr,</span> 
     </span>
     <span class='ocr_line' id='line_1_28' title="bbox 277 1964 1625 2011; baseline -0.002 -13"><span class='ocrx_word' id='word_1_257' title='bbox 277 1966 372 2003; x_wconf 61' lang='lat' dir='ltr'>vani,</span> <span class='ocrx_word' id='word_1_258' title='bbox 398 1968 431 2000; x_wconf 91' lang='lat' dir='ltr'>in</span> <span class='ocrx_word' id='word_1_259' title='bbox 450 1971 660 2011; x_wconf 88' lang='lat' dir='ltr'>pentametro</span> <span class='ocrx_word' id='word_1_260' title='bbox 682 1977 758 2000; x_wconf 90' lang='lat' dir='ltr'>cum</span> <span class='ocrx_word' id='word_1_261' title='bbox 778 1967 939 2000; x_wconf 67' lang='lat' dir='ltr'>Munnro</span> <span class='ocrx_word' id='word_1_262' title='bbox 963 1967 1118 2010; x_wconf 79' lang='lat' dir='ltr'>scripsit:</span> <span class='ocrx_word' id='word_1_263' title='bbox 1144 1965 1306 1998; x_wconf 75' lang='lat' dir='ltr'>Desinite</span> <span class='ocrx_word' id='word_1_264' title='bbox 1328 1964 1365 1997; x_wconf 82' lang='lat' dir='ltr'>in</span> <span class='ocrx_word' id='word_1_265' title='bbox 1387 1965 1489 1997; x_wconf 65' lang='lat' dir='ltr'>vvanis</span> <span class='ocrx_word' id='word_1_266' title='bbox 1513 1975 1625 2009; x_wconf 61' lang='lat' dir='ltr'>quaen</span> 
     </span>
     <span class='ocr_line' id='line_1_29' title="bbox 278 2028 1623 2075; baseline 0.001 -12"><span class='ocrx_word' id='word_1_267' title='bbox 278 2043 352 2064; x_wconf 80' lang='lat' dir='ltr'>rere</span> <span class='ocrx_word' id='word_1_268' title='bbox 377 2031 464 2065; x_wconf 72' lang='lat' dir='ltr'>velle</span> <span class='ocrx_word' id='word_1_269' title='bbox 480 2032 593 2075; x_wconf 73' lang='lat' dir='ltr'>fidem</span> <span class='ocrx_word' id='word_1_270' title='bbox 616 2033 688 2066; x_wconf 86' lang='lat' dir='ltr'>scil.</span> <span class='ocrx_word' id='word_1_271' title='bbox 714 2032 826 2074; x_wconf 77' lang='lat' dir='ltr'>vobis,</span> <span class='ocrx_word' id='word_1_272' title='bbox 853 2032 1066 2066; x_wconf 63' lang='lat' dir='ltr'>Huscnxms</span> <span class='ocrx_word' id='word_1_273' title='bbox 1086 2042 1161 2066; x_wconf 90' lang='lat' dir='ltr'>cum</span> <span class='ocrx_word' id='word_1_274' title='bbox 1183 2032 1304 2065; x_wconf 70' lang='lat' dir='ltr'>ITAms</span> <span class='ocrx_word' id='word_1_275' title='bbox 1323 2030 1409 2073; x_wconf 83' lang='lat' dir='ltr'>legit</span> <span class='ocrx_word' id='word_1_276' title='bbox 1427 2028 1463 2061; x_wconf 83' lang='lat' dir='ltr'>in</span> <span class='ocrx_word' id='word_1_277' title='bbox 1483 2028 1623 2065; x_wconf 74' lang='lat' dir='ltr'>somnis,</span> 
     </span>
     <span class='ocr_line' id='line_1_30' title="bbox 279 2097 1624 2144; baseline -0.002 -12"><span class='ocrx_word' id='word_1_278' title='bbox 279 2109 356 2132; x_wconf 90' lang='lat' dir='ltr'>cnm</span> <span class='ocrx_word' id='word_1_279' title='bbox 390 2099 474 2131; x_wconf 65' lang='lat' dir='ltr'>vani</span> <span class='ocrx_word' id='word_1_280' title='bbox 506 2099 681 2143; x_wconf 82' lang='lat' dir='ltr'>probasset</span> <span class='ocrx_word' id='word_1_281' title='bbox 717 2100 749 2132; x_wconf 93' lang='lat' dir='ltr'>in</span> <span class='ocrx_word' id='word_1_282' title='bbox 785 2099 996 2135; x_wconf 73' lang='lat' dir='ltr'>hexametro.</span> <span class='ocrx_word' id='word_1_283' title='bbox 1055 2101 1134 2135; x_wconf 82' lang='lat' dir='ltr'>Non</span> <span class='ocrx_word' id='word_1_284' title='bbox 1162 2111 1248 2144; x_wconf 88' lang='lat' dir='ltr'>opus</span> <span class='ocrx_word' id='word_1_285' title='bbox 1273 2102 1325 2132; x_wconf 80' lang='lat' dir='ltr'>est</span> <span class='ocrx_word' id='word_1_286' title='bbox 1351 2102 1390 2132; x_wconf 89' lang='lat' dir='ltr'>ut</span> <span class='ocrx_word' id='word_1_287' title='bbox 1414 2097 1554 2131; x_wconf 79' lang='lat' dir='ltr'>verbum</span> <span class='ocrx_word' id='word_1_288' title='bbox 1581 2097 1624 2130; x_wconf 87' lang='lat' dir='ltr'>de</span> 
     </span>
     <span class='ocr_line' id='line_1_31' title="bbox 279 2165 1622 2211; baseline -0.001 -12"><span class='ocrx_word' id='word_1_289' title='bbox 279 2165 329 2199; x_wconf 76' lang='lat' dir='ltr'>his</span> <span class='ocrx_word' id='word_1_290' title='bbox 355 2166 489 2201; x_wconf 82' lang='lat' dir='ltr'>addam.</span> <span class='ocrx_word' id='word_1_291' title='bbox 537 2166 699 2200; x_wconf 51' lang='lat' dir='ltr'>Bicnms</span> <span class='ocrx_word' id='word_1_292' title='bbox 724 2169 877 2211; x_wconf 86' lang='lat' dir='ltr'>recepit:</span> <span class='ocrx_word' id='word_1_293' title='bbox 905 2167 1052 2201; x_wconf 64' lang='lat' dir='ltr'>desinite</span> <span class='ocrx_word' id='word_1_294' title='bbox 1077 2174 1112 2200; x_wconf 76' lang='lat' dir='ltr'>et</span> <span class='ocrx_word' id='word_1_295' title='bbox 1132 2166 1248 2203; x_wconf 68' lang='lat' dir='ltr'>vobis,</span> <span class='ocrx_word' id='word_1_296' title='bbox 1273 2167 1389 2200; x_wconf 89' lang='lat' dir='ltr'>collat.</span> <span class='ocrx_word' id='word_1_297' title='bbox 1415 2166 1523 2198; x_wconf 75' lang='lat' dir='ltr'>Ovm.</span> <span class='ocrx_word' id='word_1_298' title='bbox 1550 2165 1622 2198; x_wconf 80' lang='lat' dir='ltr'>Art.</span> 
     </span>
     <span class='ocr_line' id='line_1_32' title="bbox 281 2231 1624 2276; baseline -0.002 -11"><span class='ocrx_word' id='word_1_299' title='bbox 281 2233 355 2266; x_wconf 78' lang='lat' dir='ltr'>Am.</span> <span class='ocrx_word' id='word_1_300' title='bbox 389 2233 416 2274; x_wconf 85' lang='lat' dir='ltr'>J,</span> <span class='ocrx_word' id='word_1_301' title='bbox 449 2235 528 2265; x_wconf 83' lang='lat'>612.</span> <span class='ocrx_word' id='word_1_302' title='bbox 589 2233 754 2276; x_wconf 84' lang='lat' dir='ltr'>Pr&#39;oponit</span> <span class='ocrx_word' id='word_1_303' title='bbox 787 2234 910 2267; x_wconf 86' lang='lat' dir='ltr'>etiam:</span> <span class='ocrx_word' id='word_1_304' title='bbox 955 2245 977 2265; x_wconf 82' lang='lat' dir='ltr'><em>a</em></span> <span class='ocrx_word' id='word_1_305' title='bbox 1016 2233 1125 2268; x_wconf 70' lang='lat' dir='ltr'>uobis.</span> <span class='ocrx_word' id='word_1_306' title='bbox 1188 2233 1287 2268; x_wconf 84' lang='lat' dir='ltr'>Quae</span> <span class='ocrx_word' id='word_1_307' title='bbox 1330 2231 1507 2273; x_wconf 84' lang='lat' dir='ltr'>elegantes</span> <span class='ocrx_word' id='word_1_308' title='bbox 1546 2233 1624 2263; x_wconf 90' lang='lat' dir='ltr'>sunt</span> 
     </span>
     <span class='ocr_line' id='line_1_33' title="bbox 281 2297 1621 2342; baseline -0.001 -13"><span class='ocrx_word' id='word_1_309' title='bbox 281 2297 533 2330; x_wconf 80' lang='lat' dir='ltr'>emendationes</span> <span class='ocrx_word' id='word_1_310' title='bbox 558 2307 619 2331; x_wconf 87' lang='lat' dir='ltr'>nec</span> <span class='ocrx_word' id='word_1_311' title='bbox 644 2302 758 2331; x_wconf 88' lang='lat' dir='ltr'>tamen</span> <span class='ocrx_word' id='word_1_312' title='bbox 788 2299 997 2332; x_wconf 82' lang='lat' dir='ltr'>verisimiles.</span> <span class='ocrx_word' id='word_1_313' title='bbox 1047 2300 1097 2332; x_wconf 90' lang='lat' dir='ltr'>Ae</span> <span class='ocrx_word' id='word_1_314' title='bbox 1122 2299 1244 2342; x_wconf 85' lang='lat' dir='ltr'>copula</span> <span class='ocrx_word' id='word_1_315' title='bbox 1273 2307 1339 2330; x_wconf 92' lang='lat' dir='ltr'>non</span> <span class='ocrx_word' id='word_1_316' title='bbox 1367 2300 1435 2329; x_wconf 86' lang='lat' dir='ltr'>tam</span> <span class='ocrx_word' id='word_1_317' title='bbox 1463 2305 1621 2328; x_wconf 84' lang='lat' dir='ltr'>necessa-</span> 
     </span>
     <span class='ocr_line' id='line_1_34' title="bbox 279 2362 1622 2408; baseline 0 -14"><span class='ocrx_word' id='word_1_318' title='bbox 279 2363 328 2395; x_wconf 87' lang='lat' dir='ltr'>ria</span> <span class='ocrx_word' id='word_1_319' title='bbox 352 2362 531 2404; x_wconf 74' lang='lat' dir='ltr'>videbitur,</span> <span class='ocrx_word' id='word_1_320' title='bbox 558 2364 586 2395; x_wconf 88' lang='lat' dir='ltr'>si</span> <span class='ocrx_word' id='word_1_321' title='bbox 613 2365 803 2397; x_wconf 86' lang='lat' dir='ltr'>memineris</span> <span class='ocrx_word' id='word_1_322' title='bbox 829 2363 1063 2398; x_wconf 81' lang='lat' dir='ltr'>hexametrum</span> <span class='ocrx_word' id='word_1_323' title='bbox 1089 2374 1151 2408; x_wconf 90' lang='lat' dir='ltr'>pro</span> <span class='ocrx_word' id='word_1_324' title='bbox 1177 2374 1242 2396; x_wconf 88' lang='lat' dir='ltr'>una</span> <span class='ocrx_word' id='word_1_325' title='bbox 1267 2363 1438 2396; x_wconf 86' lang='lat' dir='ltr'>sententia</span> <span class='ocrx_word' id='word_1_326' title='bbox 1464 2371 1551 2394; x_wconf 89' lang='lat' dir='ltr'>esse.</span> <span class='ocrx_word' id='word_1_327' title='bbox 1574 2377 1622 2386; x_wconf 91' lang='lat'>—</span> 
     </span>
     <span class='ocr_line' id='line_1_35' title="bbox 283 2428 1621 2471; baseline -0.004 -9"><span class='ocrx_word' id='word_1_328' title='bbox 283 2428 321 2462; x_wconf 78' lang='lat' dir='ltr'>V.</span> <span class='ocrx_word' id='word_1_329' title='bbox 347 2430 369 2460; x_wconf 88' lang='lat'>5</span> <span class='ocrx_word' id='word_1_330' title='bbox 395 2438 468 2470; x_wconf 88' lang='lat' dir='ltr'>sqq.</span> <span class='ocrx_word' id='word_1_331' title='bbox 516 2428 664 2462; x_wconf 84' lang='lat' dir='ltr'>Sensus:</span> <span class='ocrx_word' id='word_1_332' title='bbox 711 2429 810 2462; x_wconf 75' lang='lat' dir='ltr'>Divi</span> <span class='ocrx_word' id='word_1_333' title='bbox 846 2440 951 2463; x_wconf 88' lang='lat' dir='ltr'>vera</span> <span class='ocrx_word' id='word_1_334' title='bbox 988 2433 1166 2463; x_wconf 89' lang='lat' dir='ltr'>monent</span> <span class='ocrx_word' id='word_1_335' title='bbox 1204 2428 1317 2462; x_wconf 85' lang='lat' dir='ltr'>verbis</span> <span class='ocrx_word' id='word_1_336' title='bbox 1357 2437 1419 2471; x_wconf 87' lang='lat' dir='ltr'>per</span> <span class='ocrx_word' id='word_1_337' title='bbox 1454 2429 1548 2458; x_wconf 80' lang='lat' dir='ltr'>vates</span> <span class='ocrx_word' id='word_1_338' title='bbox 1586 2430 1621 2458; x_wconf 87' lang='lat' dir='ltr'>et</span> 
     </span>
     <span class='ocr_line' id='line_1_36' title="bbox 281 2494 1622 2538; baseline 0 -12"><span class='ocrx_word' id='word_1_339' title='bbox 281 2495 438 2536; x_wconf 77' lang='lat' dir='ltr'>oracula,</span> <span class='ocrx_word' id='word_1_340' title='bbox 476 2494 581 2537; x_wconf 83' lang='lat' dir='ltr'>signis</span> <span class='ocrx_word' id='word_1_341' title='bbox 606 2506 685 2528; x_wconf 78' lang='lat' dir='ltr'>vera</span> <span class='ocrx_word' id='word_1_342' title='bbox 710 2500 847 2529; x_wconf 87' lang='lat' dir='ltr'>monent</span> <span class='ocrx_word' id='word_1_343' title='bbox 872 2507 935 2530; x_wconf 88' lang='lat' dir='ltr'>nos</span> <span class='ocrx_word' id='word_1_344' title='bbox 960 2500 1084 2538; x_wconf 66' lang='lat' dir='ltr'>extag</span> <span class='ocrx_word' id='word_1_345' title='bbox 1125 2507 1222 2538; x_wconf 87' lang='lat' dir='ltr'>nam,</span> <span class='ocrx_word' id='word_1_346' title='bbox 1257 2499 1295 2528; x_wconf 89' lang='lat' dir='ltr'>ut</span> <span class='ocrx_word' id='word_1_347' title='bbox 1321 2497 1474 2534; x_wconf 82' lang='lat' dir='ltr'>constat,</span> <span class='ocrx_word' id='word_1_348' title='bbox 1501 2502 1622 2535; x_wconf 82' lang='lat' dir='ltr'>magna</span> 
     </span>
     <span class='ocr_line' id='line_1_37' title="bbox 280 2550 1623 2604; baseline 0 -12"><span class='ocrx_word' id='word_1_349' title='bbox 280 2564 350 2593; x_wconf 84' lang='lat' dir='ltr'>tum</span> <span class='ocrx_word' id='word_1_350' title='bbox 377 2565 451 2594; x_wconf 83' lang='lat' dir='ltr'>erat</span> <span class='ocrx_word' id='word_1_351' title='bbox 475 2559 708 2604; x_wconf 85' lang='lat' dir='ltr'>haruspicinae</span> <span class='ocrx_word' id='word_1_352' title='bbox 733 2563 931 2597; x_wconf 79' lang='lat' dir='ltr'>auctoritas.</span> <span class='ocrx_word' id='word_1_353' title='bbox 956 2581 1003 2588; x_wconf 94' lang='lat'>—</span> <span class='ocrx_word' id='word_1_354' title='bbox 1042 2550 1176 2595; x_wconf 58' lang='lat' dir='ltr'>verba:</span> <span class='ocrx_word' id='word_1_355' title='bbox 1214 2564 1431 2593; x_wconf 80' lang='lat' dir='ltr'>venturae</span> <span class='ocrx_word' id='word_1_356' title='bbox 1465 2559 1623 2592; x_wconf 85' lang='lat' dir='ltr'>nuntia</span> 
     </span>
     <span class='ocr_line' id='line_1_38' title="bbox 280 2623 1621 2665; baseline -0.003 -5"><span class='ocrx_word' id='word_1_357' title='bbox 280 2628 428 2661; x_wconf 67' lang='lat' dir='ltr'>‚sortis</span> <span class='ocrx_word' id='word_1_358' title='bbox 463 2628 610 2663; x_wconf 66' lang='lat' dir='ltr'>Vossius</span> <span class='ocrx_word' id='word_1_359' title='bbox 651 2629 862 2665; x_wconf 84' lang='lat' dir='ltr'>incommode</span> <span class='ocrx_word' id='word_1_360' title='bbox 902 2639 977 2665; x_wconf 91' lang='lat' dir='ltr'>cum</span> <span class='ocrx_word' id='word_1_361' title='bbox 1016 2627 1227 2663; x_wconf 78' lang='lat' dir='ltr'>antecedenti</span> <span class='ocrx_word' id='word_1_362' title='bbox 1265 2637 1347 2658; x_wconf 64' lang='lat' dir='ltr'>vera</span> <span class='ocrx_word' id='word_1_363' title='bbox 1385 2623 1549 2659; x_wconf 82' lang='lat' dir='ltr'>construit</span> <span class='ocrx_word' id='word_1_364' title='bbox 1585 2628 1621 2657; x_wconf 83' lang='lat' dir='ltr'>ut</span> 
     </span>
    </p>
   </div>
  </div>
 </body>
</html>
