1721 2953
324 154 404 187 306
638 147 1008 192 COMMENTAR.
1040 151 1098 192 IN
1128 152 1358 195 TIssULLl

325 265 372 297 bit
398 268 432 298 et
457 265 641 298 construit:
674 268 712 298 ut
736 276 864 310 vagu5‚
890 277 909 302 e
936 269 1036 303 terris
1059 279 1127 312 qua
1152 279 1297 313 surgere
1324 270 1460 313 nititur,
1485 271 1564 314 aer,
1591 271 1667 306 huic

324 337 358 365 et
382 336 561 365 contextus
587 333 712 376 passim
738 334 820 368 fluat
844 335 964 378 igneus
997 337 1133 379 aether,
1159 336 1190 374 h.
1212 348 1242 372 e.
1266 341 1304 371 ut
1328 339 1388 372 aer
1411 349 1517 382 vagus
1542 341 1667 383 passim

324 400 404 431 tluat
437 398 493 431 ubi
528 408 548 432 e
585 401 675 432 terra
707 400 839 442 surgit,
879 404 915 435 et
951 401 1027 436 huic
1061 407 1243 437 contextus
1279 402 1397 437 aether
1432 404 1504 438 scil.
1540 405 1664 448 passim

318 468 410 499 ssuat.
460 467 612 501 Primum
646 477 727 501 vero
761 469 816 501 cui
852 469 987 512 placere
1012 474 1126 513 potest
1154 468 1239 503 haec
1265 471 1425 514 repetitio
1453 482 1503 504 vv.
1527 470 1662 515 passim

309 533 430 574 fluat,
464 543 551 575 quae
576 534 724 568 maxime
753 535 887 570 ieiuna!
936 516 1008 570 Seli
1037 541 1089 570 est
1114 539 1222 571 malus
1249 542 1354 582 poeta
1387 543 1515 573 auctor.
1564 539 1663 573 Adde

319 598 423 641 igitur
447 600 609 634 alterum:
636 604 730 634 estne
752 606 932 637 contextus
957 603 1076 638 aether
1100 606 1170 638 aeri
1197 616 1215 639 e
1241 610 1331 638 terra
1356 604 1539 647 surgenti?
1588 605 1657 638 Mi-

317 665 424 706 nime,
451 663 514 698 hoc
539 669 617 698 ante
642 666 708 700 iam
732 668 857 702 monui.
906 669 1012 703 Vides
1036 670 1143 712 igitur
1167 670 1259 703 nihili
1285 681 1361 704 esse
1386 669 1478 705 haec.
1530 671 1657 706 Verum

315 731 396 763 satis
420 729 463 764 de
490 730 554 765 hoc
581 733 668 766 loco.
694 751 739 757 —
778 733 1100 778 Pendentique
1133 746 1269 779 super
1294 740 1386 770 recte
1411 737 1520 779 iungit
1543 736 1657 770 Wun-

315 808 558 842 mmmcmus,
583 800 761 834 conferens
785 800 930 836 HoRA‘r.
955 801 1066 846 Epod.
1089 803 1131 845 V,
1157 806 1223 837 80:
1255 803 1393 837 Tellure
1411 809 1576 848 porrecta
1599 815 1663 836 εα-

310 874 390 906 per.
411 882 458 888 —
483 865 524 898 V.
550 867 597 898 25
618 875 691 909 sqq.
741 868 830 900 Seu
854 866 940 901 tibi
966 877 1044 911 par
1070 872 1313 912 poterunt,
1339 869 1370 902 h.
1398 881 1428 903 e.
1456 870 1553 903 factis
1579 870 1656 913 tuis,

315 941 375 963 seu
408 932 530 965 ultra
565 936 726 976 poterunt
752 938 788 967 et
813 935 889 978 plus
914 935 1008 979 pari,
1047 935 1139 978 quod
1174 940 1287 970 tamen
1313 947 1392 980 spes
1423 937 1552 970 abnuit·
1600 936 1659 969 Sic

311 996 474 1030 BAcflrus
500 1002 701 1042 reposuerat
726 1002 761 1032 et
785 1009 876 1032 nunc
909 1000 1012 1034 etiam
1039 1000 1296 1036 LAcflMANNth
1332 1002 1479 1035 restituit
1511 1001 1659 1036 iubenti-

310 1061 374 1094 bus
410 1061 515 1096 libris.
573 1062 648 1097 Nec
684 1068 779 1098 caret
812 1063 866 1098 hic
905 1068 1008 1108 poeta
1044 1066 1205 1100 vanitate.
1261 1067 1370 1100 Aliter
1405 1077 1480 1100 cum
1517 1066 1658 1100 Vunrlo

310 1127 490 1161 scribitur:
524 1128 587 1161 sed
608 1148 654 1154 —
679 1149 726 1154 —
750 1129 873 1169 ultr05
899 1131 990 1174 quod
1020 1133 1125 1165 velles
1150 1133 1314 1166 librorum
1339 1134 1542 1167 auctoritate
1568 1133 1657 1166 nite-

311 1198 422 1236 retur,
459 1204 534 1228 nam
561 1200 754 1230 removetur
779 1197 828 1229 sic
854 1197 992 1231 tertium
1018 1198 1169 1242 ineptum
1196 1204 1413 1234 momentum.
1472 1201 1584 1243 Atque
1608 1200 1656 1233 ita

309 1259 481 1294 HuYNrus
528 1261 676 1295 malebat
721 1266 756 1295 et
799 1263 1128 1298 WUNDERLICHIUS.
1157 1283 1199 1289 —
1253 1276 1473 1300 vovemus.
1523 1267 1654 1301 SJDON.

309 1326 442 1360 Aponi..
467 1338 498 1360 c.
523 1327 583 1370 VI,
607 1330 666 1362 35.
691 1334 911 1373 comparante
938 1330 1154 1365 Huscflxro:
1181 1329 1354 1365 Publicus
1379 1332 1436 1365 lzic
1456 1338 1564 1377 pater
1589 1339 1654 1369 est,

307 1393 387 1425 vovi
411 1393 469 1425 cui
501 1405 658 1431 carmen,
687 1395 844 1437 Avitus,
869 1397 1029 1429 IlIateria
1054 1403 1107 1429 est
1134 1397 1263 1434 maior,
1288 1398 1319 1430 si
1342 1399 1428 1430 milti
1452 1401 1563 1431 Musa
1588 1398 1653 1431 mi-

306 1470 380 1492 nor.
429 1460 581 1493 Alteram
617 1460 799 1493 lectionem
831 1472 1008 1494 movemus
1041 1463 1204 1505 praetulit
1231 1463 1378 1497 Vossrus
1410 1473 1488 1497 cum
1520 1464 1652 1498 PAssss-

307 1536 436 1567 mmo,
469 1526 611 1560 laudans
637 1527 747 1562 Vmcr.
774 1527 860 1560 Aen.
886 1528 962 1570 Vll,
988 1530 1056 1562 452
1089 1528 1205 1562 maius
1233 1542 1321 1574 opus
1346 1542 1481 1572 moveo,
1505 1542 1536 1566 v.
1562 1534 1650 1567 641:

305 1597 434 1624 cantus
459 1598 613 1628 movete,
639 1593 746 1626 Ovm.
773 1593 869 1627 Fast.
894 1593 954 1635 VI,
979 1597 1067 1627 760:
1104 1594 1232 1627 nimiae
1257 1602 1414 1628 moverat
1436 1597 1529 1629 artis
1553 1609 1651 1641 opus.

305 1657 441 1690 Placuit
466 1657 556 1690 idem
584 1657 723 1690 BAcmo
749 1657 783 1690 in
809 1656 919 1700 Epist.
945 1657 1022 1689 crit·
1048 1669 1081 1701 p.
1106 1661 1152 1691 35
1177 1669 1251 1702 sqq.
1287 1663 1322 1693 et
1354 1661 1387 1694 in
1413 1661 1563 1696 editione
1588 1673 1649 1696 sua

303 1724 444 1757 Tibulli.
504 1724 575 1759 Sed
609 1728 704 1758 recte
737 1724 895 1758 observat
929 1724 1163 1761 Husemcms:
1199 1727 1354 1769 „Futura
1377 1730 1525 1763 carmina
1550 1730 1647 1764 simul

303 1792 414 1824 omnia
448 1803 536 1825 nune
569 1803 703 1825 movere
736 1802 804 1835 quo
835 1792 972 1826 tandem
1007 1793 1109 1827 modo
1140 1796 1250 1838 possit
1281 1796 1411 1839 poeta?
1460 1798 1506 1830 At
1534 1800 1649 1841 potest

302 1869 390 1901 quae
423 1859 566 1893 sortasse
599 1859 783 1903 aliquando
816 1858 988 1897 movebit,
1025 1861 1091 1894 iam
1124 1872 1211 1896 nunc
1245 1864 1357 1896 omnia
1383 1875 1504 1896 vovere
1528 1868 1647 1908 patro-

302 1924 382 1958 110.“
400 1944 447 1949 —-
472 1929 600 1959 tanto
625 1926 828 1959 carmine
854 1925 1066 1960 Huscfflssus
1093 1928 1239 1971 positum
1264 1929 1457 1973 suspicatur
1482 1941 1531 1974 pr.
1557 1932 1643 1964 tanti

301 1992 456 2035 nominis,
481 1992 565 2025 tanti
592 1991 753 2036 ponderis
779 1992 928 2026 carmine
953 1996 988 2026 et
1012 1992 1090 2026 iude
1114 2003 1266 2027 manasse
1292 2005 1334 2028 ex
1361 1995 1643 2039 interpretatione

298 2060 422 2094 verba:
448 2059 582 2093 nomine
609 2063 643 2092 et
664 2058 837 2103 pondere,
861 2071 949 2103 quae
973 2061 1007 2094 in
1033 2062 1201 2094 nonnullis
1226 2062 1330 2096 libris.
1380 2063 1528 2096 Vossms
1554 2064 1643 2097 male

293 2124 449 2169 pondere
473 2125 623 2169 recepit,
649 2124 739 2168 quod
765 2126 920 2168 sequitur
943 2126 1125 2169 memus,
1156 2127 1328 2161 Hermus
1352 2127 1497 2162 nomine.
1545 2128 1642 2162 Idem

298 2191 431 2225 confert
464 2191 607 2225 HORA'r.
637 2192 697 2234 IV,
723 2195 756 2235 9,
781 2195 846 2226 30:
885 2193 965 2226 Non
998 2205 1060 2240 ego
1094 2199 1128 2225 te
1162 2193 1244 2227 meis
1271 2193 1415 2227 Clzartis
1438 2193 1642 2228 inornatum

297 2255 416 2291 silebo.
441 2275 487 2281 —
526 2257 568 2291 V.
594 2260 640 2290 28
665 2268 739 2302 sqq.
782 2260 998 2302 antiquae
1032 2261 1196 2302 gentis.
1246 2261 1332 2296 Quis
1357 2261 1528 2295 Valeriam
1553 2272 1638 2305 gen-

298 2326 367 2356 tem
392 2323 546 2366 ignorat,
585 2324 711 2357 claram
737 2335 797 2368 per
822 2326 935 2358 omnia
960 2330 1115 2369 tempora
1140 2326 1378 2370 reipublicae?
1417 2331 1638 2370 superant

299 2387 394 2421 tibi.
443 2389 623 2423 SALsz'r.
659 2389 733 2423 Cat.
759 2392 824 2423 21:
861 2389 949 2435 Quis
983 2389 1133 2424 tolerare
1156 2397 1274 2436 potest
1305 2391 1378 2425 illis
1404 2391 1550 2425 divitias
1574 2403 1637 2424 su-

292 2464 441 2496 perare,
477 2453 574 2487 nobis
600 2467 669 2487 rem
692 2456 908 2500 familiarem
936 2457 1078 2491 deesse?
1105 2477 1148 2483 --
1187 2463 1260 2492 tua
1294 2459 1462 2502 gloria,
1496 2462 1552 2500 tn,
1589 2460 1632 2492 cf.

299 2520 340 2552 ad
364 2520 393 2562 1,
416 2523 450 2562 2,
478 2524 533 2554 11.
582 2523 771 2557 Conserunt
797 2526 986 2560 Pnopmw.
1013 2526 1056 2568 ΙΙ,
1082 2530 1116 2568 7,
1143 2530 1197 2560 Π.
1224 2544 1267 2551 —-
1303 2535 1475 2568 quaque
1503 2524 1633 2558 index

298 2587 374 2619 sub
411 2587 627 2631 imagine,
666 2592 767 2634 xulgo
795 2593 911 2625 titulus
937 2591 1067 2634 dictim,
1107 2592 1254 2625 indicans
1280 2591 1426 2624 breviter
1454 2599 1574 2623 nomen
1600 2595 1634 2624 et

297 2654 416 2688 merita
450 2655 523 2689 viri.
577 2657 716 2690 Vnst-:n-
742 2658 882 2692 MAxnu.
913 2660 952 2700 V,
977 2662 1010 2701 8,
1036 2663 1068 2693 3.
1105 2658 1147 2691 ‹ie
1179 2658 1356 2700 Torquato
1384 2658 1531 2690 Manlio:
1572 2657 1631 2690 Vi-
