1721 2953
1492 117 1518 140 v

165 244 250 269 cam
294 222 664 266 demonstraverint
704 220 819 267 satis,
861 217 1033 259 Vossius
1078 225 1213 257 atttem
1248 217 1386 258 denuo
1418 217 1519 259 duas

165 321 310 374 elegias
342 318 576 360 distraxerit
603 318 646 357 in
678 324 891 371 quattuor,
942 313 1120 369 denique
1150 314 1319 368 plurimi
1346 314 1517 355 omnino

164 417 422 470 imperfectas
463 427 549 454 esse
596 419 788 452 censeant
831 409 1149 463 compositiones
1183 408 1363 457 Tibulli,
1405 408 1519 462 quod

165 525 299 565 nuper
327 509 492 564 repetiit
520 505 770 559 Bernhardy
807 506 852 545 in
882 505 1055 545 historia
1082 504 1265 545 literaria
1294 517 1382 544 sua.
1438 504 1519 544 Ac·

165 605 316 648 cedunt
341 605 616 646 dissensiones
646 602 696 644 de
726 603 836 643 tertii
865 611 905 643 et
934 603 1070 657 quarti
1097 601 1195 642 libri
1226 599 1383 651 origine
1413 612 1520 639 non-

165 699 264 740 dum
295 700 557 753 compositae.
617 696 733 748 Quae
764 712 837 750 ego
857 712 950 737 cum
973 694 1290 745 considerarem,
1317 694 1436 735 facile
1456 694 1521 736 in-

165 798 396 850 telligebam
426 797 694 850 interpretem
727 796 886 851 requiri
920 795 1075 849 optimo
1099 802 1268 848 poetae,
1300 792 1373 847 qui
1401 806 1522 846 prae-

164 903 226 934 ter
258 895 469 946 vulgarem
502 894 624 934 etiam
654 893 864 944 altiorem,
908 906 1033 948 quam
1064 890 1230 941 dicunt,
1275 891 1522 929 hermeneu-

166 990 284 1029 ticam
313 988 548 1039 adhiberet,
578 990 920 1043 compositionem
966 996 1005 1028 et
1030 988 1229 1028 unitatem
1263 986 1416 1038 elegiae
1453 998 1522 1024 cu-

164 1086 311 1137 iusque
341 1083 434 1124 data
463 1098 591 1136 opera
620 1084 894 1132 examinaret,
933 1090 1062 1122 artem
1091 1082 1294 1135 poeticam
1318 1080 1431 1120 Albii
1458 1094 1523 1119 ac-

167 1177 346 1217 curatius
365 1179 630 1230 explanaret,
665 1188 704 1218 et
720 1179 885 1219 tandem
904 1178 1143 1231 profligaret
1163 1177 1379 1230 opiniones
1404 1190 1523 1228 prae-

166 1274 275 1310 claro
305 1281 428 1324 poeta
458 1272 660 1323 indignas.
717 1271 841 1314 Absit
870 1288 894 1312 a
922 1287 987 1313 me
1017 1280 1063 1312 ut
1092 1281 1353 1312 contemnam
1379 1270 1524 1309 merita

166 1364 326 1416 egregia
358 1373 422 1405 tot
460 1365 646 1406 virorum
690 1367 1016 1419 praeclarorum,
1063 1366 1138 1420 qui
1179 1366 1348 1405 Tibullo
1394 1365 1526 1416 expli-

167 1458 297 1500 cando
332 1474 502 1513 operam
532 1458 760 1511 navarunt,
802 1461 873 1502 sed
909 1462 953 1501 iu
993 1461 1082 1501 aliis
1122 1462 1248 1501 rebus
1282 1460 1526 1500 versabatur

166 1554 284 1594 docta
318 1570 416 1595 cura
449 1569 616 1604 eorum,
655 1556 696 1594 in
734 1557 811 1596 hac
841 1569 941 1596 vero
971 1564 1111 1608 parte,
1154 1567 1279 1607 quam
1307 1551 1421 1601 dico,
1464 1553 1525 1590 la-

165 1650 286 1689 borat
314 1663 400 1689 non
425 1651 560 1690 solum
591 1649 773 1699 Tibulli,
820 1647 892 1688 sed
934 1649 1055 1688 etiam
1094 1648 1271 1688 aliorum
1298 1647 1527 1686 multorum

167 1746 415 1796 scriptorum
442 1746 744 1797 interpretatio.
798 1745 862 1785 Ne
892 1747 1043 1795 multa;
1072 1746 1155 1784 iam
1176 1745 1274 1783 olim
1298 1743 1432 1783 editor
1454 1743 1525 1782 Ti-

168 1841 271 1881 bulli
302 1850 397 1893 post
424 1839 737 1881 VVunderlichii
765 1848 966 1887 mortem,
996 1840 1152 1881 tentavi
1174 1854 1285 1879 nunc
1308 1813 1430 1878 etiam
1443 1837 1523 1886 hic,

167 1950 251 1990 quo
292 1950 357 1976 me
395 1935 629 1976 studiorum
666 1950 857 1977 meorum
895 1937 1000 1977 ratio
1040 1937 1219 1987 ferebat,
1273 1934 1527 1988 adhibuique

165 2030 274 2070 idem
312 2045 442 2083 genus
473 2032 823 2085 interpretationis
854 2032 976 2073 Albio
1016 2032 1128 2087 quod
1168 2046 1304 2085 nuper
1331 2028 1528 2078 Pindaro,

166 2128 389 2178 probatum
417 2127 558 2167 multis
588 2129 911 2181 intelligentibus
941 2130 1055 2171 viris·
1125 2129 1185 2169 Ae
1222 2130 1404 2181 primum
1434 2128 1527 2180 qui-

167 2222 260 2261 dem
291 2222 496 2264 illustravi
525 2238 864 2278 unamquamque
895 2225 1065 2278 elegiam
1098 2222 1424 2272 Introductione,
1456 2222 1529 2260 ubi

167 2317 217 2357 de
255 2319 388 2359 causis
429 2321 609 2361 externis
651 2330 691 2361 et
732 2320 783 2362 de
822 2321 1120 2374 compositione
1157 2321 1244 2359 eius
1277 2318 1530 2372 disputatum

168 2422 248 2467 est3
287 2428 340 2454 ex
370 2416 620 2467 argumentis
645 2419 768 2469 vulgo
799 2417 1036 2470 praemissis
1064 2414 1245 2455 laudabo
1276 2414 1311 2453 si
1341 2414 1434 2467 quis
1463 2416 1529 2453 vel

169 2511 291 2550 unius
334 2512 484 2564 elegiae
527 2528 671 2554 veram
716 2514 1056 2568 composinonem
1101 2510 1372 2558 intellexerit,
1421 2523 1530 2548 nunc
1556 2521 1565 2529 '¹

171 2614 306 2645 autem
337 2606 581 2650 crediderim
611 2624 695 2651 non
728 2623 849 2663 posse
877 2610 918 2650 in
948 2618 1161 2663 posterum
1192 2605 1240 2646 de
1274 2603 1426 2643 unitate
1458 2603 1530 2641 ha-
