1721 2953
252 136 304 174 42
573 135 942 179 COMMENTAR.
971 135 1031 177 IN
1061 135 1289 177 TIBULLI

252 251 360 283 Porro
399 260 480 283 cave
519 249 808 292 praepositionem
845 258 921 282 cum
947 249 1076 282 Vossro
1114 249 1252 290 deleas,
1291 251 1346 293 qui
1374 251 1482 292 iungit
1509 250 1598 282 mari

251 324 394 358 nattam,
431 320 468 348 ut
504 315 677 360 sanguine
711 321 845 348 natam.
895 314 965 348 Sed
1002 315 1129 358 prodiit
1164 316 1280 348 Venus
1314 326 1334 349 e
1373 316 1477 357 mari,
1521 320 1598 348 nata

250 393 368 426 spuma
394 381 592 423 genitalium
619 381 728 422 Coeli,
753 381 842 424 quod
869 381 1024 415 distinxit
1052 381 1138 415 bene
1162 381 1332 414 Tibullus.
1383 382 1597 424 Quamquam

254 449 357 489 igitur
382 448 465 480 alias
491 447 593 481 etiam
619 459 636 479 e
660 448 834 493 sanguine
860 449 936 491 quis
963 453 1061 482 natus
1086 448 1211 492 dicitur
1239 452 1355 490 recte,
1395 447 1458 481 hoc
1485 452 1597 481 tamen

251 517 326 548 loco
351 525 415 547 non
442 514 584 548 dixisset
609 516 655 549 ita
679 520 803 559 poeta,
838 516 972 550 etiamsi
998 527 1059 560 per
1085 520 1229 549 metrum
1258 516 1432 557 licuisset,
1459 519 1600 560 propter

249 583 350 624 illud,
389 584 479 627 quod
505 583 670 625 indicavi,
708 583 903 617 discrimen.
927 602 974 608 —-
1007 583 1191 628 rapido,
1228 587 1332 618 recte.
1384 584 1506 617 Lectio
1539 595 1600 615 ra-

249 648 326 681 bido
362 650 497 682 nimiam
534 649 695 682 ferociam
728 649 841 683 insert.
908 649 1031 692 Neque
1066 660 1148 683 vero
1193 650 1340 682 otiosum
1375 654 1427 682 est
1462 649 1598 692 rapido.

248 714 312 747 Est
338 714 474 757 quidem
508 715 647 747 solenne
680 715 858 747 fluviorum
890 718 925 747 et
951 715 1054 747 maris
1081 719 1223 758 propter
1247 715 1464 748 velocitatem
1491 715 1599 748 unda-

249 791 324 814 rum
352 780 525 824 epitheton
553 780 637 822 (das
662 779 834 812 mist-ende
858 779 991 823 Mem),
1016 784 1054 812 ut
1081 780 1165 813 infra
1190 780 1249 822 lv,
1278 784 1309 821 1,
1335 784 1414 814 126.
1440 785 1474 814 et
1498 792 1601 825 saepe

249 846 353 888 alias,
379 845 440 879 sed
465 847 498 878 iu
524 846 582 879 tali
607 855 716 887 nexu,
754 845 863 888 qualis
890 844 964 886 hic,
994 844 1092 878 vides
1117 846 1191 889 ipse
1217 848 1432 890 rapacitatis,
1466 847 1601 888 furoris,

249 913 411 945 saevitiae
438 913 610 946 notionem
635 917 757 956 sponte
782 912 956 946 accedere.
1007 913 1166 956 Denique
1193 913 1236 946 de
1262 918 1334 947 tota
1360 914 1528 947 sententia
1555 914 1599 948 cf.

248 978 292 1011 ad
318 978 378 1020 111,
408 980 440 1017 4,
466 981 524 1013 85.
574 981 688 1022 Atque
717 978 800 1013 haec
824 979 998 1013 hactenus.
1024 999 1070 1004 —-
1109 981 1326 1024 Perlegimus
1352 982 1491 1024 primam
1522 987 1599 1024 post

250 1044 425 1077 introitum
447 1049 579 1089 partem
605 1045 775 1086 carminis,
800 1049 836 1078 et
861 1050 1041 1088 postquam
1067 1046 1202 1088 singula
1230 1046 1467 1089 explicuimus,
1492 1049 1599 1078 restat

249 1115 287 1143 ut
312 1111 343 1144 in
371 1111 436 1145 fine
463 1110 503 1143 cle
529 1116 603 1143 toto
629 1112 788 1144 nonnulla
813 1111 989 1145 addamus.
1040 1113 1164 1146 Vidisti
1189 1113 1362 1146 Tibullum
1391 1123 1466 1146 cum
1493 1112 1598 1146 auda-

249 1176 335 1209 ciam
362 1176 481 1210 Deliae
506 1175 633 1210 addere
659 1177 751 1218 velit‚
772 1177 806 1209 id
832 1187 937 1220 agere
962 1188 1024 1222 per
1049 1182 1159 1211 totum
1187 1179 1297 1211 locum
1325 1182 1362 1212 ut
1388 1183 1540 1211 amantes
1565 1179 1598 1211 in

248 1243 418 1287 praesidio
447 1243 590 1276 Veneris
614 1254 690 1276 esse
715 1243 892 1285 ostendat,
929 1255 1016 1286 quae
1040 1248 1131 1277 artes
1159 1244 1301 1277 furtivas
1327 1245 1451 1278 doceat
1475 1245 1597 1288 quibus

248 1310 367 1343 fallere
391 1311 476 1342 alios
502 1311 650 1353 possint,
684 1321 771 1353 quae
799 1311 952 1354 pericula
977 1317 1093 1344 arceat
1119 1316 1284 1344 nocturna
1310 1315 1344 1344 et
1381 1310 1499 1344 hiemis
1524 1322 1598 1344 mo-

247 1377 366 1409 lestiae
390 1376 493 1409 faciat
518 1388 560 1410 ue
585 1381 749 1419 noceant,
788 1389 874 1420 quae
903 1379 1049 1420 denique
1083 1379 1274 1421 proditores
1301 1379 1461 1420 loquaces
1487 1377 1595 1410 furto-

251 1453 324 1476 rum
352 1443 480 1486 puniat.
530 1442 609 1475 Hoc
644 1443 733 1475 enim
768 1448 941 1486 postremo
968 1443 1095 1475 dictum
1122 1443 1153 1475 iu
1180 1444 1219 1475 iis
1246 1443 1332 1475 inest
1361 1453 1448 1484 quae
1474 1442 1552 1475 inde
1577 1453 1596 1474 a

247 1519 279 1542 v.
304 1511 361 1542 35.
388 1509 522 1551 legisti3
560 1509 662 1541 etiam
689 1508 882 1552 proditores
909 1509 1005 1541 Delia
1031 1519 1073 1542 ne
1098 1509 1196 1541 nimis
1222 1510 1358 1549 timeat,
1392 1509 1448 1551 qui
1474 1509 1597 1541 marito

248 1576 404 1609 nuntient
429 1578 551 1618 poetae
577 1574 657 1615 tias,
682 1574 856 1606 ulciscitur
881 1574 996 1606 Venus
1019 1574 1221 1618 proditores.
1270 1575 1328 1607 Sic
1356 1574 1459 1616 igitur
1486 1574 1597 1606 omnia

247 1645 336 1677 bene
362 1643 483 1676 eodem
509 1641 654 1675 redeunt
679 1646 714 1674 et
740 1642 857 1674 subest
881 1652 947 1674 una
972 1643 1139 1675 sententia
1166 1643 1343 1675 universae
1369 1643 1476 1686 parti,
1501 1643 1597 1675 cuius

246 1714 316 1743 tres
343 1710 408 1743 loci
433 1719 520 1742 nunc
547 1709 648 1741 etiam
677 1708 820 1741 observa
855 1719 954 1752 quam
991 1709 1140 1742 suaviter
1176 1710 1254 1741 nexi
1290 1709 1367 1742 sint.
1427 1709 1513 1742 Nam
1539 1719 1595 1742 se-

247 1777 378 1810 cundus
405 1777 500 1809 locus
527 1775 577 1818 (v.
602 1775 736 1818 25-32)
771 1775 917 1818 primum
943 1775 1082 1809 adiuvat
1108 1775 1386 1817 antecedentem,
1425 1777 1596 1810 luculenta

247 1845 354 1877 tutela
386 1843 549 1883 Veneris,
589 1852 688 1884 quam
723 1841 902 1884 experitur
935 1851 999 1873 non
1040 1841 1178 1874 timidus
1212 1851 1322 1884 neque
1358 1842 1448 1875 iners
1484 1846 1596 1885 poeta,

247 1910 394 1954 probans
421 1913 455 1942 et
489 1910 691 1942 confirmans
725 1908 830 1940 fortes
856 1907 1007 1940 adiuvari
1036 1919 1055 1941 a
1091 1909 1236 1941 Venere.
1301 1909 1595 1944 Quemadmodum

246 1980 359 2009 autem
387 1976 489 2019 priori
515 1976 705 2016 succurrit,
740 1975 785 2007 ita
811 1974 853 2007 ab
880 1976 984 2008 altera
1012 1979 1109 2019 parte
1135 1975 1345 2009 hortationes
1372 1975 1532 2019 pulchrae
1560 1979 1591 2009 in

249 2043 350 2075 tertio
377 2043 508 2085 positae
531 2052 574 2074 ex
601 2051 642 2073 eo
668 2041 734 2073 vim
761 2051 856 2073 suam
887 2041 1037 2074 ducunt:
1065 2053 1170 2084 quare
1197 2042 1229 2075 in
1256 2043 1333 2082 tali,
1360 2042 1488 2084 inquit.
1512 2042 1596 2076 deae

247 2110 354 2142 tutela
381 2109 436 2151 qui
463 2111 534 2149 est,
571 2117 646 2141 eum
674 2108 776 2140 etiam
804 2107 1016 2151 proditorum
1045 2113 1166 2142 caveat
1190 2119 1232 2142 ne
1259 2112 1377 2151 tangat
1402 2108 1596 2151 loquacitas.

249 2175 433 2209 Attenrlant
458 2174 498 2207 ad
527 2173 626 2214 talia,
652 2174 708 2216 qui
735 2178 842 2206 artem
870 2173 991 2207 abesse
1015 2185 1034 2207 a
1061 2174 1201 2207 Tibullo
1229 2174 1420 2218 opinantur.

341 2243 381 2275 Υ.
418 2243 557 2274 43-60.
614 2239 807 2274 Medium
848 2251 1039 2275 carmen.
1097 2242 1255 2275 Altera
1296 2252 1399 2285 pars
1438 2251 1593 2275 rerum.

247 2311 305 2343 Ut
330 2309 470 2342 miuus
494 2306 626 2340 etiam
654 2307 854 2350 periculi
882 2308 966 2348 sit,
1001 2311 1136 2350 poeta
1161 2317 1180 2339 a
1206 2317 1312 2349 saga
1345 2306 1478 2340 docta
1503 2316 1593 2339 car-

245 2385 338 2408 men
364 2373 583 2415 magicum
617 2382 664 2405 se
698 2371 812 2406 dicit
840 2374 1131 2416 postulasse,
1169 2373 1281 2416 quod
1310 2377 1378 2406 ter
1403 2383 1593 2416 pronun-

244 2445 405 2476 tiatum
433 2452 452 2474 a
479 2441 613 2473 Delia
640 2446 826 2474 mentem
862 2441 1016 2474 mariti
1053 2441 1400 2473 obcaecaturum
1434 2440 1510 2472 sit.
1550 2446 1594 2473 ut

244 2519 326 2543 non
353 2507 510 2541 credat
536 2505 645 2539 haec
672 2506 791 2538 furta
818 2516 897 2539 nec
924 2505 1095 2539 videat.

341 2573 390 2605 be
417 2571 535 2615 magia
567 2571 656 2613 apud
684 2572 838 2604 Graecos
864 2574 898 2603 et
924 2571 1100 2603 Romanos
1126 2570 1201 2602 vide
1228 2569 1493 2602 wicusmr-rnu
1523 2569 1591 2602 dis·-

243 2639 460 2673 sertalionem
497 2638 528 2670 in
567 2635 739 2670 Athenaeo
778 2637 820 2669 ab
857 2637 930 2680 ipso
971 2641 1003 2670 et
1042 2636 1253 2669 Gis-mnam»
1290 2635 1400 2668 edito.
1438 2635 1511 2667 vol.
1548 2635 1591 2667 ll.

1719 1785 1721 1793 s
1718 1759 1721 1771 ..
1714 1586 1721 1745 ..-.-“,
1712 1498 1721 1579 *hu

1714 1852 1721 2418 2-.*.„--.-..-.*-—-2..»——0-.—.-.—-
1716 1824 1721 1848 -
