1721 2953
447 157 694 198 LIBR.1V.
753 155 922 198 CARM.
950 158 1025 200 IV.
1081 159 1138 200 V.
1383 161 1464 201 443

123 271 340 314 Cerinthum‚
374 282 455 306 mox
489 272 650 305 laetitIam
683 270 860 306 amborum
893 273 1076 307 amantium
1109 272 1252 317 depulso
1288 273 1396 315 malo,
1432 277 1466 307 et

123 338 177 371 dei
213 337 415 379 servatoris,
454 341 490 371 et
526 337 665 381 Olympi
699 338 900 379 gratulantis
935 339 1142 372 describens.
1190 338 1390 383 Lygdamus
1423 350 1464 372 ue

125 416 228 439 unum
254 404 390 448 quidem
415 404 586 447 elegidion
610 404 778 449 potuisset
802 404 937 448 facere,
963 407 1063 450 quale
1087 405 1153 440 hoc
1177 410 1241 441 est.

474 797 948 845 CARMEN
1060 802 1104 844 V.

593 1111 1002 1156 INTRODUCTIO.

121 1245 299 1308 Sulpicia
337 1263 392 1298 die
430 1265 534 1298 natali
574 1265 727 1300 Cerinthi
764 1269 844 1300 vota
879 1276 943 1310 pro
977 1265 1102 1299 amoris
1139 1265 1247 1299 mutui
1279 1266 1468 1299 constantia

122 1330 215 1364 facit.
265 1331 365 1365 Quae
390 1341 445 1364 res
470 1331 519 1364 sic
544 1334 720 1365 tractatur.
769 1332 808 1365 In
834 1331 1027 1365 exordio
1055 1331 1202 1364 affirmat
1226 1335 1379 1364 sanctum
1404 1331 1467 1364 sibi

121 1407 258 1440 semper
291 1396 363 1428 fore
398 1396 488 1429 diem
524 1398 670 1430 natalem
706 1398 828 1438 amati,
868 1408 936 1439 quo
971 1398 1052 1430 olim
1086 1399 1118 1431 ei
1152 1399 1283 1431 Parcae
1315 1398 1467 1431 nascenti

119 1473 261 1505 regnum
295 1462 331 1495 in
364 1462 495 1506 puellas
531 1461 706 1503 dederint,
744 1472 822 1495 cum
858 1462 932 1505 ipsa
965 1466 1083 1494 uratur
1116 1472 1232 1495 amore
1264 1472 1346 1506 prae
1381 1463 1468 1502 aliis,

121 1537 242 1574 optans
278 1540 356 1564 eum
388 1530 489 1564 simili
521 1529 602 1571 igne
638 1529 825 1563 incensum.
887 1528 976 1561 Tum
1014 1529 1048 1561 in
1084 1528 1235 1562 medio
1272 1528 1468 1561 carmine

119 1607 240 1640 preces
274 1598 379 1629 fiunt:
431 1598 548 1627 oratur
586 1593 718 1627 Genius
753 1597 792 1626 ut
828 1597 905 1626 tura
939 1594 1052 1636 capiat
1085 1597 1119 1626 et
1152 1593 1264 1626 faveat
1299 1594 1470 1636 precibus,

120 1666 237 1695 oratur
276 1662 392 1694 Venus
429 1663 468 1692 ut
501 1658 611 1692 valida
650 1661 770 1690 catena
807 1658 957 1690 vinctum
997 1661 1113 1690 teneat
1152 1662 1354 1700 utrumque,
1392 1669 1469 1692 cum

121 1728 223 1761 etiam
249 1724 430 1759 Cerinthus
455 1724 545 1758 idem
571 1728 689 1767 optet,
722 1724 803 1757 licet
827 1723 953 1756 tectius
981 1723 1121 1766 pudore.
1171 1723 1209 1756 In
1242 1725 1370 1757 exitu
1405 1725 1467 1758 de-

120 1792 222 1834 nique
247 1792 370 1824 iterum
396 1794 555 1834 precatur
586 1789 744 1822 Natalem
771 1789 903 1832 puella,
940 1792 979 1821 ut
1006 1792 1142 1822 annuat.
1169 1807 1211 1813 -
1253 1790 1467 1834 Compositio

121 1857 278 1890 carminis
302 1856 446 1899 simplex
472 1859 542 1896 est,
581 1859 616 1887 at
641 1864 708 1888 non
734 1854 843 1887 miuus
870 1854 1023 1897 partibus
1057 1855 1126 1887 suis
1150 1855 1319 1888 absoluta.
1377 1856 1465 1890 Nam

120 1926 159 1955 ut
183 1923 266 1955 alias
291 1923 323 1955 in
348 1922 510 1955 natalitiis
535 1921 738 1955 carminibus
763 1920 908 1964 primum
933 1919 1006 1953 dies
1033 1920 1139 1954 festus
1174 1922 1366 1964 nuntiatur,
1402 1923 1467 1956 de-

120 1987 200 2021 inde
225 1997 346 2031 preces
371 1988 455 2020 fiunt
480 1986 522 2020 ad
549 1986 631 2020 deos
656 1997 718 2030 pro
744 1996 805 2027 eo,
839 1986 930 2029 quod
954 1990 1112 2030 optatur,
1141 1986 1287 2030 denique
1312 1988 1345 2020 in
1371 1989 1464 2022 exitu

119 2051 153 2085 id
181 2053 314 2095 agitur,
339 2056 377 2085 ut
402 2056 560 2086 eventum
585 2051 730 2085 habeant
754 2055 854 2094 vota,
879 2052 1034 2085 similiter
1058 2052 1183 2086 factum
1210 2057 1262 2086 est
1287 2054 1466 2088 manifesto

119 2119 221 2150 etiam
249 2119 282 2150 in
315 2117 379 2152 hoc
403 2119 571 2161 carmine,
608 2117 700 2162 quod
727 2118 885 2151 usitatam
912 2117 1055 2152 formam
1086 2117 1299 2153 Tibullianae
1325 2129 1467 2164 compo-

117 2183 248 2217 sitionis
272 2182 384 2217 habet.

617 2429 969 2472 EXPLICATIO.

212 2582 254 2615 V.
282 2584 372 2617 1-8.
423 2582 684 2619 Exordium.
733 2585 951 2620 Assirmat
981 2586 1135 2630 puella
1169 2595 1348 2629 semper
1376 2585 1461 2618 sibi

119 2650 322 2681 sanctum
370 2648 466 2683 fore
516 2655 559 2684 et
608 2652 770 2686 festum
820 2651 1013 2686 natalem
1058 2651 1289 2692 Corinthi,
1339 2651 1464 2684 cqus
