1721 2953
617 111 860 165 TIBULLI.
1276 133 1416 159 Lxxx‘n

71 257 136 303 gat
165 256 204 289 et
233 262 255 287 a
285 259 325 286 se
354 245 458 298 ipsc,
490 243 644 283 solator
675 241 747 294 qui
777 242 898 282 vellet
929 252 1028 289 esse,
1065 236 1213 278 iterum
1243 239 1412 279 iterum-

70 338 150 378 que
180 321 382 376 quaesitas
409 332 559 359 moras.
616 317 749 356 Porro
776 315 826 364 ΙΙ,
851 315 888 364 4,
912 315 1064 355 45-50.
1093 314 1275 354 honores
1309 327 1415 353 mor-

69 408 163 439 tuae
193 397 355 450 puellae
383 396 519 435 bonae
553 393 609 433 sic
639 393 838 445 explicat:
877 392 1024 432 Fletur
1056 398 1149 430 ante
1178 403 1324 442 rogum
1356 398 1417 428 at-

71 490 149 530 que
178 473 300 514 etiam
329 473 478 512 annuis
507 470 624 512 sertis
653 470 698 509 in
726 469 888 508 tumulo
922 467 1066 520 positis
1097 467 1257 507 colitur.
1322 467 1417 507 Alio

69 554 159 592 loco
198 552 229 600 Ι,
261 556 296 600 6,
327 549 477 590 77-84.
515 547 760 588 describitur
788 558 925 598 poena
952 546 1138 597 puellae⁷
1176 557 1282 597 quae
1315 543 1419 582 nulli

67 626 148 667 fida
174 626 263 675 fuit,
291 624 503 678 bipartito.
559 623 609 662 In
639 628 844 661 senectute
873 619 1000 661 vitam
1030 632 1198 670 egenam
1226 619 1321 657 lana
1355 619 1418 656 fa-

67 701 211 743 cienda
239 708 460 749 sustentat,
503 700 704 738 ferentem
742 703 880 735 autem
915 695 1016 734 haec
1045 694 1152 733 mala
1181 707 1267 733 non
1295 695 1418 733 mise-

66 786 235 826 rantur,
275 775 344 816 sed
378 773 580 827 gaudente
611 772 749 811 animo
778 769 921 811 vident
947 769 1154 818 iuvenes,
1196 776 1236 808 et
1271 769 1417 808 Venus

67 854 252 894 sublimis
283 866 334 891 ex
364 852 446 891 alto
477 847 656 902 Olympo
686 854 853 899 spectat.
911 832 978 884 Si'c
1007 851 1175 896 praeter
1201 852 1419 895 egestatem

68 931 187 971 etiam
218 936 470 969 contemtum
499 925 711 979 experitur
738 922 956 963 hominum
987 929 1027 961 et
1055 920 1242 963 deorum.
1298 921 1420 961 Simi-

67 1008 116 1048 lis
145 1008 279 1047 forma
307 1005 387 1045 loci
416 1005 447 1054 Ι,
474 1008 513 1055 2,
539 1006 690 1042 91-98.
721 999 771 1041 de
804 1013 940 1053 poena
970 998 1069 1047 eius,
1098 996 1171 1051 qui
1199 998 1244 1037 in
1271 997 1420 1038 iuven-

69 1092 152 1124 tute
191 1083 283 1122 risit
326 1089 528 1128 amantes,
571 1092 699 1119 senex
738 1087 875 1117 autem
910 1075 997 1128 ipse
1026 1074 1204 1114 Veneris
1239 1073 1418 1113 vinculis

70 1160 173 1199 colla
202 1156 352 1197 subdit.
409 1157 541 1195 Porro
572 1155 604 1205 Ι,
635 1157 673 1204 9,
704 1156 853 1192 53-72.
884 1150 933 1189 de
962 1163 1099 1202 poena
1125 1149 1318 1198 hominis⁷
1348 1149 1419 1201 qui

71 1240 312 1286 corruperat
341 1243 540 1283 puerum,
586 1228 642 1268 sic
671 1227 752 1278 agit
790 1234 837 1264 ut
874 1226 1054 1277 primum
1092 1239 1133 1266 v.
1163 1225 1311 1263 53-64.
1342 1225 1418 1263 im-

68 1316 260 1363 precetur
294 1306 332 1345 ei
367 1305 578 1358 perfidiam
616 1303 762 1342 uxoris
801 1299 1101 1352 turpissimam,
1145 1297 1293 1338 deinde
1327 1313 1350 1336 a
1383 1313 1420 1338 v.

69 1385 219 1423 64-72.
248 1379 437 1422 ostendat
468 1379 549 1418 iam
578 1377 719 1417 adesse
751 1374 853 1416 adeo
883 1373 1122 1414 huiusmodi
1152 1372 1265 1426 quid.
1335 1374 1419 1411 Ve—

69 1461 138 1500 nio
181 1458 233 1498 ad
272 1457 364 1498 alia.
432 1454 568 1494 Carm.
603 1455 655 1504 ΙΙ,
687 1457 724 1504 6,
765 1452 915 1492 31-40.
954 1451 1166 1504 praeclara
1203 1452 1419 1490 obtestatio

50 1516 253 1578 ‘Nemesis
283 1549 359 1588 per
387 1546 529 1573 manes
557 1531 711 1572 sororis
740 1530 796 1570 sic
821 1537 1030 1578 tractatur,
1058 1536 1103 1567 ut
1122 1527 1304 1581 primum
1330 1542 1419 1567 mo-

67 1622 161 1655 veat
194 1611 494 1664 supplicatione
522 1607 726 1660 descripta
754 1605 958 1653 manium,
989 1617 1113 1657 quam
1144 1605 1327 1644 facturus
1357 1603 1420 1652 sit,

70 1697 156 1728 tum
196 1689 257 1728 ira
299 1695 339 1726 et
373 1684 604 1725 terroribus
641 1679 854 1721 nocturnis
883 1687 1071 1718 mortuae
1111 1679 1346 1718 monstratis
1378 1679 1416 1716 iu

68 1778 215 1805 somno
246 1761 519 1815 appariturae.
576 1758 643 1795 De
674 1756 929 1808 simplicitate
959 1754 1093 1805 prisca
1122 1754 1167 1792 in
1197 1754 1308 1791 cultu
1339 1754 1420 1791 La-

70 1843 179 1881 rium
207 1842 238 1889 Ι,
274 1843 339 1887 10,
374 1836 525 1876 17-24.
555 1833 611 1873 sic
641 1832 794 1884 agitur,
825 1839 869 1870 ut
900 1831 949 1869 ab
979 1829 1123 1869 habitu
1155 1844 1336 1881 paupere
1370 1830 1421 1868 ad

72 1932 184 1959 sacra
202 1913 401 1967 simplicia
420 1919 563 1965 pergat
584 1908 817 1960 descriptio.
858 1907 992 1946 Porro
1012 1907 1043 1955 Ι,
1064 1909 1100 1954 1,
1120 1906 1240 1944 7-24.
1268 1908 1421 1944 29—36.

70 1996 244 2035 rusticae
286 1992 393 2032 vitae
432 1986 729 2028 iucunditatem
766 1986 975 2024 illustrans
1004 1983 1184 2036 primum
1215 1981 1264 2022 de
1296 1997 1421 2033 nego-

72 2071 136 2111 tiis
165 2069 349 2115 rusticis,
382 2063 530 2104 deinde
561 2061 610 2101 de
642 2063 753 2101 cultu
783 2059 956 2100 deorum
988 2058 1098 2098 dicit.
1156 2057 1237 2098 Sed
1267 2059 1421 2109 magui-

72 2146 257 2187 ficentior
284 2146 400 2183 locus
425 2149 482 2180 est
502 2141 552 2189 ΙΙ,
578 2143 615 2188 5,
644 2138 826 2177 83-104.
856 2136 929 2175 ubi
957 2135 1129 2175 felicitas
1157 2135 1297 2174 sutura
1326 2136 1423 2172 anni

75 2236 126 2262 ex
157 2220 294 2260 omine
326 2220 461 2258 fausto
493 2229 705 2256 sacrorum
745 2213 1001 2253 describitur.
1059 2211 1192 2251 Etiam
1221 2212 1322 2250 haec
1353 2209 1423 2249 de·-

75 2296 241 2348 scriptio
272 2294 464 2346 bipartita
494 2306 570 2345 per
598 2289 893 2343 gradationem.
952 2288 1089 2328 Prima
1118 2299 1213 2340 pars
1245 2287 1301 2325 sic
1325 2300 1423 2339 pro-

76 2372 204 2412 cedit:
235 2370 324 2410 Erit
357 2370 521 2420 frugum
549 2369 738 2415 ubertas,
767 2367 902 2404 fetura
932 2364 1114 2417 pecoris,
1141 2372 1421 2403 matronarum

76 2446 327 2495 iucunditas,
367 2460 412 2485 ac
450 2443 626 2483 familiae
666 2443 875 2482 fortunam
907 2439 1167 2480 domesticam
1197 2438 1425 2480 disertiori-

76 2524 153 2561 bus
181 2522 318 2562 verbis
347 2528 504 2570 tractat,
534 2519 714 2560 suaviter
746 2519 823 2557 hac
853 2517 1012 2556 minore
1042 2516 1203 2568 pictura
1233 2515 1424 2556 claudens

74 2606 217 2646 totum,
247 2597 359 2650 quod
384 2606 423 2636 et
452 2598 583 2650 ipsum
611 2595 723 2636 vides
754 2593 977 2635 secundum
1000 2593 1275 2645 gradationem
1303 2594 1422 2633 ador-
