1721 2953
455 145 696 193 TIBULLI
737 145 846 193 LIB.
878 147 908 193 Ι.
935 157 967 194 4.
995 158 1027 193 5.
1361 150 1422 196 17

129 275 248 321 Haec
285 272 409 329 mihi,
446 290 560 338 quae
592 289 794 319 canerem
828 273 961 330 Titio,
997 272 1109 320 deus
1146 272 1287 322 edidit
1323 291 1422 321 ore:

193 358 281 405 Sed
316 358 483 404 Titium
524 358 717 404 coniunx
754 356 863 405 haec
899 359 1154 406 meminisse
1189 370 1313 407 vetat.

72 457 116 490 75
130 445 287 490 Pareat
323 442 396 490 ille
428 461 559 490 suae:
616 462 692 490 vos
731 462 800 490 me
841 443 1058 491 celebrate
1093 445 1382 509 magistrum,

192 529 321 591 Quos
358 528 472 576 male
509 529 643 575 habet
679 528 818 577 multa
855 529 1042 577 callidus
1079 543 1172 578 arte
1206 550 1330 597 puer.

123 614 278 661 Gloria
301 614 461 680 cuique
482 633 560 661 sua
585 625 671 661 est:
709 633 792 672 me,
814 615 889 680 qui
913 629 1195 680 spernentur,
1225 628 1422 664 amantes

192 699 482 747 Consultent:
534 701 705 747 cunctis
742 701 877 748 ianua
912 714 1065 749 nostra
1095 714 1228 768 patet.

125 788 324 852 Tempus
357 786 452 844 erit,
489 805 590 833 cum
622 805 692 833 me
718 787 904 834 Veneris
939 800 1176 853 praecepta
1210 789 1424 836 ferentem

71 884 118 918 80
194 873 401 921 Deducat
435 873 644 920 iuvenum
678 871 834 920 sedula
869 874 1001 921 turba
1038 893 1201 921 senem.

128 961 227 1007 Heu
262 960 350 1006 heu
383 978 517 1024 quam
539 958 774 1006 Marathus
803 958 922 1007 lento
949 979 1018 1007 me
1043 972 1219 1027 torquet
1249 964 1424 1009 amore!

189 1046 418 1094 Deficiunt
450 1057 590 1103 artes,
636 1045 938 1110 deficiuntque
973 1046 1076 1092 doli.

128 1132 292 1189 Parce,
337 1150 477 1196 puer,
520 1150 713 1195 quaeso,
756 1149 812 1177 ne
846 1131 989 1196 turpis
1026 1131 1180 1179 sabula
1218 1132 1348 1191 fiam,

201 1218 311 1264 Cum
348 1235 446 1266 mea
482 1216 696 1265 ridebunt
731 1235 843 1266 vana
877 1217 1143 1280 magisteria.

520 1454 862 1496 ELEGIA
927 1456 981 1497 V.

121 1555 312 1657 Asper
341 1610 458 1639 eram
487 1603 527 1640 et
548 1590 662 1640 bene
687 1593 925 1641 discidium
952 1613 1022 1642 me
1050 1594 1165 1642 serre
1186 1594 1425 1661 loquebar:

193 1679 252 1725 At
286 1678 396 1725 mihi
433 1698 553 1726 nunc
589 1679 721 1743 longe
759 1679 900 1742 gloria
938 1679 1066 1727 fortis
1102 1681 1237 1728 abest.

122 1766 324 1829 Namque
344 1783 466 1827 agor,
495 1764 781 1829 utperplana
802 1765 914 1812 citus
935 1766 1026 1813 sola
1047 1770 1228 1814 verbere
1250 1767 1426 1825 turben,

202 1850 355 1912 Quem
393 1849 507 1896 celer
547 1861 720 1897 assueta
759 1862 903 1897 versat
936 1852 992 1899 ab
1029 1863 1121 1899 arte
1156 1872 1279 1918 puer.

97 1938 222 1982 5Ure
258 1935 404 1982 ferum
442 1947 481 1982 et
517 1946 698 2001 torque,
736 1935 872 1983 libeat
907 1956 962 1984 ne
998 1937 1144 1985 dicere
1181 1939 1423 2005 quicquam

192 2021 486 2084 Magnificum
524 2035 625 2089 post
660 2022 792 2070 haec:
840 2022 1027 2071 horrida
1063 2025 1198 2073 verba
1235 2026 1381 2075 (loma.

131 2109 270 2155 Parce
307 2120 480 2165 tamen,
520 2127 601 2174 per
636 2121 675 2156 te
710 2109 860 2156 furtivi
898 2110 1081 2158 foedera
1117 2111 1241 2171 lecti,

195 2196 283 2242 Pel*
316 2197 534 2242 Venerem
571 2214 738 2261 qllssCSO
776 2197 1163 2264 compositumque
1198 2211 1343 2266 CRPUf.

167 2342 209 2375 V.
225 2344 282 2376 81.
316 2342 410 2376 Male
439 2343 542 2386 vulgo
567 2343 661 2377 lento
685 2345 902 2388 Marathus,
937 2357 1039 2391 prava
1065 2348 1302 2385 collocatione.

167 2422 210 2456 V.
227 2425 260 2456 6.
297 2428 399 2467 post
432 2423 538 2458 haec
573 2426 714 2469 optimi,
750 2424 808 2459 alii
835 2426 1009 2470 posthac,
1046 2427 1136 2470 qnod
1162 2433 1273 2462 tamen
1302 2433 1424 2473 poetae

77 2486 185 2519 minus
219 2487 456 2532 frequentant,
502 2490 544 2524 cf.
576 2491 795 2525 LAchANN.
831 2491 873 2524 ad
907 2492 1064 2536 Propert.
1105 2504 1137 2538 p.
1161 2497 1218 2529 65.
1279 2495 1424 2538 Legitur

77 2549 289 2585 nihilominus
325 2554 479 2598 posthac
519 2555 594 2589 infr.
630 2556 689 2598 lv,
724 2559 765 2598 5,
806 2559 860 2591 16.
918 2552 971 2591 A‘d
1012 2568 1112 2601 quem
1145 2560 1256 2594 locum
1298 2561 1422 2595 frustra

76 2617 288 2651 Huscnxms
319 2623 434 2653 tuetur
459 2622 559 2654 etiam
590 2621 642 2654 hic
668 2622 829 2666 posthac.

1013 2688 1041 2729 2
