1721 2953
459 182 603 222 LIBR.
633 180 708 221 IV.
766 180 934 223 CARM.
966 183 1059 222 VII.
1353 190 1431 228 451

89 300 153 330 rat.
200 295 260 330 Sic
285 293 365 328 nihil
390 298 443 329 est
466 294 556 338 quod
582 293 725 335 addam3
749 302 826 327 nam
852 305 1043 338 perversam
1070 296 1327 332 collocationem
1355 310 1432 334 ver-

86 361 224 403 borum,
260 371 347 404 quae
373 362 501 395 Vossro
527 360 680 402 videtur,
705 370 795 403 nego
822 371 908 394 esse.
933 379 980 386 —
1022 363 1065 397 V.
1091 365 1112 395 3
1138 374 1188 407 sq.
1226 363 1430 400 Exorata

85 429 194 461 meis
229 427 456 469 Camenis,
493 430 532 460 ut
555 425 694 470 Sappho
719 426 754 458 in
778 426 946 461 Venerem
972 439 1107 461 carmen
1132 430 1268 474 scripsit
1293 432 1433 465 notissi-

86 504 198 534 mum,
230 503 298 535 quo
323 502 421 535 opem
449 492 522 525 eius
545 492 713 535 implorat.
738 510 785 516 —-
819 492 1000 528 Attulit.
1050 495 1178 537 Magna
1208 497 1354 530 suavitas
1379 501 1433 531 est

86 559 293 600 sententiae,
333 569 482 592 amorem
519 570 540 592 a
573 559 709 592 Venere
736 559 876 592 allatum
909 565 942 593 et
974 561 1007 594 in
1032 562 1106 594 sinu
1135 563 1268 606 puellae
1294 563 1432 608 deposi-

85 630 168 660 tum.
219 626 306 659 Nam
343 626 464 658 illum
502 624 590 658 haud
628 625 730 659 dubie
762 625 805 658 ad
839 637 987 660 amorem
1021 629 1189 672 pertinet,
1227 640 1430 673 quamquam

86 693 204 726 subest
228 693 305 725 loco
335 702 453 725 sensus
478 691 550 725 hic:
590 694 774 727 formosum
803 693 958 727 iuvenem
983 706 1002 727 a
1031 696 1164 728 Venere
1190 696 1371 731 adductum
1397 698 1431 730 in

85 759 264 802 amplexus
287 759 432 802 puellae.
480 759 666 803 Perperam
691 760 797 802 igitur
820 761 980 794 Vunpms
1006 765 1040 794 et
1065 762 1236 796 Hermus
1262 764 1303 796 ad
1330 763 1429 796 illum

84 826 243 868 supplent
281 824 481 857 Cerintlmm
515 824 663 858 nondum
696 830 931 859 memoratum.
982 827 1070 862 Quis
1108 838 1189 860 vero
1227 838 1293 861 non
1326 830 1430 862 sentit

83 896 209 934 quanto
247 891 329 924 illud
368 892 410 923 sit
447 889 651 934 pulchrius?
712 892 833 925 Discas
871 897 985 927 autem
1024 893 1087 927 hoc
1127 895 1218 927 claro
1257 895 1429 938 exemplo,

85 959 165 1001 quid
190 959 325 991 intersit
359 959 448 991 inter
473 969 586 992 veram
614 960 944 1003 personificationem
971 964 1006 993 et
1037 961 1247 1004 speciosam3
1286 972 1352 994 non
1379 966 1431 994 est
1454 971 1462 979 ⁴

80 1023 134 1057 hic
159 1023 242 1057 deus
267 1025 395 1066 Amor,
436 1028 474 1057 ut
509 1036 572 1058 nec
607 1037 710 1070 supra
747 1027 780 1059 in
806 1028 874 1060 fine
899 1027 1131 1061 antecedentis
1156 1028 1330 1069 carminis,
1365 1029 1428 1062 sed

80 1089 183 1121 ardor
215 1089 399 1122 amatorius
431 1100 506 1123 cum
533 1091 668 1132 gaudiis
700 1092 790 1133 suis,
826 1092 978 1134 loquitur
1000 1104 1081 1126 vero
1106 1094 1147 1127 (le
1174 1105 1215 1127 eo
1243 1101 1427 1139 tamquam

80 1154 122 1187 ‹le
161 1166 304 1198 persona
341 1156 395 1188 vel
431 1166 469 1188 re
509 1157 689 1199 corporali.
755 1157 922 1191 Conferre
960 1158 1089 1192 iuvabit
1126 1160 1286 1194 PrNDAR.
1326 1159 1427 1193 Nem.

80 1222 175 1263 VIII,
201 1225 243 1255 6:
282 1217 344 1254 οἷοι
377 1221 524 1266 (ἔρωτες)
558 1225 616 1254 καὶ
641 1219 726 1260 Διδς
750 1224 896 1265 Αἰγίνας
922 1237 958 1257 τε
983 1225 1121 1270 λέκτρον
1145 1227 1296 1264 ποιμένες
1320 1223 1427 1264 ιῖμφε-

79 1285 233 1332 πόλησαν
264 1289 429 1332 Κυπρίας·
464 1285 601 1333 δώρων,
635 1290 694 1321 ubi
727 1290 855 1333 pariter
889 1290 932 1323 de
964 1289 1026 1324 hac
1059 1302 1096 1324 re
1121 1292 1246 1325 monui.
1272 1308 1314 1316 ·-·
1354 1292 1427 1325 PO-

77 1358 204 1387 stremo
231 1354 273 1387 de
299 1354 537 1387 coniunctione
562 1355 744 1397 singularis
778 1359 812 1388 et
843 1356 981 1398 pluralis
1015 1357 1126 1389 meis
1154 1376 1201 1382 —
1226 1360 1428 1390 nostrum

77 1419 120 1453 cf.
146 1420 173 1461 I,
201 1422 234 1460 9,
260 1421 316 1451 48.
342 1422 377 1451 et
398 1418 484 1450 infra
513 1421 568 1458 11,
594 1421 628 1459 5,
655 1421 688 1451 6.
738 1418 815 1450 Νοη
851 1423 923 1451 erat
958 1430 1063 1461 quare
1098 1419 1162 1454 hoc
1194 1422 1425 1463 negligentiae

75 1487 240 1520 tribueret
266 1485 446 1518 Hm‘Nrth.
472 1503 518 1509 —-
553 1484 595 1517 V.
621 1487 642 1517 5
667 1495 742 1527 sqq.
776 1483 995 1518 Exsolvit
1019 1488 1241 1530 promissa
1264 1489 1425 1520 Venus.

74 1553 140 1586 Est
164 1553 339 1596 probabile
364 1553 453 1585 inter
476 1555 575 1592 vota,
614 1562 689 1584 cum
721 1556 901 1585 urerentur
934 1556 1030 1594 tura,
1069 1554 1215 1596 puellam
1243 1554 1424 1596 aliquando

75 1631 174 1653 omen
199 1620 280 1652 felix
304 1619 367 1651 sibi
392 1619 496 1651 visam
523 1616 725 1659 observare,
761 1618 803 1651 cf.
835 1618 880 1659 11,
905 1621 938 1659 2,
965 1621 1020 1652 10.
1047 1637 1091 1643 —-
1131 1630 1222 1652 mea
1259 1619 1424 1663 gaudia

75 1689 231 1719 narret
257 1689 323 1719 etc.
358 1683 389 1717 h.
417 1696 446 1718 e.
473 1685 631 1717 differant
664 1684 784 1726 invidi,
821 1685 849 1717 si
874 1684 987 1726 lubet,
1024 1685 1080 1728 qui
1106 1685 1228 1718 talibus
1253 1696 1319 1718 non
1346 1690 1425 1720 sunt

72 1752 184 1795 potiti.
209 1770 252 1775 —
289 1762 373 1784 non
399 1750 614 1784 habuisse
640 1761 736 1792 sua,
765 1761 841 1784 cum
870 1750 952 1785 llaec
977 1752 1079 1785 lectio
1105 1753 1316 1786 commodum
1343 1765 1425 1787 sen-

71 1829 145 1852 sum
181 1819 362 1862 praebeat,
401 1828 467 1851 non
503 1822 554 1850 est
587 1828 691 1861 quare
725 1829 827 1850 suam
863 1819 1083 1862 postulemus.
1110 1838 1156 1842 —
1207 1819 1300 1852 Non
1337 1830 1423 1862 ego

75 1885 278 1927 signatis
314 1888 378 1917 etc.
428 1884 507 1927 Ego
533 1895 634 1925 vero,
673 1883 756 1917 dicit
783 1894 850 1926 quo
883 1895 971 1917 nunc
998 1888 1050 1918 est
1084 1885 1116 1917 in
1144 1885 1269 1918 affectu
1296 1868 1421 1928 puel-la,

76 1955 144 1983 tam
170 1961 289 1994 parum
315 1950 418 1983 celari
443 1961 592 1983 amorem
620 1961 734 1983 meum
759 1950 880 1993 cupio,
917 1954 956 1983 ut
981 1954 1114 1993 apertas
1142 1950 1265 1993 possim
1291 1951 1422 1994 episto«

78 2017 128 2049 las
158 2027 250 2049 meas
279 2016 321 2049 ad
349 2014 547 2049 Cerintlium
574 2016 709 2048 mittere
734 2019 769 2048 et
793 2025 892 2048 sensu
917 2015 1016 2048 animi
1045 2016 1146 2048 etiam
1172 2016 1313 2048 aliorum
1339 2026 1422 2048 ocu-

69 2083 111 2116 lis
146 2093 329 2126 exponere.
387 2081 510 2124 Neque
544 2084 656 2114 tamen
691 2081 772 2114 facit
806 2081 854 2115 ita
887 2085 945 2114 aut
978 2082 1109 2115 factura
1142 2085 1213 2123 est,
1250 2081 1309 2115 sed
1341 2086 1420 2115 sunt

74 2149 158 2183 haec
187 2149 295 2183 calida
320 2149 424 2182 verba
453 2149 605 2191 puellae,
642 2160 730 2191 quae
756 2153 936 2192 postquam
964 2151 1160 2183 certissimis
1193 2150 1299 2192 signis
1324 2161 1421 2183 amo-

75 2225 147 2248 rem
190 2213 340 2248 Cerintlii
385 2214 567 2256 cognovit,
612 2215 669 2247 rix
711 2215 855 2248 sustinet
892 2217 1060 2249 occultam
1100 2216 1188 2249 serre
1224 2217 1421 2250 felicitatem

71 2290 178 2313 suam.
228 2279 276 2312 Et
302 2283 394 2312 certe
421 2290 510 2312 nunc
535 2280 733 2323 parentibus
767 2279 836 2312 suis
864 2279 1025 2314 indicavit
1055 2291 1091 2314 se
1125 2283 1215 2315 nolle
1240 2283 1295 2314 alii
1321 2293 1420 2325 quam

72 2345 235 2379 Cerintho
261 2346 400 2379 nubere.
419 2364 462 2370 —
489 2346 690 2388 signatis
716 2346 924 2389 tabellis,
949 2347 1101 2391 epistolis
1126 2350 1309 2389 amatoriis,
1335 2360 1420 2392 qua-

70 2414 121 2447 les
155 2414 243 2446 inter
276 2416 427 2445 amantes
461 2412 662 2446 discurrunt.
723 2413 859 2447 Ceratis
894 2413 1020 2447 tabulis
1054 2414 1238 2459 inscriptae
1273 2416 1417 2457 litterae,

25 2496 28 2499 *
72 2485 111 2514 ut
136 2484 289 2523 constat,
316 2480 584 2522 obsignabantur
607 2480 744 2515 annulo.
769 2500 817 2506 —
851 2480 915 2514 Ne
940 2482 1065 2524 legat
1090 2482 1132 2515 id
1160 2493 1293 2517 nemo.
1343 2483 1418 2516 No-

73 2547 160 2580 tabis
190 2548 273 2581 duas
306 2548 507 2590 negationes
541 2557 617 2581 cum
652 2549 685 2582 vi
712 2559 774 2592 pro
799 2558 865 2581 una
898 2548 1043 2591 positas,
1080 2551 1118 2580 ut
1150 2558 1203 2591 ap.
1230 2549 1418 2582 Pnornn'r.

70 2611 115 2654 Π,
143 2615 199 2653 19,
227 2615 292 2645 32:
327 2611 465 2644 absenti
489 2624 586 2644 nemo
611 2624 653 2644 ne
677 2612 836 2645 nocuisse
860 2612 957 2648 velit.
1005 2613 1048 2646 V.
1068 2613 1111 2646 D.
1137 2613 1358 2646 Nwzscnms
1384 2614 1416 2646 in

72 2676 309 2720 Disputatione
344 2676 388 2710 de
426 2678 601 2721 particulis
640 2681 675 2711 et
714 2678 970 2722 pronominibus
1003 2678 1169 2720 negativis
1205 2678 1347 2712 Graecis
1383 2681 1417 2711 et

954 2742 1041 2783 29*
