1721 2953
237 139 381 165 cnxxu
485 160 488 162 .
774 126 848 165 DE
881 124 1038 168 POESI

233 239 438 279 Tibullus.
518 236 625 279 Nam
665 236 826 278 diversa
866 238 963 279 talia
1000 239 1039 289 Ι,
1073 244 1121 288 7,
1162 242 1227 278 18.
1299 236 1435 288 Atque
1476 235 1578 275 haec

233 316 445 355 hactenus.

319 391 544 442 Postquam
573 385 623 427 de
653 386 694 426 vi
725 400 770 426 ac
797 387 935 439 vigore
967 386 1164 427 orationis
1190 386 1450 427 Tibullianae
1481 383 1580 434 dixi,

232 478 343 502 nunc
378 463 499 503 etiam
534 460 584 501 de
620 463 848 515 simplicitate
883 461 1033 511 dicam,
1076 475 1182 515 quae
1223 469 1283 501 est
1322 463 1448 500 altera
1485 473 1582 513 pars

231 536 357 578 huius
387 535 437 576 de
469 536 700 577 elocutione
739 545 885 589 poetae
927 535 1229 589 disputationis.
1294 535 1390 575 Fuit
1421 534 1471 574 de
1504 535 1581 574 hac

230 613 384 654 virtute
424 613 506 653 iam
545 626 670 666 supra
699 612 766 652 hic
797 613 881 653 illic
918 612 1027 652 inter
1058 612 1138 651 alia
1169 624 1326 660 sermo,
1366 609 1438 650 sed
1469 625 1581 649 nunc

231 686 422 728 disertius
464 686 514 728 de
554 702 602 727 ea
642 701 818 740 agemus.
892 688 951 727 Ac
996 689 1157 740 primum
1202 685 1369 740 quidem
1413 693 1580 725 ornatae

233 763 478 804 elocutionis
520 762 665 803 modos
708 763 936 803 rhetoricos
976 763 1225 811 nonnullos,
1275 768 1476 814 quantum
1516 759 1581 797 hic

230 851 298 878 res
329 839 523 891 postulat,
556 838 785 888 videamus,
812 848 859 878 ut
885 851 1177 889 cognoscamus
1205 836 1303 890 quid
1331 835 1581 888 probaverit,

232 913 335 967 quid
364 915 565 967 spreverit
595 912 655 953 ex'
676 915 755 953 hoc
784 928 931 965 genere
956 913 1169 962 Tibullus,
1210 913 1341 951 defruta
1374 911 1495 951 etiam
1531 909 1580 948 de

229 990 500 1041 grammaticis
530 989 906 1029 constructionibus
938 996 1172 1040 exponetur
1202 987 1456 1038 singulatim:
1486 998 1581 1025 nam

229 1066 294 1105 his
323 1066 449 1105 rebus
483 1073 672 1106 censetur
702 1064 937 1117 simplicitas
969 1063 1180 1104 orationis.

312 1140 498 1179 PrImum
548 1140 675 1191 igitur
727 1141 910 1178 rhetorica
957 1137 1288 1188 consideramus3
1341 1144 1400 1175 est
1446 1143 1582 1174 autem

231 1215 355 1255 huius
387 1216 468 1255 loci
499 1224 670 1255 ornatus
704 1229 724 1254 e
762 1214 893 1267 tropis
931 1223 970 1254 et
1009 1213 1162 1266 figuris.
1232 1211 1402 1253 Constat
1438 1220 1581 1264 tropos

231 1300 272 1331 et
299 1290 449 1342 figuras
479 1305 591 1330 nunc
621 1290 787 1330 affectui
817 1290 1017 1330 inservire
1049 1303 1160 1329 nunc
1191 1289 1378 1338 ornatui,
1420 1296 1458 1327 et
1490 1301 1581 1327 cum

231 1367 411 1419 plurima
443 1367 565 1405 huius
595 1366 756 1416 generis
787 1379 852 1404 res
881 1365 969 1417 ipsa
999 1373 1037 1404 et
1075 1373 1224 1404 natura
1251 1377 1392 1403 rerum
1424 1363 1581 1410 offerat,

231 1442 311 1482 alia
354 1455 453 1481 usus
498 1448 537 1480 et
578 1454 642 1480 ars
687 1438 826 1479 docuit
868 1439 1125 1493 exquisitior.
1209 1439 1296 1490 Ego
1339 1439 1579 1478 memorabo

233 1531 339 1571 quae
378 1517 458 1556 huc
498 1516 719 1568 pertinent.
776 1515 911 1568 Atque
947 1522 992 1554 ut
1028 1528 1051 1553 a
1067 1514 1209 1568 figur-13
1245 1512 1405 1561 ordiar,
1449 1513 1582 1564 expli-

231 1592 390 1631 cuimus
431 1605 555 1644 supra
594 1590 840 1643 patheticas,
894 1589 1045 1642 quibus
1084 1589 1276 1628 Tibullus
1317 1587 1469 1635 utitur,
1515 1587 1582 1626 hic

230 1665 461 1706 videbimus
487 1666 585 1706 alias
609 1664 830 1718 quasdam,
863 1677 968 1717 quae
995 1671 1032 1703 et
1056 1663 1168 1716 ipsae
1192 1661 1357 1702 affectui
1381 1661 1582 1702 inservire

230 1750 427 1794 possunt,
484 1740 582 1780 alias
627 1753 726 1781 vero
771 1738 823 1778 ad
869 1747 1063 1779 ornatum
1106 1738 1316 1790 poeticum
1359 1736 1582 1790 pertinent.

229 1816 336 1857 Dico
368 1823 505 1856 autem
536 1816 890 1855 circumlocutionem
924 1822 964 1853 et
997 1814 1279 1853 cumulationem
1314 1813 1436 1864 vulgo
1466 1813 1583 1865 pleo-

230 1904 420 1930 nasmum
445 1889 614 1940 dictam3
644 1891 721 1929 hae
747 1888 856 1928 enim
882 1888 1024 1928 ceteris
1047 1888 1238 1928 omnibus
1264 1888 1309 1928 in
1331 1888 1410 1929 hoe
1433 1900 1582 1939 genere

229 1965 413 2019 potiores
447 1972 556 2003 sunt.

315 2039 388 2079 Est
414 2038 540 2090 igitur
569 2038 733 2078 schema
763 2043 932 2076 ornatus
963 2033 1243 2084 notissimum,
1279 2048 1371 2075 cum
1404 2048 1479 2087 per
1508 2038 1581 2074 cir-

231 2115 533 2153 cumlocutionem
570 2126 634 2167 pr.
664 2112 793 2152 verbo
829 2098 1086 2150 substantivo
1116 2123 1192 2148 essa
1222 2109 1300 2149 alia
1338 2109 1583 2163 exquisitior

231 2188 393 2242 phrasis
423 2187 615 2241 ponitur,
651 2201 691 2226 v.
713 2201 745 2226 c.
773 2185 851 2226 sic:
893 2185 1080 2237 Propert.
1098 2185 1170 2235 IV,
1197 2189 1232 2233 6,
1259 2188 1324 2224 16.
1368 2186 1455 2238 Qua
1483 2188 1583 2224 sinus

206 2266 360 2315 ‚Ioniae
390 2276 585 2303 murmura
621 2262 743 2301 condit
777 2274 922 2314 aquae,
963 2260 1002 2299 h.
1025 2274 1060 2299 e.
1092 2259 1164 2299 ubi
1194 2259 1308 2299 sinus
1337 2259 1582 2299 Ambracius

233 2347 315 2390 est,
357 2346 427 2378 aut
463 2338 535 2387 IV,
568 2343 604 2387 7,
637 2340 703 2375 60.
753 2337 889 2375 Mulcet
927 2336 991 2373 ubi
1018 2335 1157 2388 Elysios
1187 2348 1288 2373 aura
1323 2335 1435 2373 beata
1464 2347 1584 2384 rosas,

233 2415 274 2454 h.
298 2428 332 2453 e.
357 2413 429 2453 ubi
458 2412 666 2466 Elysium,
706 2418 776 2450 aut
804 2411 948 2450 Horat.
970 2407 1103 2462 Epod.
1122 2409 1218 2459 XV,
1242 2412 1280 2448 9.
1309 2409 1398 2448 dum
1427 2410 1582 2447 intonsos

234 2493 395 2539 agitaret
436 2488 607 2540 Apollinis
649 2500 748 2524 aura
788 2486 960 2537 capilloS‚
1011 2498 1074 2536 pr.
1114 2483 1212 2523 dum
1255 2491 1390 2523 essent
1428 2481 1581 2523 intonsi

233 2563 435 2618 Apollinis
474 2561 620 2614 capilli.
692 2560 770 2599 Sed
811 2561 912 2599 nihil
949 2557 1185 2598 huiusmodi
1218 2557 1338 2597 video
1372 2556 1478 2609 apud
1510 2557 1581 2597 Ti-
