<?xml version="1.0" encoding="UTF-8"?>
<!DOCTYPE html PUBLIC "-//W3C//DTD XHTML 1.0 Transitional//EN"
    "http://www.w3.org/TR/xhtml1/DTD/xhtml1-transitional.dtd">
<html xmlns="http://www.w3.org/1999/xhtml" xml:lang="en" lang="en">
 <head>
  <title>
</title>
<meta http-equiv="Content-Type" content="text/html;charset=utf-8" />
  <meta name='ocr-system' content='tesseract 3.04.00' />
  <meta name='ocr-capabilities' content='ocr_page ocr_carea ocr_par ocr_line ocrx_word'/>
</head>
<body>
  <div class='ocr_page' id='page_1' title='image "./carminaexrecensi00tibuuoft_0340.png"; bbox 0 0 1721 2953; ppageno 0'>
   <div class='ocr_carea' id='block_1_1' title="bbox 304 146 1324 190">
    <p class='ocr_par' dir='ltr' id='par_1_1' title="bbox 304 146 1324 190">
     <span class='ocr_line' id='line_1_1' title="bbox 304 146 1324 190; baseline 0.005 -6"><span class='ocrx_word' id='word_1_1' title='bbox 304 152 352 189; x_wconf 69' lang='lat'><strong>14</strong></span> <span class='ocrx_word' id='word_1_2' title='bbox 608 146 976 190; x_wconf 81' lang='lat' dir='ltr'><strong>COMMENTAR.</strong></span> <span class='ocrx_word' id='word_1_3' title='bbox 1007 147 1065 187; x_wconf 89' lang='lat' dir='ltr'><strong>IN</strong></span> <span class='ocrx_word' id='word_1_4' title='bbox 1096 147 1324 189; x_wconf 85' lang='lat' dir='ltr'><strong>TIBULLI</strong></span> 
     </span>
    </p>
   </div>
   <div class='ocr_carea' id='block_1_2' title="bbox 299 261 1661 2623">
    <p class='ocr_par' dir='ltr' id='par_1_2' title="bbox 299 261 1661 2623">
     <span class='ocr_line' id='line_1_2' title="bbox 302 261 1647 308; baseline -0.003 -10"><span class='ocrx_word' id='word_1_5' title='bbox 302 264 385 298; x_wconf 83' lang='lat' dir='ltr'><strong>satis</strong></span> <span class='ocrx_word' id='word_1_6' title='bbox 411 262 566 308; x_wconf 84' lang='lat' dir='ltr'><strong>probibet</strong></span> <span class='ocrx_word' id='word_1_7' title='bbox 591 262 678 295; x_wconf 87' lang='lat' dir='ltr'><strong>ratio</strong></span> <span class='ocrx_word' id='word_1_8' title='bbox 704 261 808 295; x_wconf 90' lang='lat' dir='ltr'><strong>totius</strong></span> <span class='ocrx_word' id='word_1_9' title='bbox 834 262 922 305; x_wconf 86' lang='lat' dir='ltr'><strong>loci,</strong></span> <span class='ocrx_word' id='word_1_10' title='bbox 962 263 1019 305; x_wconf 86' lang='lat' dir='ltr'><strong>qui</strong></span> <span class='ocrx_word' id='word_1_11' title='bbox 1047 266 1123 307; x_wconf 90' lang='lat' dir='ltr'><strong>post</strong></span> <span class='ocrx_word' id='word_1_12' title='bbox 1147 263 1279 307; x_wconf 82' lang='lat' dir='ltr'><strong>stipites</strong></span> <span class='ocrx_word' id='word_1_13' title='bbox 1313 261 1511 307; x_wconf 81' lang='lat' dir='ltr'>lapidesque</span> <span class='ocrx_word' id='word_1_14' title='bbox 1541 261 1647 294; x_wconf 75' lang='lat' dir='ltr'><strong>mani—</strong></span> 
     </span>
     <span class='ocr_line' id='line_1_3' title="bbox 301 326 1647 371; baseline -0.005 -6"><span class='ocrx_word' id='word_1_15' title='bbox 301 331 389 365; x_wconf 79' lang='lat' dir='ltr'><strong>festo</strong></span> <span class='ocrx_word' id='word_1_16' title='bbox 414 330 567 371; x_wconf 83' lang='lat' dir='ltr'><strong>singulos</strong></span> <span class='ocrx_word' id='word_1_17' title='bbox 592 328 755 371; x_wconf 85' lang='lat' dir='ltr'><strong>quosdam</strong></span> <span class='ocrx_word' id='word_1_18' title='bbox 781 327 865 362; x_wconf 90' lang='lat' dir='ltr'><strong>deos</strong></span> <span class='ocrx_word' id='word_1_19' title='bbox 887 332 1141 363; x_wconf 82' lang='lat' dir='ltr'>commemorat.</span> <span class='ocrx_word' id='word_1_20' title='bbox 1199 329 1312 371; x_wconf 84' lang='lat' dir='ltr'><strong>Atque</strong></span> <span class='ocrx_word' id='word_1_21' title='bbox 1336 328 1425 360; x_wconf 88' lang='lat' dir='ltr'><strong>inter</strong></span> <span class='ocrx_word' id='word_1_22' title='bbox 1448 326 1533 360; x_wconf 87' lang='lat' dir='ltr'><strong>deos</strong></span> <span class='ocrx_word' id='word_1_23' title='bbox 1556 326 1647 369; x_wconf 80' lang='lat' dir='ltr'><strong>agri-</strong></span> 
     </span>
     <span class='ocr_line' id='line_1_4' title="bbox 302 392 1647 439; baseline -0.003 -9"><span class='ocrx_word' id='word_1_24' title='bbox 302 397 396 430; x_wconf 82' lang='lat' dir='ltr'>colas</span> <span class='ocrx_word' id='word_1_25' title='bbox 421 395 521 428; x_wconf 86' lang='lat' dir='ltr'><strong>etiam</strong></span> <span class='ocrx_word' id='word_1_26' title='bbox 547 394 652 427; x_wconf 88' lang='lat' dir='ltr'><strong>Ceres</strong></span> <span class='ocrx_word' id='word_1_27' title='bbox 679 399 741 436; x_wconf 91' lang='lat' dir='ltr'><strong>est,</strong></span> <span class='ocrx_word' id='word_1_28' title='bbox 766 405 854 438; x_wconf 88' lang='lat' dir='ltr'><strong>quae</strong></span> <span class='ocrx_word' id='word_1_29' title='bbox 880 399 992 429; x_wconf 90' lang='lat' dir='ltr'><strong>tamen</strong></span> <span class='ocrx_word' id='word_1_30' title='bbox 1018 405 1119 439; x_wconf 89' lang='lat' dir='ltr'><strong>poma</strong></span> <span class='ocrx_word' id='word_1_31' title='bbox 1147 395 1302 439; x_wconf 88' lang='lat' dir='ltr'><strong>accipere</strong></span> <span class='ocrx_word' id='word_1_32' title='bbox 1331 405 1396 428; x_wconf 90' lang='lat' dir='ltr'><strong>non</strong></span> <span class='ocrx_word' id='word_1_33' title='bbox 1421 393 1532 428; x_wconf 90' lang='lat' dir='ltr'><strong>debet.</strong></span> <span class='ocrx_word' id='word_1_34' title='bbox 1594 392 1647 426; x_wconf 67' lang='lat' dir='ltr'><strong>Ne</strong></span> 
     </span>
     <span class='ocr_line' id='line_1_5' title="bbox 301 460 1646 504; baseline -0.004 -7"><span class='ocrx_word' id='word_1_35' title='bbox 301 463 426 503; x_wconf 85' lang='lat' dir='ltr'><strong>multa3</strong></span> <span class='ocrx_word' id='word_1_36' title='bbox 459 471 535 495; x_wconf 86' lang='lat' dir='ltr'><strong>cum</strong></span> <span class='ocrx_word' id='word_1_37' title='bbox 570 460 672 495; x_wconf 72' lang='lat' dir='ltr'><strong>dicitz</strong></span> <span class='ocrx_word' id='word_1_38' title='bbox 706 461 825 496; x_wconf 86' lang='lat' dir='ltr'><strong>flava</strong></span> <span class='ocrx_word' id='word_1_39' title='bbox 862 462 1022 504; x_wconf 78' lang='lat' dir='ltr'><strong>Ceres,</strong></span> <span class='ocrx_word' id='word_1_40' title='bbox 1059 462 1146 495; x_wconf 93' lang='lat' dir='ltr'><strong>tibi</strong></span> <span class='ocrx_word' id='word_1_41' title='bbox 1180 473 1260 495; x_wconf 79' lang='lat' dir='ltr'><strong>vero</strong></span> <span class='ocrx_word' id='word_1_42' title='bbox 1296 462 1357 495; x_wconf 88' lang='lat' dir='ltr'><strong>sit</strong></span> <span class='ocrx_word' id='word_1_43' title='bbox 1390 460 1546 504; x_wconf 80' lang='lat' dir='ltr'><strong>spicea</strong></span> <span class='ocrx_word' id='word_1_44' title='bbox 1580 469 1646 492; x_wconf 92' lang='lat' dir='ltr'><strong>co-</strong></span> 
     </span>
     <span class='ocr_line' id='line_1_6' title="bbox 302 527 1649 574; baseline -0.001 -12"><span class='ocrx_word' id='word_1_45' title='bbox 302 540 409 563; x_wconf 91' lang='lat' dir='ltr'><strong>rona</strong></span> <span class='ocrx_word' id='word_1_46' title='bbox 436 528 531 572; x_wconf 88' lang='lat' dir='ltr'><strong>(nam</strong></span> <span class='ocrx_word' id='word_1_47' title='bbox 558 540 638 561; x_wconf 79' lang='lat' dir='ltr'><strong>vcro</strong></span> <span class='ocrx_word' id='word_1_48' title='bbox 663 527 717 561; x_wconf 86' lang='lat' dir='ltr'><strong>bic</strong></span> <span class='ocrx_word' id='word_1_49' title='bbox 741 528 1008 573; x_wconf 84' lang='lat' dir='ltr'><strong>supplendum),</strong></span> <span class='ocrx_word' id='word_1_50' title='bbox 1033 529 1126 563; x_wconf 87' lang='lat' dir='ltr'><strong>vides</strong></span> <span class='ocrx_word' id='word_1_51' title='bbox 1151 531 1277 574; x_wconf 89' lang='lat' dir='ltr'><strong>opponi</strong></span> <span class='ocrx_word' id='word_1_52' title='bbox 1301 539 1375 564; x_wconf 89' lang='lat' dir='ltr'><strong>eam</strong></span> <span class='ocrx_word' id='word_1_53' title='bbox 1400 540 1466 562; x_wconf 90' lang='lat' dir='ltr'><strong>non</strong></span> <span class='ocrx_word' id='word_1_54' title='bbox 1489 527 1649 571; x_wconf 81' lang='lat' dir='ltr'><strong>agricolis</strong></span> 
     </span>
     <span class='ocr_line' id='line_1_7' title="bbox 300 592 1647 639; baseline -0.002 -11"><span class='ocrx_word' id='word_1_55' title='bbox 300 595 383 637; x_wconf 89' lang='lat' dir='ltr'><strong>diis,</strong></span> <span class='ocrx_word' id='word_1_56' title='bbox 409 605 553 639; x_wconf 88' lang='lat' dir='ltr'><strong>quorum</strong></span> <span class='ocrx_word' id='word_1_57' title='bbox 580 604 658 638; x_wconf 89' lang='lat' dir='ltr'><strong>pars</strong></span> <span class='ocrx_word' id='word_1_58' title='bbox 683 598 747 636; x_wconf 89' lang='lat' dir='ltr'><strong>est,</strong></span> <span class='ocrx_word' id='word_1_59' title='bbox 770 593 831 627; x_wconf 90' lang='lat' dir='ltr'><strong>sed</strong></span> <span class='ocrx_word' id='word_1_60' title='bbox 862 593 926 627; x_wconf 90' lang='lat' dir='ltr'><strong>deo</strong></span> <span class='ocrx_word' id='word_1_61' title='bbox 952 595 1124 637; x_wconf 79' lang='lat' dir='ltr'><strong>agricolae</strong></span> <span class='ocrx_word' id='word_1_62' title='bbox 1149 596 1308 637; x_wconf 82' lang='lat' dir='ltr'><strong>Silvano,</strong></span> <span class='ocrx_word' id='word_1_63' title='bbox 1332 595 1389 638; x_wconf 89' lang='lat' dir='ltr'><strong>qui</strong></span> <span class='ocrx_word' id='word_1_64' title='bbox 1412 595 1551 628; x_wconf 84' lang='lat' dir='ltr'><strong>arbores</strong></span> <span class='ocrx_word' id='word_1_65' title='bbox 1575 592 1647 636; x_wconf 87' lang='lat' dir='ltr'><strong>agri</strong></span> 
     </span>
     <span class='ocr_line' id='line_1_8' title="bbox 299 658 1649 705; baseline -0.004 -10"><span class='ocrx_word' id='word_1_66' title='bbox 299 665 396 696; x_wconf 86' lang='lat' dir='ltr'><strong>curat</strong></span> <span class='ocrx_word' id='word_1_67' title='bbox 417 666 453 695; x_wconf 91' lang='lat' dir='ltr'><strong>ut</strong></span> <span class='ocrx_word' id='word_1_68' title='bbox 472 662 544 705; x_wconf 88' lang='lat' dir='ltr'><strong>ipsa</strong></span> <span class='ocrx_word' id='word_1_69' title='bbox 564 664 711 703; x_wconf 83' lang='lat' dir='ltr'><strong>segetes.</strong></span> <span class='ocrx_word' id='word_1_70' title='bbox 726 677 767 685; x_wconf 88' lang='lat'><strong>—</strong></span> <span class='ocrx_word' id='word_1_71' title='bbox 795 660 836 693; x_wconf 92' lang='lat' dir='ltr'><strong>V.</strong></span> <span class='ocrx_word' id='word_1_72' title='bbox 852 662 906 694; x_wconf 86' lang='lat'><strong>16.</strong></span> <span class='ocrx_word' id='word_1_73' title='bbox 930 661 1091 704; x_wconf 91' lang='lat' dir='ltr'><strong>templi</strong></span> <span class='ocrx_word' id='word_1_74' title='bbox 1116 665 1223 694; x_wconf 89' lang='lat' dir='ltr'><strong>ante</strong></span> <span class='ocrx_word' id='word_1_75' title='bbox 1246 660 1381 694; x_wconf 83' lang='lat' dir='ltr'><strong>fores.</strong></span> <span class='ocrx_word' id='word_1_76' title='bbox 1419 659 1503 693; x_wconf 85' lang='lat' dir='ltr'>Erat</span> <span class='ocrx_word' id='word_1_77' title='bbox 1522 658 1649 692; x_wconf 82' lang='lat' dir='ltr'><strong>Tibulli</strong></span> 
     </span>
     <span class='ocr_line' id='line_1_9' title="bbox 304 725 1649 770; baseline -0.001 -10"><span class='ocrx_word' id='word_1_78' title='bbox 304 727 479 770; x_wconf 82' lang='lat' dir='ltr'><strong>praedium</strong></span> <span class='ocrx_word' id='word_1_79' title='bbox 506 727 539 760; x_wconf 94' lang='lat' dir='ltr'><strong>in</strong></span> <span class='ocrx_word' id='word_1_80' title='bbox 566 728 706 769; x_wconf 83' lang='lat' dir='ltr'><strong>regione</strong></span> <span class='ocrx_word' id='word_1_81' title='bbox 724 726 864 760; x_wconf 87' lang='lat' dir='ltr'><strong>Pedana</strong></span> <span class='ocrx_word' id='word_1_82' title='bbox 888 727 975 759; x_wconf 89' lang='lat' dir='ltr'><strong>inter</strong></span> <span class='ocrx_word' id='word_1_83' title='bbox 997 727 1107 760; x_wconf 84' lang='lat' dir='ltr'><strong>Tibur</strong></span> <span class='ocrx_word' id='word_1_84' title='bbox 1131 731 1165 760; x_wconf 91' lang='lat' dir='ltr'><strong>et</strong></span> <span class='ocrx_word' id='word_1_85' title='bbox 1186 728 1395 767; x_wconf 84' lang='lat' dir='ltr'><strong>Praeneste3</strong></span> <span class='ocrx_word' id='word_1_86' title='bbox 1419 725 1540 769; x_wconf 91' lang='lat' dir='ltr'><strong>quodsi</strong></span> <span class='ocrx_word' id='word_1_87' title='bbox 1563 729 1649 758; x_wconf 91' lang='lat' dir='ltr'><strong>tem-</strong></span> 
     </span>
     <span class='ocr_line' id='line_1_10' title="bbox 301 790 1648 838; baseline -0.003 -11"><span class='ocrx_word' id='word_1_88' title='bbox 301 795 394 838; x_wconf 93' lang='lat' dir='ltr'><strong>plum</strong></span> <span class='ocrx_word' id='word_1_89' title='bbox 425 794 561 827; x_wconf 85' lang='lat' dir='ltr'><strong>Cereris</strong></span> <span class='ocrx_word' id='word_1_90' title='bbox 590 793 621 826; x_wconf 91' lang='lat' dir='ltr'><strong>in</strong></span> <span class='ocrx_word' id='word_1_91' title='bbox 648 793 788 837; x_wconf 88' lang='lat' dir='ltr'><strong>praedio</strong></span> <span class='ocrx_word' id='word_1_92' title='bbox 815 803 881 826; x_wconf 89' lang='lat' dir='ltr'><strong>non</strong></span> <span class='ocrx_word' id='word_1_93' title='bbox 909 791 1036 833; x_wconf 83' lang='lat' dir='ltr'><strong>babuit,</strong></span> <span class='ocrx_word' id='word_1_94' title='bbox 1062 793 1207 825; x_wconf 83' lang='lat' dir='ltr'><strong>vicinum</strong></span> <span class='ocrx_word' id='word_1_95' title='bbox 1234 790 1328 833; x_wconf 86' lang='lat' dir='ltr'><strong>adiit,</strong></span> <span class='ocrx_word' id='word_1_96' title='bbox 1353 790 1444 834; x_wconf 88' lang='lat' dir='ltr'><strong>quod</strong></span> <span class='ocrx_word' id='word_1_97' title='bbox 1469 790 1592 823; x_wconf 88' lang='lat' dir='ltr'><strong>alicubi</strong></span> <span class='ocrx_word' id='word_1_98' title='bbox 1617 790 1648 822; x_wconf 92' lang='lat' dir='ltr'><strong>in</strong></span> 
     </span>
     <span class='ocr_line' id='line_1_11' title="bbox 301 856 1652 903; baseline -0.004 -9"><span class='ocrx_word' id='word_1_99' title='bbox 301 861 394 903; x_wconf 85' lang='lat' dir='ltr'><strong>agris</strong></span> <span class='ocrx_word' id='word_1_100' title='bbox 419 870 494 893; x_wconf 89' lang='lat' dir='ltr'><strong>esse</strong></span> <span class='ocrx_word' id='word_1_101' title='bbox 522 859 643 903; x_wconf 87' lang='lat' dir='ltr'><strong>potuit.</strong></span> <span class='ocrx_word' id='word_1_102' title='bbox 669 875 712 884; x_wconf 89' lang='lat'>—</span> <span class='ocrx_word' id='word_1_103' title='bbox 750 859 792 893; x_wconf 87' lang='lat' dir='ltr'><strong>V.</strong></span> <span class='ocrx_word' id='word_1_104' title='bbox 819 861 874 891; x_wconf 79' lang='lat'><strong>17.</strong></span> <span class='ocrx_word' id='word_1_105' title='bbox 906 861 960 891; x_wconf 82' lang='lat'><strong>18.</strong></span> <span class='ocrx_word' id='word_1_106' title='bbox 1010 858 1061 891; x_wconf 91' lang='lat' dir='ltr'><strong>De</strong></span> <span class='ocrx_word' id='word_1_107' title='bbox 1086 858 1274 902; x_wconf 81' lang='lat' dir='ltr'><strong>Priapo,</strong></span> <span class='ocrx_word' id='word_1_108' title='bbox 1313 856 1485 891; x_wconf 84' lang='lat' dir='ltr'><strong>hortorum</strong></span> <span class='ocrx_word' id='word_1_109' title='bbox 1514 856 1652 900; x_wconf 90' lang='lat' dir='ltr'><strong>proprio</strong></span> 
     </span>
     <span class='ocr_line' id='line_1_12' title="bbox 300 916 1649 968; baseline -0.003 -8"><span class='ocrx_word' id='word_1_110' title='bbox 300 926 455 968; x_wconf 83' lang='lat' dir='ltr'><strong>custode,</strong></span> <span class='ocrx_word' id='word_1_111' title='bbox 479 930 560 960; x_wconf 89' lang='lat' dir='ltr'><strong>nota</strong></span> <span class='ocrx_word' id='word_1_112' title='bbox 584 926 707 967; x_wconf 90' lang='lat' dir='ltr'><strong>omnia,</strong></span> <span class='ocrx_word' id='word_1_113' title='bbox 732 925 776 960; x_wconf 87' lang='lat' dir='ltr'><strong>cf.</strong></span> <span class='ocrx_word' id='word_1_114' title='bbox 804 926 902 959; x_wconf 84' lang='lat' dir='ltr'><strong>Voss.</strong></span> <span class='ocrx_word' id='word_1_115' title='bbox 925 924 1049 968; x_wconf 87' lang='lat' dir='ltr'><strong>Epistt.</strong></span> <span class='ocrx_word' id='word_1_116' title='bbox 1079 916 1237 966; x_wconf 74' lang='lat' dir='ltr'><strong>Mytlioll.</strong></span> <span class='ocrx_word' id='word_1_117' title='bbox 1263 924 1307 966; x_wconf 89' lang='grc' dir='ltr'><strong>ΙΙ,</strong></span> <span class='ocrx_word' id='word_1_118' title='bbox 1332 926 1388 957; x_wconf 78' lang='grc'><strong>37.</strong></span> <span class='ocrx_word' id='word_1_119' title='bbox 1438 923 1649 956; x_wconf 75' lang='lat' dir='ltr'><strong>HssxNDoRF.</strong></span> 
     </span>
     <span class='ocr_line' id='line_1_13' title="bbox 301 987 1650 1034; baseline -0.007 -6"><span class='ocrx_word' id='word_1_120' title='bbox 301 994 344 1028; x_wconf 85' lang='lat' dir='ltr'><strong>ad</strong></span> <span class='ocrx_word' id='word_1_121' title='bbox 369 994 490 1027; x_wconf 83' lang='lat' dir='ltr'><strong>Horat.</strong></span> <span class='ocrx_word' id='word_1_122' title='bbox 516 994 590 1026; x_wconf 90' lang='lat' dir='ltr'><strong>Sat.</strong></span> <span class='ocrx_word' id='word_1_123' title='bbox 616 993 644 1033; x_wconf 82' lang='grc' dir='ltr'><strong>Ι,</strong></span> <span class='ocrx_word' id='word_1_124' title='bbox 667 995 700 1034; x_wconf 85' lang='lat'><strong>8,</strong></span> <span class='ocrx_word' id='word_1_125' title='bbox 729 994 760 1027; x_wconf 92' lang='lat' dir='ltr'><strong>l.</strong></span> <span class='ocrx_word' id='word_1_126' title='bbox 818 992 885 1025; x_wconf 90' lang='lat' dir='ltr'><strong>Hic</strong></span> <span class='ocrx_word' id='word_1_127' title='bbox 920 1002 1008 1025; x_wconf 91' lang='lat' dir='ltr'><strong>nuuc</strong></span> <span class='ocrx_word' id='word_1_128' title='bbox 1040 991 1173 1034; x_wconf 87' lang='lat' dir='ltr'><strong>signum</strong></span> <span class='ocrx_word' id='word_1_129' title='bbox 1207 990 1309 1024; x_wconf 91' lang='lat' dir='ltr'><strong>minio</strong></span> <span class='ocrx_word' id='word_1_130' title='bbox 1342 989 1470 1033; x_wconf 89' lang='lat' dir='ltr'><strong>pictum</strong></span> <span class='ocrx_word' id='word_1_131' title='bbox 1503 987 1650 1027; x_wconf 81' lang='lat' dir='ltr'><strong>habebit,</strong></span> 
     </span>
     <span class='ocr_line' id='line_1_14' title="bbox 302 1056 1651 1101; baseline -0.007 -5"><span class='ocrx_word' id='word_1_132' title='bbox 302 1069 340 1097; x_wconf 87' lang='lat' dir='ltr'><strong>ut</strong></span> <span class='ocrx_word' id='word_1_133' title='bbox 362 1063 436 1096; x_wconf 86' lang='lat' dir='ltr'><strong>fieri</strong></span> <span class='ocrx_word' id='word_1_134' title='bbox 460 1062 603 1095; x_wconf 85' lang='lat' dir='ltr'><strong>solebat.</strong></span> <span class='ocrx_word' id='word_1_135' title='bbox 628 1079 675 1086; x_wconf 91' lang='lat'><strong>—</strong></span> <span class='ocrx_word' id='word_1_136' title='bbox 712 1065 888 1094; x_wconf 88' lang='lat' dir='ltr'><strong>terreat</strong></span> <span class='ocrx_word' id='word_1_137' title='bbox 913 1064 959 1093; x_wconf 85' lang='lat' dir='ltr'><strong>ut</strong></span> <span class='ocrx_word' id='word_1_138' title='bbox 984 1070 1109 1101; x_wconf 84' lang='lat' dir='ltr'><strong>aves,</strong></span> <span class='ocrx_word' id='word_1_139' title='bbox 1147 1063 1199 1092; x_wconf 90' lang='lat' dir='ltr'><strong>est</strong></span> <span class='ocrx_word' id='word_1_140' title='bbox 1224 1059 1311 1092; x_wconf 88' lang='lat' dir='ltr'><strong>enim</strong></span> <span class='ocrx_word' id='word_1_141' title='bbox 1336 1057 1448 1090; x_wconf 81' lang='lat' dir='ltr'><strong>furum</strong></span> <span class='ocrx_word' id='word_1_142' title='bbox 1472 1056 1651 1098; x_wconf 85' lang='lat' dir='ltr'><strong>aviumque</strong></span> 
     </span>
     <span class='ocr_line' id='line_1_15' title="bbox 306 1123 1651 1167; baseline -0.007 -5"><span class='ocrx_word' id='word_1_143' title='bbox 306 1129 453 1162; x_wconf 81' lang='lat' dir='ltr'><strong>maxima</strong></span> <span class='ocrx_word' id='word_1_144' title='bbox 479 1125 645 1167; x_wconf 84' lang='lat' dir='ltr'><strong>formido,</strong></span> <span class='ocrx_word' id='word_1_145' title='bbox 672 1129 708 1158; x_wconf 93' lang='lat' dir='ltr'><strong>ut</strong></span> <span class='ocrx_word' id='word_1_146' title='bbox 729 1125 777 1158; x_wconf 88' lang='lat' dir='ltr'><strong>ait</strong></span> <span class='ocrx_word' id='word_1_147' title='bbox 803 1124 946 1158; x_wconf 52' lang='lat' dir='ltr'><strong>Hons&#39;r.</strong></span> <span class='ocrx_word' id='word_1_148' title='bbox 974 1125 993 1157; x_wconf 95' lang='lat' dir='ltr'><strong>l.</strong></span> <span class='ocrx_word' id='word_1_149' title='bbox 1021 1125 1078 1157; x_wconf 89' lang='lat' dir='ltr'><strong>cit.</strong></span> <span class='ocrx_word' id='word_1_150' title='bbox 1128 1123 1283 1166; x_wconf 89' lang='lat' dir='ltr'><strong>Denique</strong></span> <span class='ocrx_word' id='word_1_151' title='bbox 1307 1123 1564 1156; x_wconf 85' lang='lat' dir='ltr'><strong>collocationem</strong></span> <span class='ocrx_word' id='word_1_152' title='bbox 1590 1131 1651 1154; x_wconf 90' lang='lat' dir='ltr'><strong>no-</strong></span> 
     </span>
     <span class='ocr_line' id='line_1_16' title="bbox 305 1191 1651 1246; baseline -0.004 -15"><span class='ocrx_word' id='word_1_153' title='bbox 305 1198 403 1232; x_wconf 89' lang='lat' dir='ltr'><strong>minis</strong></span> <span class='ocrx_word' id='word_1_154' title='bbox 428 1197 545 1240; x_wconf 87' lang='lat' dir='ltr'><strong>Priapi</strong></span> <span class='ocrx_word' id='word_1_155' title='bbox 571 1197 604 1229; x_wconf 95' lang='lat' dir='ltr'><strong>in</strong></span> <span class='ocrx_word' id='word_1_156' title='bbox 629 1193 781 1228; x_wconf 88' lang='lat' dir='ltr'><strong>secundo</strong></span> <span class='ocrx_word' id='word_1_157' title='bbox 807 1204 906 1246; x_wconf 81' lang='lat' dir='ltr'><strong>versu</strong></span> <span class='ocrx_word' id='word_1_158' title='bbox 932 1193 1080 1235; x_wconf 84' lang='lat' dir='ltr'><strong>attende,</strong></span> <span class='ocrx_word' id='word_1_159' title='bbox 1107 1197 1141 1226; x_wconf 90' lang='lat' dir='ltr'><strong>et</strong></span> <span class='ocrx_word' id='word_1_160' title='bbox 1166 1192 1255 1226; x_wconf 86' lang='lat' dir='ltr'><strong>conf.</strong></span> <span class='ocrx_word' id='word_1_161' title='bbox 1280 1192 1389 1225; x_wconf 73' lang='lat' dir='ltr'><strong>Pmn·</strong></span> <span class='ocrx_word' id='word_1_162' title='bbox 1414 1191 1515 1234; x_wconf 82' lang='lat' dir='ltr'><strong>Pyth.</strong></span> <span class='ocrx_word' id='word_1_163' title='bbox 1538 1191 1599 1233; x_wconf 85' lang='lat' dir='ltr'><strong>IV,</strong></span> <span class='ocrx_word' id='word_1_164' title='bbox 1618 1193 1651 1225; x_wconf 78' lang='lat'><strong>2.</strong></span> 
     </span>
     <span class='ocr_line' id='line_1_17' title="bbox 306 1258 1649 1305; baseline -0.005 -8"><span class='ocrx_word' id='word_1_165' title='bbox 306 1264 449 1298; x_wconf 68' lang='lat' dir='ltr'><strong>Hom&#39;r.</strong></span> <span class='ocrx_word' id='word_1_166' title='bbox 475 1263 503 1304; x_wconf 93' lang='lat' dir='ltr'><strong>I,</strong></span> <span class='ocrx_word' id='word_1_167' title='bbox 531 1266 586 1305; x_wconf 89' lang='lat'><strong>15,</strong></span> <span class='ocrx_word' id='word_1_168' title='bbox 616 1264 649 1296; x_wconf 83' lang='lat'><strong>4.</strong></span> <span class='ocrx_word' id='word_1_169' title='bbox 688 1263 798 1296; x_wconf 77' lang='lat' dir='ltr'><strong>VmG.</strong></span> <span class='ocrx_word' id='word_1_170' title='bbox 824 1262 907 1295; x_wconf 88' lang='lat' dir='ltr'><strong>Aen.</strong></span> <span class='ocrx_word' id='word_1_171' title='bbox 934 1261 962 1303; x_wconf 91' lang='lat' dir='ltr'><strong>I,</strong></span> <span class='ocrx_word' id='word_1_172' title='bbox 987 1264 1022 1295; x_wconf 83' lang='lat'><strong>3.</strong></span> <span class='ocrx_word' id='word_1_173' title='bbox 1055 1265 1089 1294; x_wconf 92' lang='lat' dir='ltr'><strong>et</strong></span> <span class='ocrx_word' id='word_1_174' title='bbox 1114 1261 1146 1294; x_wconf 91' lang='lat' dir='ltr'><strong>in</strong></span> <span class='ocrx_word' id='word_1_175' title='bbox 1178 1259 1230 1293; x_wconf 76' lang='lat' dir='ltr'><strong>liis</strong></span> <span class='ocrx_word' id='word_1_176' title='bbox 1255 1259 1457 1293; x_wconf 86' lang='lat' dir='ltr'><strong>carminibus</strong></span> <span class='ocrx_word' id='word_1_177' title='bbox 1483 1258 1510 1300; x_wconf 88' lang='grc' dir='ltr'><strong>Ι,</strong></span> <span class='ocrx_word' id='word_1_178' title='bbox 1535 1261 1569 1300; x_wconf 83' lang='lat'><strong>5,</strong></span> <span class='ocrx_word' id='word_1_179' title='bbox 1594 1260 1649 1291; x_wconf 85' lang='lat'><strong>13.</strong></span> 
     </span>
     <span class='ocr_line' id='line_1_18' title="bbox 304 1323 1650 1370; baseline -0.005 -8"><span class='ocrx_word' id='word_1_180' title='bbox 304 1329 366 1370; x_wconf 80' lang='grc' dir='ltr'>ΙΙΙ,</span> <span class='ocrx_word' id='word_1_181' title='bbox 393 1331 425 1370; x_wconf 85' lang='grc'><strong>1,</strong></span> <span class='ocrx_word' id='word_1_182' title='bbox 450 1331 509 1361; x_wconf 88' lang='lat'><strong>12.</strong></span> <span class='ocrx_word' id='word_1_183' title='bbox 559 1328 637 1361; x_wconf 89' lang='lat' dir='ltr'><strong>Non</strong></span> <span class='ocrx_word' id='word_1_184' title='bbox 669 1328 777 1361; x_wconf 84' lang='lat' dir='ltr'><strong>inanis</strong></span> <span class='ocrx_word' id='word_1_185' title='bbox 810 1328 903 1360; x_wconf 89' lang='lat' dir='ltr'><strong>lusus</strong></span> <span class='ocrx_word' id='word_1_186' title='bbox 937 1327 1092 1370; x_wconf 88' lang='lat' dir='ltr'><strong>poeticus</strong></span> <span class='ocrx_word' id='word_1_187' title='bbox 1123 1325 1177 1359; x_wconf 86' lang='lat' dir='ltr'><strong>hic</strong></span> <span class='ocrx_word' id='word_1_188' title='bbox 1202 1329 1265 1367; x_wconf 83' lang='lat' dir='ltr'><strong>est,</strong></span> <span class='ocrx_word' id='word_1_189' title='bbox 1290 1325 1350 1358; x_wconf 88' lang='lat' dir='ltr'><strong>sed</strong></span> <span class='ocrx_word' id='word_1_190' title='bbox 1375 1325 1432 1367; x_wconf 89' lang='lat' dir='ltr'><strong>qui</strong></span> <span class='ocrx_word' id='word_1_191' title='bbox 1458 1323 1650 1364; x_wconf 89' lang='lat' dir='ltr'><strong>attenderit,</strong></span> 
     </span>
     <span class='ocr_line' id='line_1_19' title="bbox 304 1390 1652 1428; baseline -0.004 0"><span class='ocrx_word' id='word_1_192' title='bbox 304 1395 430 1428; x_wconf 88' lang='lat' dir='ltr'><strong>sentiet</strong></span> <span class='ocrx_word' id='word_1_193' title='bbox 463 1394 513 1427; x_wconf 89' lang='lat' dir='ltr'><strong>sic</strong></span> <span class='ocrx_word' id='word_1_194' title='bbox 546 1403 666 1426; x_wconf 88' lang='lat' dir='ltr'><strong>novam</strong></span> <span class='ocrx_word' id='word_1_195' title='bbox 702 1393 801 1425; x_wconf 90' lang='lat' dir='ltr'><strong>simul</strong></span> <span class='ocrx_word' id='word_1_196' title='bbox 835 1392 899 1425; x_wconf 77' lang='lat' dir='ltr'><strong>vim</strong></span> <span class='ocrx_word' id='word_1_197' title='bbox 932 1391 1097 1424; x_wconf 81' lang='lat' dir='ltr'><strong>accedere</strong></span> <span class='ocrx_word' id='word_1_198' title='bbox 1130 1391 1279 1424; x_wconf 88' lang='lat' dir='ltr'><strong>secundo</strong></span> <span class='ocrx_word' id='word_1_199' title='bbox 1316 1391 1477 1424; x_wconf 87' lang='lat' dir='ltr'><strong>membro.</strong></span> <span class='ocrx_word' id='word_1_200' title='bbox 1533 1390 1652 1422; x_wconf 85' lang='lat' dir='ltr'><strong>Multis</strong></span> 
     </span>
     <span class='ocr_line' id='line_1_20' title="bbox 306 1456 1651 1503; baseline -0.004 -10"><span class='ocrx_word' id='word_1_201' title='bbox 306 1472 388 1495; x_wconf 87' lang='lat' dir='ltr'><strong>vero</strong></span> <span class='ocrx_word' id='word_1_202' title='bbox 413 1460 522 1494; x_wconf 92' lang='lat' dir='ltr'><strong>modis</strong></span> <span class='ocrx_word' id='word_1_203' title='bbox 548 1464 667 1493; x_wconf 88' lang='lat' dir='ltr'><strong>curant</strong></span> <span class='ocrx_word' id='word_1_204' title='bbox 691 1464 814 1503; x_wconf 88' lang='lat' dir='ltr'><strong>poetae</strong></span> <span class='ocrx_word' id='word_1_205' title='bbox 839 1460 872 1492; x_wconf 90' lang='lat' dir='ltr'><strong>in</strong></span> <span class='ocrx_word' id='word_1_206' title='bbox 896 1459 1090 1492; x_wconf 88' lang='lat' dir='ltr'><strong>continuata</strong></span> <span class='ocrx_word' id='word_1_207' title='bbox 1119 1457 1369 1490; x_wconf 88' lang='lat' dir='ltr'><strong>constructione</strong></span> <span class='ocrx_word' id='word_1_208' title='bbox 1388 1466 1429 1488; x_wconf 92' lang='lat' dir='ltr'><strong>ne</strong></span> <span class='ocrx_word' id='word_1_209' title='bbox 1454 1456 1551 1497; x_wconf 74' lang='lat' dir='ltr'><strong>vigor</strong></span> <span class='ocrx_word' id='word_1_210' title='bbox 1574 1465 1651 1487; x_wconf 85' lang='lat' dir='ltr'><strong>ora-</strong></span> 
     </span>
     <span class='ocr_line' id='line_1_21' title="bbox 304 1520 1653 1567; baseline -0.007 -7"><span class='ocrx_word' id='word_1_211' title='bbox 304 1528 406 1561; x_wconf 86' lang='lat' dir='ltr'><strong>tionis</strong></span> <span class='ocrx_word' id='word_1_212' title='bbox 439 1526 635 1567; x_wconf 87' lang='lat' dir='ltr'><strong>decrescat,</strong></span> <span class='ocrx_word' id='word_1_213' title='bbox 670 1525 730 1558; x_wconf 91' lang='lat' dir='ltr'><strong>sed</strong></span> <span class='ocrx_word' id='word_1_214' title='bbox 764 1526 874 1558; x_wconf 89' lang='lat' dir='ltr'><strong>alatur</strong></span> <span class='ocrx_word' id='word_1_215' title='bbox 898 1529 932 1557; x_wconf 92' lang='lat' dir='ltr'><strong>et</strong></span> <span class='ocrx_word' id='word_1_216' title='bbox 962 1528 1127 1566; x_wconf 81' lang='lat' dir='ltr'><strong>augeatur</strong></span> <span class='ocrx_word' id='word_1_217' title='bbox 1151 1523 1255 1563; x_wconf 85' lang='lat' dir='ltr'><strong>scite,</strong></span> <span class='ocrx_word' id='word_1_218' title='bbox 1289 1521 1332 1554; x_wconf 89' lang='lat' dir='ltr'><strong>de</strong></span> <span class='ocrx_word' id='word_1_219' title='bbox 1356 1521 1478 1563; x_wconf 90' lang='lat' dir='ltr'><strong>quibus</strong></span> <span class='ocrx_word' id='word_1_220' title='bbox 1502 1520 1653 1552; x_wconf 83' lang='lat' dir='ltr'><strong>artificiis</strong></span> 
     </span>
     <span class='ocr_line' id='line_1_22' title="bbox 304 1589 1653 1636; baseline -0.007 -10"><span class='ocrx_word' id='word_1_221' title='bbox 304 1602 408 1636; x_wconf 88' lang='lat' dir='ltr'><strong>saepe</strong></span> <span class='ocrx_word' id='word_1_222' title='bbox 433 1602 567 1625; x_wconf 79' lang='lat' dir='ltr'><strong>moneo,</strong></span> <span class='ocrx_word' id='word_1_223' title='bbox 585 1610 629 1617; x_wconf 65' lang='lat'><strong>⁷-</strong></span> <span class='ocrx_word' id='word_1_224' title='bbox 656 1591 697 1624; x_wconf 90' lang='lat' dir='ltr'><strong>V.</strong></span> <span class='ocrx_word' id='word_1_225' title='bbox 725 1593 768 1622; x_wconf 87' lang='lat'><strong>19</strong></span> <span class='ocrx_word' id='word_1_226' title='bbox 789 1601 862 1632; x_wconf 87' lang='lat' dir='ltr'><strong>sqq.</strong></span> <span class='ocrx_word' id='word_1_227' title='bbox 912 1589 1062 1632; x_wconf 89' lang='lat' dir='ltr'><strong>Respice</strong></span> <span class='ocrx_word' id='word_1_228' title='bbox 1089 1598 1232 1628; x_wconf 91' lang='lat' dir='ltr'><strong>mecum,</strong></span> <span class='ocrx_word' id='word_1_229' title='bbox 1257 1592 1435 1629; x_wconf 86' lang='lat' dir='ltr'><strong>antequam</strong></span> <span class='ocrx_word' id='word_1_230' title='bbox 1461 1595 1653 1629; x_wconf 85' lang='lat' dir='ltr'><strong>pergamus,</strong></span> 
     </span>
     <span class='ocr_line' id='line_1_23' title="bbox 307 1652 1653 1703; baseline -0.007 -10"><span class='ocrx_word' id='word_1_231' title='bbox 307 1664 416 1693; x_wconf 90' lang='lat' dir='ltr'><strong>totum</strong></span> <span class='ocrx_word' id='word_1_232' title='bbox 442 1660 631 1703; x_wconf 89' lang='lat' dir='ltr'><strong>perlectum</strong></span> <span class='ocrx_word' id='word_1_233' title='bbox 657 1657 699 1690; x_wconf 92' lang='lat' dir='ltr'><strong>de</strong></span> <span class='ocrx_word' id='word_1_234' title='bbox 727 1658 854 1700; x_wconf 88' lang='lat' dir='ltr'><strong>pietate</strong></span> <span class='ocrx_word' id='word_1_235' title='bbox 881 1660 1003 1699; x_wconf 82' lang='lat' dir='ltr'><strong>poetae</strong></span> <span class='ocrx_word' id='word_1_236' title='bbox 1027 1656 1149 1696; x_wconf 87' lang='lat' dir='ltr'><strong>locum,</strong></span> <span class='ocrx_word' id='word_1_237' title='bbox 1175 1658 1212 1686; x_wconf 90' lang='lat' dir='ltr'><strong>ut</strong></span> <span class='ocrx_word' id='word_1_238' title='bbox 1237 1652 1412 1697; x_wconf 82' lang='lat' dir='ltr'><strong>pulchram</strong></span> <span class='ocrx_word' id='word_1_239' title='bbox 1435 1652 1653 1696; x_wconf 89' lang='lat' dir='ltr'><strong>compositio-</strong></span> 
     </span>
     <span class='ocr_line' id='line_1_24' title="bbox 307 1719 1653 1766; baseline -0.007 -5"><span class='ocrx_word' id='word_1_240' title='bbox 307 1738 383 1761; x_wconf 90' lang='lat' dir='ltr'><strong>nem</strong></span> <span class='ocrx_word' id='word_1_241' title='bbox 404 1728 478 1761; x_wconf 93' lang='lat' dir='ltr'><strong>eius</strong></span> <span class='ocrx_word' id='word_1_242' title='bbox 498 1726 634 1759; x_wconf 81' lang='lat' dir='ltr'><strong>sentias.</strong></span> <span class='ocrx_word' id='word_1_243' title='bbox 683 1724 748 1757; x_wconf 78' lang='lat' dir='ltr'><strong>Est</strong></span> <span class='ocrx_word' id='word_1_244' title='bbox 773 1728 887 1756; x_wconf 87' lang='lat' dir='ltr'><strong>autem</strong></span> <span class='ocrx_word' id='word_1_245' title='bbox 912 1723 1099 1766; x_wconf 86' lang='lat' dir='ltr'><strong>tripartitus</strong></span> <span class='ocrx_word' id='word_1_246' title='bbox 1125 1732 1186 1765; x_wconf 94' lang='lat' dir='ltr'><strong>per</strong></span> <span class='ocrx_word' id='word_1_247' title='bbox 1211 1721 1455 1763; x_wconf 82' lang='lat' dir='ltr'><strong>gradationem.</strong></span> <span class='ocrx_word' id='word_1_248' title='bbox 1502 1719 1653 1752; x_wconf 90' lang='lat' dir='ltr'><strong>Primum</strong></span> 
     </span>
     <span class='ocr_line' id='line_1_25' title="bbox 307 1784 1653 1836; baseline -0.008 -9"><span class='ocrx_word' id='word_1_249' title='bbox 307 1794 393 1827; x_wconf 78' lang='lat' dir='ltr'><strong>dixit</strong></span> <span class='ocrx_word' id='word_1_250' title='bbox 418 1793 462 1826; x_wconf 88' lang='lat' dir='ltr'><strong>de</strong></span> <span class='ocrx_word' id='word_1_251' title='bbox 487 1792 639 1836; x_wconf 90' lang='lat' dir='ltr'><strong>stipitum</strong></span> <span class='ocrx_word' id='word_1_252' title='bbox 667 1794 702 1823; x_wconf 91' lang='lat' dir='ltr'><strong>et</strong></span> <span class='ocrx_word' id='word_1_253' title='bbox 727 1789 875 1833; x_wconf 88' lang='lat' dir='ltr'><strong>lapidum</strong></span> <span class='ocrx_word' id='word_1_254' title='bbox 899 1787 1117 1821; x_wconf 78' lang='lat' dir='ltr'><strong>veneratione</strong></span> <span class='ocrx_word' id='word_1_255' title='bbox 1141 1797 1203 1830; x_wconf 90' lang='lat' dir='ltr'><strong>per</strong></span> <span class='ocrx_word' id='word_1_256' title='bbox 1225 1796 1336 1829; x_wconf 87' lang='lat' dir='ltr'><strong>agros.</strong></span> <span class='ocrx_word' id='word_1_257' title='bbox 1385 1784 1515 1818; x_wconf 89' lang='lat' dir='ltr'><strong>Deinde</strong></span> <span class='ocrx_word' id='word_1_258' title='bbox 1538 1795 1653 1817; x_wconf 89' lang='lat' dir='ltr'><strong>eorum</strong></span> 
     </span>
     <span class='ocr_line' id='line_1_26' title="bbox 308 1850 1655 1900; baseline -0.01 -6"><span class='ocrx_word' id='word_1_259' title='bbox 308 1861 450 1895; x_wconf 90' lang='lat' dir='ltr'><strong>deorum</strong></span> <span class='ocrx_word' id='word_1_260' title='bbox 475 1860 602 1893; x_wconf 86' lang='lat' dir='ltr'><strong>cultum</strong></span> <span class='ocrx_word' id='word_1_261' title='bbox 628 1856 827 1900; x_wconf 82' lang='lat' dir='ltr'><strong>descripsit,</strong></span> <span class='ocrx_word' id='word_1_262' title='bbox 858 1857 916 1899; x_wconf 85' lang='lat' dir='ltr'><strong>qui</strong></span> <span class='ocrx_word' id='word_1_263' title='bbox 940 1855 1134 1899; x_wconf 87' lang='lat' dir='ltr'><strong>specialiter</strong></span> <span class='ocrx_word' id='word_1_264' title='bbox 1158 1852 1285 1897; x_wconf 89' lang='lat' dir='ltr'><strong>praedii</strong></span> <span class='ocrx_word' id='word_1_265' title='bbox 1311 1852 1361 1884; x_wconf 91' lang='lat' dir='ltr'><strong>sui</strong></span> <span class='ocrx_word' id='word_1_266' title='bbox 1385 1850 1526 1893; x_wconf 89' lang='lat' dir='ltr'><strong>singulis</strong></span> <span class='ocrx_word' id='word_1_267' title='bbox 1551 1850 1655 1893; x_wconf 88' lang='lat' dir='ltr'><strong>parti-</strong></span> 
     </span>
     <span class='ocr_line' id='line_1_27' title="bbox 307 1918 1656 1970; baseline -0.009 -11"><span class='ocrx_word' id='word_1_268' title='bbox 307 1927 371 1960; x_wconf 86' lang='lat' dir='ltr'><strong>bus</strong></span> <span class='ocrx_word' id='word_1_269' title='bbox 396 1929 586 1970; x_wconf 85' lang='lat' dir='ltr'><strong>praeerant,</strong></span> <span class='ocrx_word' id='word_1_270' title='bbox 607 1923 746 1964; x_wconf 77' lang='lat' dir='ltr'><strong>Silvani,</strong></span> <span class='ocrx_word' id='word_1_271' title='bbox 773 1923 829 1964; x_wconf 88' lang='lat' dir='ltr'><strong>qui</strong></span> <span class='ocrx_word' id='word_1_272' title='bbox 854 1922 993 1955; x_wconf 82' lang='lat' dir='ltr'><strong>arbores</strong></span> <span class='ocrx_word' id='word_1_273' title='bbox 1018 1931 1188 1963; x_wconf 80' lang='lat' dir='ltr'><strong>agrorum,</strong></span> <span class='ocrx_word' id='word_1_274' title='bbox 1214 1923 1248 1952; x_wconf 88' lang='lat' dir='ltr'><strong>et</strong></span> <span class='ocrx_word' id='word_1_275' title='bbox 1275 1918 1421 1959; x_wconf 82' lang='lat' dir='ltr'><strong>Cereris,</strong></span> <span class='ocrx_word' id='word_1_276' title='bbox 1445 1926 1532 1958; x_wconf 84' lang='lat' dir='ltr'><strong>quae</strong></span> <span class='ocrx_word' id='word_1_277' title='bbox 1556 1925 1656 1957; x_wconf 86' lang='lat' dir='ltr'><strong>sege-</strong></span> 
     </span>
     <span class='ocr_line' id='line_1_28' title="bbox 308 1981 1655 2032; baseline -0.01 -6"><span class='ocrx_word' id='word_1_278' title='bbox 308 1997 359 2027; x_wconf 89' lang='lat' dir='ltr'><strong>tes</strong></span> <span class='ocrx_word' id='word_1_279' title='bbox 387 1992 548 2032; x_wconf 83' lang='lat' dir='ltr'><strong>curabat,</strong></span> <span class='ocrx_word' id='word_1_280' title='bbox 585 2000 648 2022; x_wconf 87' lang='lat' dir='ltr'><strong>nec</strong></span> <span class='ocrx_word' id='word_1_281' title='bbox 672 1999 739 2022; x_wconf 91' lang='lat' dir='ltr'><strong>non</strong></span> <span class='ocrx_word' id='word_1_282' title='bbox 769 1987 943 2020; x_wconf 83' lang='lat' dir='ltr'><strong>hortorum</strong></span> <span class='ocrx_word' id='word_1_283' title='bbox 971 1987 1121 2020; x_wconf 86' lang='lat' dir='ltr'><strong>custodis</strong></span> <span class='ocrx_word' id='word_1_284' title='bbox 1147 1985 1272 2028; x_wconf 85' lang='lat' dir='ltr'><strong>Priapi.</strong></span> <span class='ocrx_word' id='word_1_285' title='bbox 1324 1983 1424 2016; x_wconf 80' lang='lat' dir='ltr'><strong>Nunc</strong></span> <span class='ocrx_word' id='word_1_286' title='bbox 1446 1985 1553 2014; x_wconf 85' lang='lat' dir='ltr'><strong>restat</strong></span> <span class='ocrx_word' id='word_1_287' title='bbox 1577 1981 1655 2013; x_wconf 90' lang='lat' dir='ltr'><strong>ulti-</strong></span> 
     </span>
     <span class='ocr_line' id='line_1_29' title="bbox 308 2046 1655 2098; baseline -0.009 -8"><span class='ocrx_word' id='word_1_288' title='bbox 308 2067 410 2091; x_wconf 90' lang='lat' dir='ltr'><strong>mum.</strong></span> <span class='ocrx_word' id='word_1_289' title='bbox 462 2055 549 2089; x_wconf 89' lang='lat' dir='ltr'><strong>Nam</strong></span> <span class='ocrx_word' id='word_1_290' title='bbox 576 2059 652 2098; x_wconf 87' lang='lat' dir='ltr'><strong>post</strong></span> <span class='ocrx_word' id='word_1_291' title='bbox 677 2054 890 2097; x_wconf 84' lang='lat' dir='ltr'><strong>praepositos</strong></span> <span class='ocrx_word' id='word_1_292' title='bbox 915 2053 1056 2093; x_wconf 89' lang='lat' dir='ltr'><strong>singulis</strong></span> <span class='ocrx_word' id='word_1_293' title='bbox 1078 2050 1229 2094; x_wconf 80' lang='lat' dir='ltr'><strong>partibus</strong></span> <span class='ocrx_word' id='word_1_294' title='bbox 1254 2049 1336 2081; x_wconf 77' lang='lat' dir='ltr'><strong>dees</strong></span> <span class='ocrx_word' id='word_1_295' title='bbox 1361 2051 1533 2091; x_wconf 87' lang='lat' dir='ltr'><strong>postremo</strong></span> <span class='ocrx_word' id='word_1_296' title='bbox 1556 2046 1655 2079; x_wconf 86' lang='lat' dir='ltr'><strong>etiam</strong></span> 
     </span>
     <span class='ocr_line' id='line_1_30' title="bbox 308 2113 1657 2164; baseline -0.008 -9"><span class='ocrx_word' id='word_1_297' title='bbox 308 2122 455 2155; x_wconf 83' lang='lat' dir='ltr'><strong>universi</strong></span> <span class='ocrx_word' id='word_1_298' title='bbox 483 2120 612 2164; x_wconf 80' lang='lat' dir='ltr'><strong>praedii</strong></span> <span class='ocrx_word' id='word_1_299' title='bbox 638 2120 802 2159; x_wconf 73' lang='lat' dir='ltr'><strong>tutelares</strong></span> <span class='ocrx_word' id='word_1_300' title='bbox 827 2118 910 2151; x_wconf 86' lang='lat' dir='ltr'><strong>deos</strong></span> <span class='ocrx_word' id='word_1_301' title='bbox 938 2117 1080 2150; x_wconf 86' lang='lat' dir='ltr'><strong>Lares</strong></span> <span class='ocrx_word' id='word_1_302' title='bbox 1113 2116 1216 2149; x_wconf 81' lang='lat' dir='ltr'><strong>debet</strong></span> <span class='ocrx_word' id='word_1_303' title='bbox 1249 2115 1404 2155; x_wconf 86' lang='lat' dir='ltr'><strong>laudare,</strong></span> <span class='ocrx_word' id='word_1_304' title='bbox 1437 2113 1539 2154; x_wconf 89' lang='lat' dir='ltr'><strong>idque</strong></span> <span class='ocrx_word' id='word_1_305' title='bbox 1571 2123 1657 2145; x_wconf 90' lang='lat' dir='ltr'><strong>nunc</strong></span> 
     </span>
     <span class='ocr_line' id='line_1_31' title="bbox 310 2180 1661 2230; baseline -0.01 -7"><span class='ocrx_word' id='word_1_306' title='bbox 310 2190 405 2223; x_wconf 80' lang='lat' dir='ltr'><strong>facit.</strong></span> <span class='ocrx_word' id='word_1_307' title='bbox 462 2190 550 2222; x_wconf 89' lang='lat' dir='ltr'><strong>Sunt</strong></span> <span class='ocrx_word' id='word_1_308' title='bbox 580 2188 688 2221; x_wconf 89' lang='lat' dir='ltr'><strong>Lares</strong></span> <span class='ocrx_word' id='word_1_309' title='bbox 713 2186 892 2230; x_wconf 83' lang='lat' dir='ltr'><strong>praestites</strong></span> <span class='ocrx_word' id='word_1_310' title='bbox 924 2185 1060 2218; x_wconf 89' lang='lat' dir='ltr'><strong>omnino</strong></span> <span class='ocrx_word' id='word_1_311' title='bbox 1085 2185 1236 2217; x_wconf 89' lang='lat' dir='ltr'><strong>locorum</strong></span> <span class='ocrx_word' id='word_1_312' title='bbox 1263 2186 1430 2215; x_wconf 87' lang='lat' dir='ltr'><strong>certorum</strong></span> <span class='ocrx_word' id='word_1_313' title='bbox 1457 2180 1661 2224; x_wconf 72' lang='lat' dir='ltr'><strong>(Vorstaml</strong></span> 
     </span>
     <span class='ocr_line' id='line_1_32' title="bbox 309 2244 1656 2294; baseline -0.007 -8"><span class='ocrx_word' id='word_1_314' title='bbox 309 2254 401 2287; x_wconf 81' lang='lat' dir='ltr'><strong>eines</strong></span> <span class='ocrx_word' id='word_1_315' title='bbox 427 2252 645 2286; x_wconf 78' lang='lat' dir='ltr'><strong>bestimmten</strong></span> <span class='ocrx_word' id='word_1_316' title='bbox 669 2251 856 2294; x_wconf 70' lang='lat' dir='ltr'><strong>Bezirk‘s),</strong></span> <span class='ocrx_word' id='word_1_317' title='bbox 880 2255 917 2283; x_wconf 85' lang='lat' dir='ltr'><strong>ut</strong></span> <span class='ocrx_word' id='word_1_318' title='bbox 942 2250 1141 2291; x_wconf 82' lang='lat' dir='ltr'><strong>domorum,</strong></span> <span class='ocrx_word' id='word_1_319' title='bbox 1166 2250 1314 2287; x_wconf 75' lang='lat' dir='ltr'><strong>viarum,</strong></span> <span class='ocrx_word' id='word_1_320' title='bbox 1344 2247 1449 2287; x_wconf 82' lang='lat' dir='ltr'><strong>ruris,</strong></span> <span class='ocrx_word' id='word_1_321' title='bbox 1483 2245 1524 2278; x_wconf 82' lang='lat' dir='ltr'><strong>cf.</strong></span> <span class='ocrx_word' id='word_1_322' title='bbox 1552 2244 1656 2277; x_wconf 65' lang='lat' dir='ltr'>MUL-</span> 
     </span>
     <span class='ocr_line' id='line_1_33' title="bbox 310 2309 1657 2356; baseline -0.009 -3"><span class='ocrx_word' id='word_1_323' title='bbox 310 2330 434 2353; x_wconf 67' lang='lat' dir='ltr'><strong>mmum</strong></span> <span class='ocrx_word' id='word_1_324' title='bbox 462 2330 573 2352; x_wconf 84' lang='lat' dir='ltr'><strong>meum</strong></span> <span class='ocrx_word' id='word_1_325' title='bbox 599 2319 630 2351; x_wconf 89' lang='lat' dir='ltr'><strong>in</strong></span> <span class='ocrx_word' id='word_1_326' title='bbox 657 2317 752 2350; x_wconf 88' lang='lat' dir='ltr'><strong>Libr.</strong></span> <span class='ocrx_word' id='word_1_327' title='bbox 779 2316 821 2349; x_wconf 89' lang='lat' dir='ltr'><strong>de</strong></span> <span class='ocrx_word' id='word_1_328' title='bbox 847 2316 1001 2348; x_wconf 80' lang='lat' dir='ltr'><strong>Etruscis</strong></span> <span class='ocrx_word' id='word_1_329' title='bbox 1027 2315 1070 2356; x_wconf 88' lang='lat' dir='ltr'><strong>ll,</strong></span> <span class='ocrx_word' id='word_1_330' title='bbox 1093 2317 1148 2346; x_wconf 89' lang='lat'><strong>90.</strong></span> <span class='ocrx_word' id='word_1_331' title='bbox 1199 2313 1245 2346; x_wconf 78' lang='lat' dir='ltr'><strong>Et</strong></span> <span class='ocrx_word' id='word_1_332' title='bbox 1270 2323 1357 2345; x_wconf 90' lang='lat' dir='ltr'><strong>nunc</strong></span> <span class='ocrx_word' id='word_1_333' title='bbox 1382 2312 1510 2344; x_wconf 87' lang='lat' dir='ltr'><strong>rurales</strong></span> <span class='ocrx_word' id='word_1_334' title='bbox 1534 2309 1657 2342; x_wconf 87' lang='lat' dir='ltr'><strong>intelli-</strong></span> 
     </span>
     <span class='ocr_line' id='line_1_34' title="bbox 310 2376 1657 2429; baseline -0.006 -11"><span class='ocrx_word' id='word_1_335' title='bbox 310 2390 444 2429; x_wconf 84' lang='lat' dir='ltr'><strong>guntur.</strong></span> <span class='ocrx_word' id='word_1_336' title='bbox 470 2404 514 2408; x_wconf 43' lang='grc' dir='ltr'><strong>-η</strong></span> <span class='ocrx_word' id='word_1_337' title='bbox 551 2386 592 2418; x_wconf 84' lang='lat' dir='ltr'><strong>V.</strong></span> <span class='ocrx_word' id='word_1_338' title='bbox 624 2387 677 2417; x_wconf 88' lang='lat'><strong>19.</strong></span> <span class='ocrx_word' id='word_1_339' title='bbox 714 2382 871 2416; x_wconf 84' lang='lat' dir='ltr'><strong>felicis</strong></span> <span class='ocrx_word' id='word_1_340' title='bbox 896 2382 1134 2424; x_wconf 82' lang='lat' dir='ltr'><strong>quondam,</strong></span> <span class='ocrx_word' id='word_1_341' title='bbox 1168 2391 1282 2413; x_wconf 90' lang='lat' dir='ltr'><strong>nunc</strong></span> <span class='ocrx_word' id='word_1_342' title='bbox 1308 2377 1524 2422; x_wconf 87' lang='lat' dir='ltr'><strong>pauperis</strong></span> <span class='ocrx_word' id='word_1_343' title='bbox 1549 2376 1657 2418; x_wconf 85' lang='lat' dir='ltr'><strong>agri.</strong></span> 
     </span>
     <span class='ocr_line' id='line_1_35' title="bbox 310 2443 1657 2494; baseline -0.01 -9"><span class='ocrx_word' id='word_1_344' title='bbox 310 2453 482 2487; x_wconf 61' lang='lat' dir='ltr'><strong>Valedixit</strong></span> <span class='ocrx_word' id='word_1_345' title='bbox 502 2452 705 2494; x_wconf 68' lang='lat' dir='ltr'><strong>opulentiae,</strong></span> <span class='ocrx_word' id='word_1_346' title='bbox 731 2455 842 2483; x_wconf 83' lang='lat' dir='ltr'><strong>tamen</strong></span> <span class='ocrx_word' id='word_1_347' title='bbox 864 2461 927 2482; x_wconf 91' lang='lat' dir='ltr'><strong>non</strong></span> <span class='ocrx_word' id='word_1_348' title='bbox 947 2450 1057 2493; x_wconf 87' lang='lat' dir='ltr'><strong>potuit</strong></span> <span class='ocrx_word' id='word_1_349' title='bbox 1074 2449 1170 2492; x_wconf 91' lang='lat' dir='ltr'><strong>plane</strong></span> <span class='ocrx_word' id='word_1_350' title='bbox 1187 2445 1337 2480; x_wconf 80' lang='lat' dir='ltr'><strong>oblivisci</strong></span> <span class='ocrx_word' id='word_1_351' title='bbox 1357 2443 1511 2476; x_wconf 82' lang='lat' dir='ltr'><strong>amissam</strong></span> <span class='ocrx_word' id='word_1_352' title='bbox 1528 2444 1657 2484; x_wconf 81' lang='lat' dir='ltr'><strong>partem</strong></span> 
     </span>
     <span class='ocr_line' id='line_1_36' title="bbox 310 2510 1658 2563; baseline -0.01 -12"><span class='ocrx_word' id='word_1_353' title='bbox 310 2517 515 2563; x_wconf 83' lang='lat' dir='ltr'><strong>patrimonii,</strong></span> <span class='ocrx_word' id='word_1_354' title='bbox 543 2517 602 2549; x_wconf 76' lang='lat' dir='ltr'><strong>sed</strong></span> <span class='ocrx_word' id='word_1_355' title='bbox 628 2516 829 2558; x_wconf 83' lang='lat' dir='ltr'><strong>resurgebat</strong></span> <span class='ocrx_word' id='word_1_356' title='bbox 853 2515 995 2548; x_wconf 83' lang='lat' dir='ltr'><strong>subinde</strong></span> <span class='ocrx_word' id='word_1_357' title='bbox 1022 2514 1129 2547; x_wconf 87' lang='lat' dir='ltr'><strong>dolor.</strong></span> <span class='ocrx_word' id='word_1_358' title='bbox 1180 2512 1230 2545; x_wconf 87' lang='lat' dir='ltr'><strong>lta</strong></span> <span class='ocrx_word' id='word_1_359' title='bbox 1254 2511 1380 2543; x_wconf 79' lang='lat' dir='ltr'><strong>sactum</strong></span> <span class='ocrx_word' id='word_1_360' title='bbox 1405 2512 1462 2549; x_wconf 87' lang='lat' dir='ltr'><strong>ut,</strong></span> <span class='ocrx_word' id='word_1_361' title='bbox 1487 2517 1562 2539; x_wconf 84' lang='lat' dir='ltr'><strong>cum</strong></span> <span class='ocrx_word' id='word_1_362' title='bbox 1589 2510 1658 2539; x_wconf 82' lang='lat' dir='ltr'><strong>tota</strong></span> 
     </span>
     <span class='ocr_line' id='line_1_37' title="bbox 310 2572 1659 2623; baseline -0.008 -9"><span class='ocrx_word' id='word_1_363' title='bbox 310 2584 421 2623; x_wconf 67' lang='lat' dir='ltr'><strong>elegia</strong></span> <span class='ocrx_word' id='word_1_364' title='bbox 448 2582 649 2614; x_wconf 80' lang='lat' dir='ltr'><strong>hilaritatem</strong></span> <span class='ocrx_word' id='word_1_365' title='bbox 676 2581 776 2613; x_wconf 88' lang='lat' dir='ltr'><strong>animi</strong></span> <span class='ocrx_word' id='word_1_366' title='bbox 804 2580 919 2623; x_wconf 74' lang='lat' dir='ltr'><strong>paucis</strong></span> <span class='ocrx_word' id='word_1_367' title='bbox 945 2580 1092 2612; x_wconf 80' lang='lat' dir='ltr'><strong>contenti</strong></span> <span class='ocrx_word' id='word_1_368' title='bbox 1119 2578 1241 2620; x_wconf 73' lang='lat' dir='ltr'><strong>spiret,</strong></span> <span class='ocrx_word' id='word_1_369' title='bbox 1269 2579 1379 2608; x_wconf 77' lang='lat' dir='ltr'><strong>tamen</strong></span> <span class='ocrx_word' id='word_1_370' title='bbox 1401 2574 1502 2607; x_wconf 83' lang='lat' dir='ltr'><strong>etiam</strong></span> <span class='ocrx_word' id='word_1_371' title='bbox 1530 2572 1659 2604; x_wconf 69' lang='lat' dir='ltr'><strong>flebiles</strong></span> 
     </span>
    </p>
   </div>
   <div class='ocr_carea' id='block_1_3' title="bbox 309 2638 1656 2689">
    <p class='ocr_par' dir='ltr' id='par_1_3' title="bbox 309 2638 1656 2689">
     <span class='ocr_line' id='line_1_38' title="bbox 309 2638 1656 2689; baseline -0.01 -8"><span class='ocrx_word' id='word_1_372' title='bbox 309 2651 382 2683; x_wconf 76' lang='lat' dir='ltr'><strong>soni</strong></span> <span class='ocrx_word' id='word_1_373' title='bbox 421 2649 562 2681; x_wconf 57' lang='lat' dir='ltr'><strong>immixti</strong></span> <span class='ocrx_word' id='word_1_374' title='bbox 600 2647 735 2689; x_wconf 71' lang='lat' dir='ltr'><strong>«puidam</strong></span> <span class='ocrx_word' id='word_1_375' title='bbox 772 2648 834 2680; x_wconf 72' lang='lat' dir='ltr'><strong>sint</strong></span> <span class='ocrx_word' id='word_1_376' title='bbox 873 2648 1028 2680; x_wconf 67' lang='lat' dir='ltr'><strong>suaviter.</strong></span> <span class='ocrx_word' id='word_1_377' title='bbox 1091 2645 1250 2675; x_wconf 63' lang='lat' dir='ltr'><strong>Celerum</strong></span> <span class='ocrx_word' id='word_1_378' title='bbox 1288 2641 1406 2674; x_wconf 74' lang='lat' dir='ltr'><strong>confer</strong></span> <span class='ocrx_word' id='word_1_379' title='bbox 1441 2640 1482 2672; x_wconf 81' lang='lat' dir='ltr'><strong>de</strong></span> <span class='ocrx_word' id='word_1_380' title='bbox 1515 2638 1656 2671; x_wconf 62' lang='lat' dir='ltr'><strong>ademti-⁴</strong></span> 
     </span>
    </p>
   </div>
  </div>
 </body>
</html>
