<?xml version="1.0" encoding="UTF-8"?>
<!DOCTYPE html PUBLIC "-//W3C//DTD XHTML 1.0 Transitional//EN"
    "http://www.w3.org/TR/xhtml1/DTD/xhtml1-transitional.dtd">
<html xmlns="http://www.w3.org/1999/xhtml" xml:lang="en" lang="en">
 <head>
  <title>
</title>
<meta http-equiv="Content-Type" content="text/html;charset=utf-8" />
  <meta name='ocr-system' content='tesseract 3.04.00' />
  <meta name='ocr-capabilities' content='ocr_page ocr_carea ocr_par ocr_line ocrx_word'/>
</head>
<body>
  <div class='ocr_page' id='page_1' title='image "./carminaexrecensi00tibuuoft_0641.png"; bbox 0 0 1721 2953; ppageno 0'>
   <div class='ocr_carea' id='block_1_1' title="bbox 495 151 1427 196">
    <p class='ocr_par' dir='ltr' id='par_1_1' title="bbox 495 151 1427 196">
     <span class='ocr_line' id='line_1_1' title="bbox 495 151 1427 196; baseline -0.002 -1"><span class='ocrx_word' id='word_1_1' title='bbox 495 153 638 196; x_wconf 78' lang='lat' dir='ltr'>LIBR.</span> <span class='ocrx_word' id='word_1_2' title='bbox 667 153 739 192; x_wconf 90' lang='lat'><em>111.</em></span> <span class='ocrx_word' id='word_1_3' title='bbox 796 151 956 193; x_wconf 80' lang='lat' dir='ltr'><strong>ELEG.</strong></span> <span class='ocrx_word' id='word_1_4' title='bbox 986 154 1018 193; x_wconf 89' lang='lat' dir='ltr'>l.</span> <span class='ocrx_word' id='word_1_5' title='bbox 1348 158 1427 193; x_wconf 76' lang='lat'>315</span> 
     </span>
    </p>
   </div>
   <div class='ocr_carea' id='block_1_2' title="bbox 471 498 1056 545">
    <p class='ocr_par' dir='ltr' id='par_1_2' title="bbox 471 498 1056 545">
     <span class='ocr_line' id='line_1_2' title="bbox 471 498 1056 545; baseline -0.002 0"><span class='ocrx_word' id='word_1_6' title='bbox 471 498 924 545; x_wconf 89' lang='lat' dir='ltr'><strong>ELEGIA</strong></span> <span class='ocrx_word' id='word_1_7' title='bbox 1025 499 1056 544; x_wconf 85' lang='lat' dir='ltr'>l.</span> 
     </span>
    </p>
   </div>
   <div class='ocr_carea' id='block_1_3' title="bbox 567 807 976 851">
    <p class='ocr_par' dir='ltr' id='par_1_3' title="bbox 567 807 976 851">
     <span class='ocr_line' id='line_1_3' title="bbox 567 807 976 851; baseline 0.002 -3"><span class='ocrx_word' id='word_1_8' title='bbox 567 807 976 851; x_wconf 84' lang='lat' dir='ltr'>INTRODUCTIO.</span> 
     </span>
    </p>
   </div>
   <div class='ocr_carea' id='block_1_4' title="bbox 95 953 1466 2599">
    <p class='ocr_par' dir='ltr' id='par_1_4' title="bbox 95 953 1466 2599">
     <span class='ocr_line' id='line_1_4' title="bbox 95 953 1434 1020; baseline -0.005 -7"><span class='ocrx_word' id='word_1_9' title='bbox 95 953 308 1013; x_wconf 50' lang='lat' dir='ltr'>{Kalendae</span> <span class='ocrx_word' id='word_1_10' title='bbox 332 979 479 1013; x_wconf 84' lang='lat' dir='ltr'>Martiae</span> <span class='ocrx_word' id='word_1_11' title='bbox 504 988 580 1012; x_wconf 88' lang='lat' dir='ltr'>cum</span> <span class='ocrx_word' id='word_1_12' title='bbox 606 978 780 1020; x_wconf 87' lang='lat' dir='ltr'>venerint,</span> <span class='ocrx_word' id='word_1_13' title='bbox 816 976 876 1010; x_wconf 88' lang='lat' dir='ltr'>ubi</span> <span class='ocrx_word' id='word_1_14' title='bbox 900 975 988 1009; x_wconf 83' lang='lat' dir='ltr'>dona</span> <span class='ocrx_word' id='word_1_15' title='bbox 1014 975 1101 1009; x_wconf 89' lang='lat' dir='ltr'>mitti</span> <span class='ocrx_word' id='word_1_16' title='bbox 1136 975 1290 1009; x_wconf 84' lang='lat' dir='ltr'>solebant</span> <span class='ocrx_word' id='word_1_17' title='bbox 1313 973 1434 1007; x_wconf 81' lang='lat' dir='ltr'>uxori-</span> 
     </span>
     <span class='ocr_line' id='line_1_5' title="bbox 101 1037 1441 1090; baseline -0.007 -11"><span class='ocrx_word' id='word_1_18' title='bbox 101 1046 162 1079; x_wconf 89' lang='lat' dir='ltr'>bus</span> <span class='ocrx_word' id='word_1_19' title='bbox 188 1050 221 1079; x_wconf 90' lang='lat' dir='ltr'>et</span> <span class='ocrx_word' id='word_1_20' title='bbox 246 1046 368 1090; x_wconf 85' lang='lat' dir='ltr'>puellis</span> <span class='ocrx_word' id='word_1_21' title='bbox 397 1046 527 1086; x_wconf 85' lang='lat' dir='ltr'>amatis,</span> <span class='ocrx_word' id='word_1_22' title='bbox 553 1045 654 1078; x_wconf 86' lang='lat' dir='ltr'>etiam</span> <span class='ocrx_word' id='word_1_23' title='bbox 682 1047 784 1087; x_wconf 90' lang='lat' dir='ltr'>poeta</span> <span class='ocrx_word' id='word_1_24' title='bbox 809 1043 850 1076; x_wconf 89' lang='lat' dir='ltr'>de</span> <span class='ocrx_word' id='word_1_25' title='bbox 875 1053 1015 1076; x_wconf 87' lang='lat' dir='ltr'>munere</span> <span class='ocrx_word' id='word_1_26' title='bbox 1041 1043 1182 1085; x_wconf 82' lang='lat' dir='ltr'>cogitat,</span> <span class='ocrx_word' id='word_1_27' title='bbox 1216 1045 1251 1074; x_wconf 87' lang='lat' dir='ltr'>et</span> <span class='ocrx_word' id='word_1_28' title='bbox 1275 1037 1441 1073; x_wconf 85' lang='lat' dir='ltr'>consultis</span> 
     </span>
     <span class='ocr_line' id='line_1_6' title="bbox 97 1105 1440 1150; baseline -0.005 -7"><span class='ocrx_word' id='word_1_29' title='bbox 97 1111 208 1144; x_wconf 86' lang='lat' dir='ltr'>Musis</span> <span class='ocrx_word' id='word_1_30' title='bbox 241 1113 426 1146; x_wconf 86' lang='lat' dir='ltr'>carminum</span> <span class='ocrx_word' id='word_1_31' title='bbox 461 1121 598 1144; x_wconf 91' lang='lat' dir='ltr'>suorum</span> <span class='ocrx_word' id='word_1_32' title='bbox 636 1111 794 1143; x_wconf 77' lang='lat' dir='ltr'>volumen</span> <span class='ocrx_word' id='word_1_33' title='bbox 831 1110 967 1143; x_wconf 90' lang='lat' dir='ltr'>mittere</span> <span class='ocrx_word' id='word_1_34' title='bbox 1005 1109 1200 1150; x_wconf 87' lang='lat' dir='ltr'>constituit,</span> <span class='ocrx_word' id='word_1_35' title='bbox 1248 1117 1335 1149; x_wconf 86' lang='lat' dir='ltr'>quae</span> <span class='ocrx_word' id='word_1_36' title='bbox 1372 1105 1440 1137; x_wconf 89' lang='lat' dir='ltr'>alio</span> 
     </span>
     <span class='ocr_line' id='line_1_7' title="bbox 100 1171 1444 1220; baseline -0.007 -8"><span class='ocrx_word' id='word_1_37' title='bbox 100 1183 255 1220; x_wconf 85' lang='lat' dir='ltr'>tempore</span> <span class='ocrx_word' id='word_1_38' title='bbox 289 1178 379 1210; x_wconf 82' lang='lat' dir='ltr'>sacta</span> <span class='ocrx_word' id='word_1_39' title='bbox 405 1178 540 1211; x_wconf 71' lang='lat' dir='ltr'>favente</span> <span class='ocrx_word' id='word_1_40' title='bbox 575 1177 708 1210; x_wconf 81' lang='lat' dir='ltr'>Neaera</span> <span class='ocrx_word' id='word_1_41' title='bbox 745 1181 779 1210; x_wconf 90' lang='lat' dir='ltr'>et</span> <span class='ocrx_word' id='word_1_42' title='bbox 810 1178 878 1210; x_wconf 90' lang='lat' dir='ltr'>iam</span> <span class='ocrx_word' id='word_1_43' title='bbox 910 1181 982 1209; x_wconf 93' lang='lat' dir='ltr'>tum</span> <span class='ocrx_word' id='word_1_44' title='bbox 1009 1175 1096 1208; x_wconf 88' lang='lat' dir='ltr'>haud</span> <span class='ocrx_word' id='word_1_45' title='bbox 1124 1175 1224 1208; x_wconf 87' lang='lat' dir='ltr'>dubie</span> <span class='ocrx_word' id='word_1_46' title='bbox 1248 1171 1444 1215; x_wconf 84' lang='lat' dir='ltr'>singulatim</span> 
     </span>
     <span class='ocr_line' id='line_1_8' title="bbox 99 1242 1445 1289; baseline -0.006 -10"><span class='ocrx_word' id='word_1_47' title='bbox 99 1247 142 1279; x_wconf 86' lang='lat' dir='ltr'>ab</span> <span class='ocrx_word' id='word_1_48' title='bbox 168 1257 208 1279; x_wconf 84' lang='lat' dir='ltr'>ea</span> <span class='ocrx_word' id='word_1_49' title='bbox 232 1246 339 1287; x_wconf 88' lang='lat' dir='ltr'>lecta,</span> <span class='ocrx_word' id='word_1_50' title='bbox 367 1245 528 1289; x_wconf 83' lang='lat' dir='ltr'>sperabat</span> <span class='ocrx_word' id='word_1_51' title='bbox 554 1255 641 1278; x_wconf 91' lang='lat' dir='ltr'>nunc</span> <span class='ocrx_word' id='word_1_52' title='bbox 666 1245 812 1278; x_wconf 89' lang='lat' dir='ltr'>collecta</span> <span class='ocrx_word' id='word_1_53' title='bbox 837 1248 872 1277; x_wconf 87' lang='lat' dir='ltr'>et</span> <span class='ocrx_word' id='word_1_54' title='bbox 896 1244 1099 1277; x_wconf 86' lang='lat' dir='ltr'>coniunctim</span> <span class='ocrx_word' id='word_1_55' title='bbox 1125 1242 1299 1286; x_wconf 85' lang='lat' dir='ltr'>proposita</span> <span class='ocrx_word' id='word_1_56' title='bbox 1323 1249 1445 1272; x_wconf 82' lang='lat' dir='ltr'>novam</span> 
     </span>
     <span class='ocr_line' id='line_1_9' title="bbox 100 1303 1446 1354; baseline -0.007 -9"><span class='ocrx_word' id='word_1_57' title='bbox 100 1313 167 1345; x_wconf 65' lang='lat' dir='ltr'>vim</span> <span class='ocrx_word' id='word_1_58' title='bbox 191 1311 345 1345; x_wconf 83' lang='lat' dir='ltr'>habitura</span> <span class='ocrx_word' id='word_1_59' title='bbox 371 1312 403 1343; x_wconf 90' lang='lat' dir='ltr'>in</span> <span class='ocrx_word' id='word_1_60' title='bbox 428 1312 576 1354; x_wconf 83' lang='lat' dir='ltr'>puellam</span> <span class='ocrx_word' id='word_1_61' title='bbox 602 1315 636 1343; x_wconf 88' lang='lat' dir='ltr'>et</span> <span class='ocrx_word' id='word_1_62' title='bbox 661 1314 862 1342; x_wconf 80' lang='lat' dir='ltr'>revocatura</span> <span class='ocrx_word' id='word_1_63' title='bbox 888 1320 1007 1342; x_wconf 89' lang='lat' dir='ltr'>sensus</span> <span class='ocrx_word' id='word_1_64' title='bbox 1032 1308 1164 1352; x_wconf 84' lang='lat' dir='ltr'>priores</span> <span class='ocrx_word' id='word_1_65' title='bbox 1190 1305 1316 1339; x_wconf 84' lang='lat' dir='ltr'>favoris</span> <span class='ocrx_word' id='word_1_66' title='bbox 1341 1303 1446 1337; x_wconf 83' lang='lat' dir='ltr'>minui</span> 
     </span>
     <span class='ocr_line' id='line_1_10' title="bbox 103 1367 1448 1422; baseline -0.01 -10"><span class='ocrx_word' id='word_1_67' title='bbox 103 1379 215 1422; x_wconf 86' lang='lat' dir='ltr'>coepti</span> <span class='ocrx_word' id='word_1_68' title='bbox 242 1382 276 1410; x_wconf 89' lang='lat' dir='ltr'>et</span> <span class='ocrx_word' id='word_1_69' title='bbox 301 1377 392 1409; x_wconf 90' lang='lat' dir='ltr'>dubii</span> <span class='ocrx_word' id='word_1_70' title='bbox 419 1377 518 1417; x_wconf 84' lang='lat' dir='ltr'>facti,</span> <span class='ocrx_word' id='word_1_71' title='bbox 554 1376 597 1408; x_wconf 78' lang='lat' dir='ltr'>cf,</span> <span class='ocrx_word' id='word_1_72' title='bbox 624 1387 654 1408; x_wconf 82' lang='lat' dir='ltr'>v.</span> <span class='ocrx_word' id='word_1_73' title='bbox 682 1379 739 1410; x_wconf 87' lang='lat'>19.</span> <span class='ocrx_word' id='word_1_74' title='bbox 765 1379 824 1409; x_wconf 84' lang='lat'>20.</span> <span class='ocrx_word' id='word_1_75' title='bbox 872 1377 976 1409; x_wconf 82' lang='lat' dir='ltr'>Parat</span> <span class='ocrx_word' id='word_1_76' title='bbox 1009 1375 1116 1415; x_wconf 82' lang='lat' dir='ltr'>igitur</span> <span class='ocrx_word' id='word_1_77' title='bbox 1151 1372 1273 1404; x_wconf 89' lang='lat' dir='ltr'>librum</span> <span class='ocrx_word' id='word_1_78' title='bbox 1299 1367 1448 1410; x_wconf 82' lang='lat' dir='ltr'>eleganti</span> 
     </span>
     <span class='ocr_line' id='line_1_11' title="bbox 101 1433 1447 1483; baseline -0.007 -8"><span class='ocrx_word' id='word_1_79' title='bbox 101 1447 220 1476; x_wconf 87' lang='lat' dir='ltr'>ornatu</span> <span class='ocrx_word' id='word_1_80' title='bbox 252 1445 290 1475; x_wconf 93' lang='lat' dir='ltr'>ut</span> <span class='ocrx_word' id='word_1_81' title='bbox 322 1441 440 1475; x_wconf 84' lang='lat' dir='ltr'>volunt</span> <span class='ocrx_word' id='word_1_82' title='bbox 465 1440 604 1482; x_wconf 81' lang='lat' dir='ltr'>Musae,</span> <span class='ocrx_word' id='word_1_83' title='bbox 642 1450 788 1482; x_wconf 82' lang='lat' dir='ltr'>eumque</span> <span class='ocrx_word' id='word_1_84' title='bbox 826 1449 886 1483; x_wconf 89' lang='lat' dir='ltr'>per</span> <span class='ocrx_word' id='word_1_85' title='bbox 922 1440 1013 1482; x_wconf 87' lang='lat' dir='ltr'>ipsas</span> <span class='ocrx_word' id='word_1_86' title='bbox 1041 1438 1160 1470; x_wconf 83' lang='lat' dir='ltr'>Musas</span> <span class='ocrx_word' id='word_1_87' title='bbox 1185 1436 1291 1469; x_wconf 88' lang='lat' dir='ltr'>mittit</span> <span class='ocrx_word' id='word_1_88' title='bbox 1324 1433 1447 1466; x_wconf 89' lang='lat' dir='ltr'>additis</span> 
     </span>
     <span class='ocr_line' id='line_1_12' title="bbox 101 1503 1450 1548; baseline -0.007 -8"><span class='ocrx_word' id='word_1_89' title='bbox 101 1507 268 1540; x_wconf 84' lang='lat' dir='ltr'>mandatis</span> <span class='ocrx_word' id='word_1_90' title='bbox 292 1505 435 1547; x_wconf 81' lang='lat' dir='ltr'>blandis,</span> <span class='ocrx_word' id='word_1_91' title='bbox 467 1506 589 1548; x_wconf 91' lang='lat' dir='ltr'>quibus</span> <span class='ocrx_word' id='word_1_92' title='bbox 615 1505 726 1538; x_wconf 90' lang='lat' dir='ltr'>denuo</span> <span class='ocrx_word' id='word_1_93' title='bbox 751 1507 897 1538; x_wconf 89' lang='lat' dir='ltr'>testatur</span> <span class='ocrx_word' id='word_1_94' title='bbox 922 1514 1070 1537; x_wconf 89' lang='lat' dir='ltr'>amorem</span> <span class='ocrx_word' id='word_1_95' title='bbox 1099 1503 1266 1542; x_wconf 87' lang='lat' dir='ltr'>intimum,</span> <span class='ocrx_word' id='word_1_96' title='bbox 1292 1503 1327 1534; x_wconf 92' lang='lat' dir='ltr'>et</span> <span class='ocrx_word' id='word_1_97' title='bbox 1352 1509 1450 1542; x_wconf 84' lang='lat' dir='ltr'>spem</span> 
     </span>
     <span class='ocr_line' id='line_1_13' title="bbox 103 1567 1449 1614; baseline -0.007 -9"><span class='ocrx_word' id='word_1_98' title='bbox 103 1573 250 1614; x_wconf 84' lang='lat' dir='ltr'>coniugii</span> <span class='ocrx_word' id='word_1_99' title='bbox 281 1571 426 1605; x_wconf 85' lang='lat' dir='ltr'>affirmat</span> <span class='ocrx_word' id='word_1_100' title='bbox 457 1571 587 1604; x_wconf 88' lang='lat' dir='ltr'>nonnisi</span> <span class='ocrx_word' id='word_1_101' title='bbox 622 1581 699 1613; x_wconf 84' lang='lat' dir='ltr'>cum</span> <span class='ocrx_word' id='word_1_102' title='bbox 735 1573 847 1603; x_wconf 89' lang='lat' dir='ltr'>morte</span> <span class='ocrx_word' id='word_1_103' title='bbox 885 1580 922 1602; x_wconf 88' lang='lat' dir='ltr'>se</span> <span class='ocrx_word' id='word_1_104' title='bbox 959 1569 1199 1602; x_wconf 86' lang='lat' dir='ltr'>demissurum.</span> <span class='ocrx_word' id='word_1_105' title='bbox 1249 1567 1302 1599; x_wconf 89' lang='lat' dir='ltr'>Ita</span> <span class='ocrx_word' id='word_1_106' title='bbox 1338 1568 1449 1608; x_wconf 87' lang='lat' dir='ltr'>poeta.</span> 
     </span>
     <span class='ocr_line' id='line_1_14' title="bbox 102 1632 1450 1677; baseline -0.007 -5"><span class='ocrx_word' id='word_1_107' title='bbox 102 1639 168 1672; x_wconf 86' lang='lat' dir='ltr'>Est</span> <span class='ocrx_word' id='word_1_108' title='bbox 193 1638 255 1672; x_wconf 86' lang='lat' dir='ltr'>hoc</span> <span class='ocrx_word' id='word_1_109' title='bbox 280 1649 415 1672; x_wconf 87' lang='lat' dir='ltr'>carmen</span> <span class='ocrx_word' id='word_1_110' title='bbox 441 1648 483 1670; x_wconf 85' lang='lat' dir='ltr'>ex</span> <span class='ocrx_word' id='word_1_111' title='bbox 509 1637 705 1670; x_wconf 85' lang='lat' dir='ltr'>melioribus</span> <span class='ocrx_word' id='word_1_112' title='bbox 738 1635 909 1677; x_wconf 84' lang='lat' dir='ltr'>Lygdami</span> <span class='ocrx_word' id='word_1_113' title='bbox 926 1660 936 1676; x_wconf 88' lang='lat'>‚</span> <span class='ocrx_word' id='word_1_114' title='bbox 966 1636 1081 1667; x_wconf 88' lang='lat' dir='ltr'>insunt</span> <span class='ocrx_word' id='word_1_115' title='bbox 1114 1638 1227 1666; x_wconf 88' lang='lat' dir='ltr'>tamen</span> <span class='ocrx_word' id='word_1_116' title='bbox 1262 1632 1450 1674; x_wconf 89' lang='lat' dir='ltr'>complura,</span> 
     </span>
     <span class='ocr_line' id='line_1_15' title="bbox 106 1697 1452 1748; baseline -0.007 -11"><span class='ocrx_word' id='word_1_117' title='bbox 106 1716 194 1748; x_wconf 89' lang='lat' dir='ltr'>quae</span> <span class='ocrx_word' id='word_1_118' title='bbox 228 1707 300 1737; x_wconf 91' lang='lat' dir='ltr'>iure</span> <span class='ocrx_word' id='word_1_119' title='bbox 333 1703 573 1748; x_wconf 50' lang='lat' dir='ltr'>reprehendas</span> <span class='ocrx_word' id='word_1_120' title='bbox 624 1704 779 1738; x_wconf 84' lang='lat' dir='ltr'>Quorum</span> <span class='ocrx_word' id='word_1_121' title='bbox 814 1701 896 1733; x_wconf 86' lang='lat' dir='ltr'>illud</span> <span class='ocrx_word' id='word_1_122' title='bbox 937 1701 1052 1734; x_wconf 87' lang='lat' dir='ltr'>statim</span> <span class='ocrx_word' id='word_1_123' title='bbox 1091 1698 1144 1732; x_wconf 76' lang='lat' dir='ltr'>hic</span> <span class='ocrx_word' id='word_1_124' title='bbox 1178 1698 1361 1731; x_wconf 89' lang='lat' dir='ltr'>notandum</span> <span class='ocrx_word' id='word_1_125' title='bbox 1388 1697 1452 1729; x_wconf 84' lang='lat' dir='ltr'>ob-</span> 
     </span>
     <span class='ocr_line' id='line_1_16' title="bbox 106 1762 1453 1809; baseline -0.009 -4"><span class='ocrx_word' id='word_1_126' title='bbox 106 1771 317 1805; x_wconf 82' lang='lat' dir='ltr'>servantibus</span> <span class='ocrx_word' id='word_1_127' title='bbox 352 1770 453 1802; x_wconf 85' lang='lat' dir='ltr'>etiam</span> <span class='ocrx_word' id='word_1_128' title='bbox 488 1769 561 1801; x_wconf 89' lang='lat' dir='ltr'>aliis</span> <span class='ocrx_word' id='word_1_129' title='bbox 595 1768 705 1809; x_wconf 77' lang='lat' dir='ltr'>idem,</span> <span class='ocrx_word' id='word_1_130' title='bbox 747 1766 837 1809; x_wconf 90' lang='lat' dir='ltr'>quod</span> <span class='ocrx_word' id='word_1_131' title='bbox 867 1765 1074 1808; x_wconf 83' lang='lat' dir='ltr'>colloquium</span> <span class='ocrx_word' id='word_1_132' title='bbox 1114 1774 1189 1797; x_wconf 86' lang='lat' dir='ltr'>cum</span> <span class='ocrx_word' id='word_1_133' title='bbox 1216 1762 1325 1796; x_wconf 89' lang='lat' dir='ltr'>Musis</span> <span class='ocrx_word' id='word_1_134' title='bbox 1354 1762 1453 1794; x_wconf 84' lang='lat' dir='ltr'>finxit</span> 
     </span>
     <span class='ocr_line' id='line_1_17' title="bbox 107 1831 1453 1881; baseline -0.008 -9"><span class='ocrx_word' id='word_1_135' title='bbox 107 1839 257 1881; x_wconf 90' lang='lat' dir='ltr'>deasque</span> <span class='ocrx_word' id='word_1_136' title='bbox 289 1838 379 1880; x_wconf 85' lang='lat' dir='ltr'>ipsas</span> <span class='ocrx_word' id='word_1_137' title='bbox 405 1835 589 1869; x_wconf 84' lang='lat' dir='ltr'>deferendo</span> <span class='ocrx_word' id='word_1_138' title='bbox 615 1835 701 1867; x_wconf 89' lang='lat' dir='ltr'>libro</span> <span class='ocrx_word' id='word_1_139' title='bbox 725 1834 882 1875; x_wconf 85' lang='lat' dir='ltr'>adhibet,</span> <span class='ocrx_word' id='word_1_140' title='bbox 918 1833 1027 1876; x_wconf 80' lang='lat' dir='ltr'>qualis</span> <span class='ocrx_word' id='word_1_141' title='bbox 1053 1832 1146 1864; x_wconf 87' lang='lat' dir='ltr'>lusus</span> <span class='ocrx_word' id='word_1_142' title='bbox 1178 1831 1308 1864; x_wconf 87' lang='lat' dir='ltr'>alienus</span> <span class='ocrx_word' id='word_1_143' title='bbox 1335 1832 1408 1862; x_wconf 86' lang='lat' dir='ltr'>erat</span> <span class='ocrx_word' id='word_1_144' title='bbox 1433 1839 1453 1861; x_wconf 87' lang='lat' dir='ltr'>a</span> 
     </span>
     <span class='ocr_line' id='line_1_18' title="bbox 108 1895 1452 1949; baseline -0.01 -9"><span class='ocrx_word' id='word_1_145' title='bbox 108 1907 214 1941; x_wconf 89' lang='lat' dir='ltr'>nobili</span> <span class='ocrx_word' id='word_1_146' title='bbox 248 1905 465 1949; x_wconf 75' lang='lat' dir='ltr'>simplicitate</span> <span class='ocrx_word' id='word_1_147' title='bbox 502 1907 536 1936; x_wconf 89' lang='lat' dir='ltr'>et</span> <span class='ocrx_word' id='word_1_148' title='bbox 570 1903 739 1946; x_wconf 82' lang='lat' dir='ltr'>gravitate</span> <span class='ocrx_word' id='word_1_149' title='bbox 772 1901 912 1934; x_wconf 90' lang='lat' dir='ltr'>Tibulli.</span> <span class='ocrx_word' id='word_1_150' title='bbox 962 1899 1033 1933; x_wconf 88' lang='lat' dir='ltr'>Sed</span> <span class='ocrx_word' id='word_1_151' title='bbox 1066 1897 1247 1941; x_wconf 72' lang='lat' dir='ltr'>Lygdamo</span> <span class='ocrx_word' id='word_1_152' title='bbox 1282 1895 1452 1938; x_wconf 77' lang='lat' dir='ltr'>exquisita</span> 
     </span>
     <span class='ocr_line' id='line_1_19' title="bbox 108 1959 1455 2010; baseline -0.011 -4"><span class='ocrx_word' id='word_1_153' title='bbox 108 1973 180 2006; x_wconf 73' lang='lat' dir='ltr'>visa</span> <span class='ocrx_word' id='word_1_154' title='bbox 205 1972 285 2005; x_wconf 92' lang='lat' dir='ltr'>talia</span> <span class='ocrx_word' id='word_1_155' title='bbox 310 1969 519 2004; x_wconf 88' lang='lat' dir='ltr'>commenta!</span> <span class='ocrx_word' id='word_1_156' title='bbox 570 1968 670 2001; x_wconf 80' lang='lat' dir='ltr'>Nunc</span> <span class='ocrx_word' id='word_1_157' title='bbox 695 1967 852 2010; x_wconf 83' lang='lat' dir='ltr'>quidem,</span> <span class='ocrx_word' id='word_1_158' title='bbox 890 1965 919 1999; x_wconf 89' lang='lat' dir='ltr'>si</span> <span class='ocrx_word' id='word_1_159' title='bbox 955 1968 1070 1998; x_wconf 89' lang='lat' dir='ltr'>tamen</span> <span class='ocrx_word' id='word_1_160' title='bbox 1104 1962 1240 1996; x_wconf 78' lang='lat' dir='ltr'>volebat</span> <span class='ocrx_word' id='word_1_161' title='bbox 1266 1959 1455 1993; x_wconf 88' lang='lat' dir='ltr'>huiusmodi</span> 
     </span>
     <span class='ocr_line' id='line_1_20' title="bbox 111 2027 1458 2082; baseline -0.01 -10"><span class='ocrx_word' id='word_1_162' title='bbox 111 2039 211 2082; x_wconf 86' lang='lat' dir='ltr'>quid,</span> <span class='ocrx_word' id='word_1_163' title='bbox 243 2038 362 2071; x_wconf 78' lang='lat' dir='ltr'>melius</span> <span class='ocrx_word' id='word_1_164' title='bbox 386 2036 473 2069; x_wconf 84' lang='lat' dir='ltr'>haud</span> <span class='ocrx_word' id='word_1_165' title='bbox 500 2035 600 2068; x_wconf 89' lang='lat' dir='ltr'>dubie</span> <span class='ocrx_word' id='word_1_166' title='bbox 627 2035 759 2076; x_wconf 82' lang='lat' dir='ltr'>elegiae</span> <span class='ocrx_word' id='word_1_167' title='bbox 784 2033 882 2074; x_wconf 86' lang='lat' dir='ltr'>huic,</span> <span class='ocrx_word' id='word_1_168' title='bbox 920 2030 1094 2065; x_wconf 86' lang='lat' dir='ltr'>comitanti</span> <span class='ocrx_word' id='word_1_169' title='bbox 1122 2030 1265 2070; x_wconf 83' lang='lat' dir='ltr'>librum,</span> <span class='ocrx_word' id='word_1_170' title='bbox 1299 2027 1458 2060; x_wconf 87' lang='lat' dir='ltr'>mandata</span> 
     </span>
     <span class='ocr_line' id='line_1_21' title="bbox 115 2093 1460 2147; baseline -0.008 -11"><span class='ocrx_word' id='word_1_171' title='bbox 115 2104 156 2137; x_wconf 90' lang='lat' dir='ltr'>ad</span> <span class='ocrx_word' id='word_1_172' title='bbox 182 2103 328 2147; x_wconf 85' lang='lat' dir='ltr'>puellam</span> <span class='ocrx_word' id='word_1_173' title='bbox 355 2101 516 2141; x_wconf 80' lang='lat' dir='ltr'>dedisset,</span> <span class='ocrx_word' id='word_1_174' title='bbox 544 2111 630 2143; x_wconf 87' lang='lat' dir='ltr'>quae</span> <span class='ocrx_word' id='word_1_175' title='bbox 655 2099 767 2132; x_wconf 85' lang='lat' dir='ltr'>Musis</span> <span class='ocrx_word' id='word_1_176' title='bbox 794 2099 863 2140; x_wconf 82' lang='lat' dir='ltr'>dat,</span> <span class='ocrx_word' id='word_1_177' title='bbox 888 2099 972 2131; x_wconf 84' lang='lat' dir='ltr'>licet</span> <span class='ocrx_word' id='word_1_178' title='bbox 997 2097 1100 2130; x_wconf 87' lang='lat' dir='ltr'>etiam</span> <span class='ocrx_word' id='word_1_179' title='bbox 1129 2094 1214 2128; x_wconf 84' lang='lat' dir='ltr'>haec</span> <span class='ocrx_word' id='word_1_180' title='bbox 1239 2095 1326 2127; x_wconf 89' lang='lat' dir='ltr'>ratio</span> <span class='ocrx_word' id='word_1_181' title='bbox 1351 2093 1460 2135; x_wconf 81' lang='lat' dir='ltr'>magis</span> 
     </span>
     <span class='ocr_line' id='line_1_22' title="bbox 115 2158 1462 2209; baseline -0.007 -9"><span class='ocrx_word' id='word_1_182' title='bbox 115 2179 158 2201; x_wconf 90' lang='lat' dir='ltr'>ex</span> <span class='ocrx_word' id='word_1_183' title='bbox 188 2167 301 2200; x_wconf 87' lang='lat' dir='ltr'>Ovidii</span> <span class='ocrx_word' id='word_1_184' title='bbox 327 2177 426 2209; x_wconf 88' lang='lat' dir='ltr'>quam</span> <span class='ocrx_word' id='word_1_185' title='bbox 452 2166 579 2199; x_wconf 84' lang='lat' dir='ltr'>Tibulli</span> <span class='ocrx_word' id='word_1_186' title='bbox 607 2175 700 2197; x_wconf 91' lang='lat' dir='ltr'>more</span> <span class='ocrx_word' id='word_1_187' title='bbox 733 2164 864 2196; x_wconf 85' lang='lat' dir='ltr'>fuisset.</span> <span class='ocrx_word' id='word_1_188' title='bbox 925 2163 973 2196; x_wconf 90' lang='lat' dir='ltr'>Ut</span> <span class='ocrx_word' id='word_1_189' title='bbox 1009 2162 1051 2195; x_wconf 91' lang='lat' dir='ltr'>ad</span> <span class='ocrx_word' id='word_1_190' title='bbox 1088 2161 1153 2194; x_wconf 81' lang='lat' dir='ltr'>alia</span> <span class='ocrx_word' id='word_1_191' title='bbox 1186 2161 1336 2201; x_wconf 88' lang='lat' dir='ltr'>veniam,</span> <span class='ocrx_word' id='word_1_192' title='bbox 1374 2158 1462 2191; x_wconf 90' lang='lat' dir='ltr'>ridet</span> 
     </span>
     <span class='ocr_line' id='line_1_23' title="bbox 116 2225 1462 2277; baseline -0.008 -10"><span class='ocrx_word' id='word_1_193' title='bbox 116 2235 268 2267; x_wconf 67' lang='lat' dir='ltr'>Vossms</span> <span class='ocrx_word' id='word_1_194' title='bbox 295 2237 452 2277; x_wconf 84' lang='lat' dir='ltr'>poetam,</span> <span class='ocrx_word' id='word_1_195' title='bbox 487 2231 578 2274; x_wconf 92' lang='lat' dir='ltr'>quod</span> <span class='ocrx_word' id='word_1_196' title='bbox 605 2229 685 2263; x_wconf 80' lang='lat' dir='ltr'>nihil</span> <span class='ocrx_word' id='word_1_197' title='bbox 711 2230 774 2263; x_wconf 87' lang='lat' dir='ltr'>nisi</span> <span class='ocrx_word' id='word_1_198' title='bbox 800 2229 921 2262; x_wconf 91' lang='lat' dir='ltr'>librum</span> <span class='ocrx_word' id='word_1_199' title='bbox 947 2228 1077 2261; x_wconf 80' lang='lat' dir='ltr'>donans</span> <span class='ocrx_word' id='word_1_200' title='bbox 1107 2228 1249 2260; x_wconf 90' lang='lat' dir='ltr'>aliorum</span> <span class='ocrx_word' id='word_1_201' title='bbox 1276 2225 1462 2258; x_wconf 84' lang='lat' dir='ltr'>liberalita-</span> 
     </span>
     <span class='ocr_line' id='line_1_24' title="bbox 117 2289 1462 2342; baseline -0.01 -9"><span class='ocrx_word' id='word_1_202' title='bbox 117 2304 185 2333; x_wconf 86' lang='lat' dir='ltr'>tem</span> <span class='ocrx_word' id='word_1_203' title='bbox 211 2298 441 2342; x_wconf 87' lang='lat' dir='ltr'>imprudenter</span> <span class='ocrx_word' id='word_1_204' title='bbox 466 2299 720 2330; x_wconf 86' lang='lat' dir='ltr'>commemorat.</span> <span class='ocrx_word' id='word_1_205' title='bbox 782 2295 865 2328; x_wconf 88' lang='lat' dir='ltr'>Meo</span> <span class='ocrx_word' id='word_1_206' title='bbox 899 2293 1024 2327; x_wconf 89' lang='lat' dir='ltr'>iudicio</span> <span class='ocrx_word' id='word_1_207' title='bbox 1063 2293 1206 2337; x_wconf 89' lang='lat' dir='ltr'>primum</span> <span class='ocrx_word' id='word_1_208' title='bbox 1246 2290 1332 2323; x_wconf 86' lang='lat' dir='ltr'>bene</span> <span class='ocrx_word' id='word_1_209' title='bbox 1370 2289 1462 2329; x_wconf 77' lang='lat' dir='ltr'>fecit,</span> 
     </span>
     <span class='ocr_line' id='line_1_25' title="bbox 120 2357 1463 2408; baseline -0.008 -11"><span class='ocrx_word' id='word_1_210' title='bbox 120 2364 212 2408; x_wconf 91' lang='lat' dir='ltr'>quod</span> <span class='ocrx_word' id='word_1_211' title='bbox 238 2364 340 2397; x_wconf 87' lang='lat' dir='ltr'>dubio</span> <span class='ocrx_word' id='word_1_212' title='bbox 365 2363 456 2395; x_wconf 86' lang='lat' dir='ltr'>sacto</span> <span class='ocrx_word' id='word_1_213' title='bbox 482 2361 598 2394; x_wconf 79' lang='lat' dir='ltr'>favore</span> <span class='ocrx_word' id='word_1_214' title='bbox 624 2360 781 2393; x_wconf 85' lang='lat' dir='ltr'>Neaerae</span> <span class='ocrx_word' id='word_1_215' title='bbox 816 2370 882 2393; x_wconf 91' lang='lat' dir='ltr'>non</span> <span class='ocrx_word' id='word_1_216' title='bbox 919 2359 1029 2403; x_wconf 88' lang='lat' dir='ltr'>pretio</span> <span class='ocrx_word' id='word_1_217' title='bbox 1061 2358 1230 2391; x_wconf 86' lang='lat' dir='ltr'>redimere</span> <span class='ocrx_word' id='word_1_218' title='bbox 1256 2357 1463 2389; x_wconf 86' lang='lat' dir='ltr'>voluntatem</span> 
     </span>
     <span class='ocr_line' id='line_1_26' title="bbox 120 2419 1465 2471; baseline -0.009 -8"><span class='ocrx_word' id='word_1_219' title='bbox 120 2431 193 2463; x_wconf 88' lang='lat' dir='ltr'>eius</span> <span class='ocrx_word' id='word_1_220' title='bbox 218 2430 367 2471; x_wconf 86' lang='lat' dir='ltr'>studuit,</span> <span class='ocrx_word' id='word_1_221' title='bbox 401 2428 460 2461; x_wconf 90' lang='lat' dir='ltr'>sed</span> <span class='ocrx_word' id='word_1_222' title='bbox 490 2428 563 2460; x_wconf 89' lang='lat' dir='ltr'>sola</span> <span class='ocrx_word' id='word_1_223' title='bbox 595 2425 829 2459; x_wconf 80' lang='lat' dir='ltr'>resuscitanda</span> <span class='ocrx_word' id='word_1_224' title='bbox 861 2425 1009 2467; x_wconf 82' lang='lat' dir='ltr'>imagine</span> <span class='ocrx_word' id='word_1_225' title='bbox 1045 2424 1169 2457; x_wconf 87' lang='lat' dir='ltr'>amoris</span> <span class='ocrx_word' id='word_1_226' title='bbox 1204 2422 1311 2455; x_wconf 88' lang='lat' dir='ltr'>intimi</span> <span class='ocrx_word' id='word_1_227' title='bbox 1345 2419 1465 2462; x_wconf 79' lang='lat' dir='ltr'>elegiis</span> 
     </span>
     <span class='ocr_line' id='line_1_27' title="bbox 120 2485 1466 2540; baseline -0.01 -11"><span class='ocrx_word' id='word_1_228' title='bbox 120 2497 189 2529; x_wconf 83' lang='lat' dir='ltr'>suis</span> <span class='ocrx_word' id='word_1_229' title='bbox 215 2495 369 2540; x_wconf 79' lang='lat' dir='ltr'>expressi</span> <span class='ocrx_word' id='word_1_230' title='bbox 395 2497 601 2527; x_wconf 83' lang='lat' dir='ltr'>commotum</span> <span class='ocrx_word' id='word_1_231' title='bbox 627 2503 700 2525; x_wconf 89' lang='lat' dir='ltr'>eam</span> <span class='ocrx_word' id='word_1_232' title='bbox 727 2492 798 2525; x_wconf 79' lang='lat' dir='ltr'>ivit.</span> <span class='ocrx_word' id='word_1_233' title='bbox 855 2490 987 2524; x_wconf 90' lang='lat' dir='ltr'>Deinde</span> <span class='ocrx_word' id='word_1_234' title='bbox 1013 2500 1079 2523; x_wconf 87' lang='lat' dir='ltr'>non</span> <span class='ocrx_word' id='word_1_235' title='bbox 1108 2488 1207 2521; x_wconf 88' lang='lat' dir='ltr'>video</span> <span class='ocrx_word' id='word_1_236' title='bbox 1234 2485 1466 2530; x_wconf 83' lang='lat' dir='ltr'>imprudenter</span> 
     </span>
     <span class='ocr_line' id='line_1_28' title="bbox 121 2551 1466 2599; baseline -0.007 -8"><span class='ocrx_word' id='word_1_237' title='bbox 121 2561 263 2593; x_wconf 77' lang='lat' dir='ltr'>aliorum</span> <span class='ocrx_word' id='word_1_238' title='bbox 290 2560 526 2593; x_wconf 85' lang='lat' dir='ltr'>liberalitatem</span> <span class='ocrx_word' id='word_1_239' title='bbox 552 2558 595 2590; x_wconf 87' lang='lat' dir='ltr'>ab</span> <span class='ocrx_word' id='word_1_240' title='bbox 631 2568 673 2590; x_wconf 84' lang='lat' dir='ltr'>eo</span> <span class='ocrx_word' id='word_1_241' title='bbox 707 2556 857 2597; x_wconf 89' lang='lat' dir='ltr'>laudari,</span> <span class='ocrx_word' id='word_1_242' title='bbox 893 2556 950 2599; x_wconf 88' lang='lat' dir='ltr'>qui</span> <span class='ocrx_word' id='word_1_243' title='bbox 975 2554 1055 2589; x_wconf 83' lang='lat' dir='ltr'>nihil</span> <span class='ocrx_word' id='word_1_244' title='bbox 1085 2555 1175 2588; x_wconf 88' lang='lat' dir='ltr'>dicat</span> <span class='ocrx_word' id='word_1_245' title='bbox 1209 2563 1309 2596; x_wconf 87' lang='lat' dir='ltr'>quam</span> <span class='ocrx_word' id='word_1_246' title='bbox 1345 2551 1466 2593; x_wconf 82' lang='lat' dir='ltr'>quibus</span> 
     </span>
    </p>
   </div>
   <div class='ocr_carea' id='block_1_5' title="bbox 123 2619 1468 2670">
    <p class='ocr_par' dir='ltr' id='par_1_5' title="bbox 123 2619 1468 2670">
     <span class='ocr_line' id='line_1_29' title="bbox 123 2619 1468 2670; baseline -0.007 -12"><span class='ocrx_word' id='word_1_247' title='bbox 123 2638 210 2670; x_wconf 77' lang='lat' dir='ltr'>opus</span> <span class='ocrx_word' id='word_1_248' title='bbox 244 2628 275 2660; x_wconf 89' lang='lat' dir='ltr'>in</span> <span class='ocrx_word' id='word_1_249' title='bbox 310 2627 468 2660; x_wconf 85' lang='lat' dir='ltr'>introitu:</span> <span class='ocrx_word' id='word_1_250' title='bbox 510 2625 735 2668; x_wconf 82' lang='lat' dir='ltr'>„Discurrunt</span> <span class='ocrx_word' id='word_1_251' title='bbox 772 2623 872 2657; x_wconf 84' lang='lat' dir='ltr'>hodie</span> <span class='ocrx_word' id='word_1_252' title='bbox 908 2623 1057 2667; x_wconf 87' lang='lat' dir='ltr'>undique</span> <span class='ocrx_word' id='word_1_253' title='bbox 1082 2632 1223 2656; x_wconf 86' lang='lat' dir='ltr'>munera</span> <span class='ocrx_word' id='word_1_254' title='bbox 1250 2630 1310 2664; x_wconf 89' lang='lat' dir='ltr'>per</span> <span class='ocrx_word' id='word_1_255' title='bbox 1336 2619 1404 2652; x_wconf 71' lang='lat' dir='ltr'>vias</span> <span class='ocrx_word' id='word_1_256' title='bbox 1434 2621 1468 2649; x_wconf 80' lang='lat' dir='ltr'>et</span> 
     </span>
    </p>
   </div>
  </div>
 </body>
</html>
