1721 2953
438 109 685 155 'sl‘ssULLl
734 110 843 156 LIB.
875 112 905 156 Ι.
936 122 970 158 2.
996 122 1029 157 3.
1376 114 1405 158 9

67 236 224 282 85N0n
259 253 364 298 ego,
395 234 432 280 si
468 235 637 292 merui,
673 233 872 282 dubitem
907 235 1204 300 procumbere
1233 233 1409 300 templis

191 322 248 368 Et
282 321 388 367 dare
424 321 608 368 sacratis
644 320 796 368 oscula
830 321 1084 380 liminibus,

124 409 224 454 Non
260 425 342 470 ego
378 406 579 454 tellurem
616 407 805 470 genibus
839 426 1076 473 perrepere
1108 406 1296 473 supplex

191 494 249 540 Et
281 493 494 540 miserum
524 505 679 540 sancto
716 493 904 540 tundere
940 506 1066 559 poste
1104 505 1250 560 caput.

120 581 181 625 At
209 590 281 636 tu,
329 579 405 644 qui
442 578 582 626 laetus
618 579 737 627 rides
774 580 891 628 mala
927 593 1106 640 nostra,
1149 591 1299 627 caveto

70 675 115 709 90
191 664 299 710 Mox
329 664 432 711 tibi:
484 684 578 711 non
612 684 730 712 unus
766 665 929 712 saeviet
963 684 1104 730 usque
1140 665 1261 712 (leus.

126 749 233 797 Vidi
270 768 372 813 ego,
425 751 501 816 qui
537 751 747 798 iuvenum
783 752 969 798 miseros
1004 750 1182 797 lusisset
1218 769 1415 808 amores,

192 836 302 882 Post
337 837 523 883 Veneris
555 836 712 884 vinclis
748 837 942 884 subdere
979 836 1092 884 colla
1127 854 1303 894 senem,

125 921 183 968 Et
215 921 303 968 sibi
337 921 579 969 blanditias
616 922 803 970 tremula
839 942 1108 988 componere
1141 942 1248 970 voce

191 1007 249 1054 Et
282 1008 491 1055 manibus
526 1028 660 1056 canas
690 1008 860 1073 fingere
895 1009 1004 1056 velle
1041 1028 1218 1056 comas:

74 1106 118 1141 95
133 1093 259 1140 Stare
294 1113 376 1141 nec
414 1106 513 1142 ante
550 1095 669 1142 fores
705 1095 870 1160 puduit
903 1113 1082 1142 caraeve
1118 1094 1293 1160 puellae,

195 1178 419 1227 Ancillam
447 1180 597 1227 medio
630 1180 874 1227 detinuisse
910 1181 1021 1227 soro.

131 1266 264 1312 Hunc
300 1284 437 1329 puer⁷
468 1266 589 1313 hunc
625 1266 797 1312 iuvenis
833 1266 966 1312 turba
1004 1265 1274 1312 circumterit
1310 1276 1420 1324 arta,

195 1351 389 1415 Despuit
418 1351 464 1396 111
501 1350 656 1397 molles
693 1362 735 1397 et
764 1350 851 1397 sibi
888 1350 1077 1415 quisque
1114 1350 1251 1396 sinus.

131 1438 190 1484 At
217 1437 329 1484 mihi
364 1455 523 1502 parce,
562 1439 737 1484 Venus:
790 1455 966 1502 semper
999 1436 1081 1483 tibi
1110 1436 1261 1483 dedita
1290 1436 1423 1483 servit

77 1540 146 1574 100
201 1524 332 1571 Mens
367 1541 488 1570 mea:
541 1522 651 1588 quid
686 1541 852 1570 messes
889 1523 982 1570 uris
1013 1522 1173 1571 acerba
1209 1524 1339 1570 tuas?

512 1837 853 1879 ELEGIA
922 1840 996 1879 ΠΙ.

128 1948 273 2033 Ibitis
303 1983 504 2046 Aegaeas
540 1983 636 2030 sine
671 2003 765 2043 me,
811 1985 1028 2042 Messala,
1077 2002 1159 2049 per
1194 1983 1368 2044 undas,

202 2071 243 2117 Ο
277 2070 447 2116 utinam
482 2088 701 2117 memores
738 2071 834 2136 ipse
873 2072 1123 2137 cohorsque
1153 2071 1267 2117 mei:

135 2158 211 2204 Me
247 2166 365 2202 tenet
396 2155 562 2218 ignotis
600 2175 783 2220 aegrum
818 2157 1040 2205 Phaeacia
1076 2157 1228 2204 terris:

200 2241 439 2288 Abstineas
470 2241 645 2300 avidas,
689 2244 815 2290 Mors
851 2262 1013 2309 precor
1042 2255 1160 2299 atra,
1203 2260 1374 2288 manus.

177 2435 219 2467 V.
235 2437 291 2468 90.
317 2434 380 2468 Est
403 2433 537 2477 quidem
564 2444 643 2467 non
670 2445 780 2467 unus
806 2434 859 2468 hic
883 2435 1043 2467 librorum
1070 2435 1190 2475 lectio,
1217 2434 1275 2467 sed
1301 2434 1429 2477 optime

85 2499 297 2533 emendatum
337 2499 470 2533 videtur
510 2511 577 2531 non
617 2499 700 2535 uni,
753 2500 843 2543 quod
883 2501 1054 2542 Vossms,
1102 2500 1429 2540 WUNDERL10111US‚

85 2565 274 2606 Bmmzes,
309 2566 488 2605 Bac-mus,
527 2566 750 2598 Gomffim'us
779 2566 995 2609 scripserunt.
