1721 2953
560 124 702 164 LIBR.
733 125 765 163 1.
822 122 981 165 ELEG.
1011 124 1082 164 lv.
1429 127 1478 162 91

135 235 362 280 pulchriores,
397 236 608 270 venustiores
643 236 827 278 reddente3
864 236 1069 279 exquisitum
1106 236 1254 279 dictum,
1289 245 1364 269 cum
1401 234 1481 268 nihil

134 305 268 338 suavius
296 305 340 338 sit
365 304 498 348 puellae
525 303 722 337 dormientis
747 303 834 336 facie
860 307 893 336 et
926 303 1017 345 quod
1050 305 1159 347 magis
1194 303 1236 337 ad
1271 312 1404 337 amores
1429 303 1480 335 in-

136 371 230 413 vitet,
252 370 311 404 sed
337 380 356 402 a
380 369 507 402 Tibulli
534 368 646 401 verbis
672 368 852 402 diversum.
903 369 1042 401 Alienus
1069 370 1169 402 etiam
1195 368 1358 402 HoRA'rn
1385 369 1481 401 locus

134 436 194 478 IV,
224 438 279 477 13,
303 439 336 469 7.
369 434 412 467 de
439 434 626 494 CuQine:
666 434 725 466 ille
758 434 907 468 virentis
944 435 1050 466 chiae
1078 435 1243 479 pulchris
1266 433 1417 467 excubat
1436 431 1480 465 >in

131 502 250 547 genis,
286 499 317 534 h.
343 511 373 534 e.
400 510 569 543 nunquam
595 499 740 541 dormit,
765 510 900 544 semper
925 499 958 532 in
983 500 1023 533 iis
1049 501 1152 543 viget.
1178 518 1224 526 —-
1264 500 1304 534 V.
1334 502 1377 533 15
1403 510 1478 542 sqq.

132 570 218 603 Post
243 568 325 602 haec
350 568 416 601 iam
441 568 484 600 ad
509 568 603 611 ipsa,
643 577 730 609 quae
756 567 928 610 postulata
953 571 1069 607 erant,
1108 570 1290 611 praecepta
1316 565 1480 600 tradenda

131 634 275 668 accedit.
300 651 348 659 -
399 632 439 667 V.
475 635 530 667 15.
579 631 668 665 Sed
704 642 755 666 ne
792 636 835 665 te
875 634 1075 676 capiant.
1126 632 1285 667 Notanda
1318 633 1480 666 transitus

131 701 218 736 ratio
237 705 298 736 est.
334 700 493 742 Intellige
517 699 576 732 sic.
614 699 780 732 Dixerat:
804 699 904 742 sugeg
931 710 1007 733 nam
1034 699 1132 733 facile
1155 701 1302 744 capiunt.
1337 701 1479 743 Pergit:

131 766 201 801 Sed
226 767 272 800 sis
295 765 397 800 modo
422 768 592 806 constans,
617 764 677 797 ubi
701 764 790 798 forte
816 768 938 808 captus
973 764 1087 804 fueris,
1114 771 1149 799 et
1174 766 1261 799 bene
1286 767 1351 799 erit
1377 767 1478 799 etiam

130 834 178 866 ita
202 843 277 874 res3
311 832 425 866 vinces
451 830 538 864 enim
564 830 617 863 vel
644 830 867 863 reluctantem
894 834 1079 874 postremo.
1130 831 1344 865 Deteriorum
1371 832 1478 865 libro-

129 911 203 934 rum
228 899 352 933 lectio:
376 897 447 931 Sed
471 903 506 929 te
531 908 574 930 ne
599 896 744 941 capiant
770 907 813 930 ex
839 897 1078 931 emendatione
1104 902 1178 931 orta
1203 899 1336 932 videtur
1362 899 1404 932 ab
1424 900 1479 942 iis,

129 968 188 1012 qui
214 966 302 1000 hunc
325 965 510 1000 credebant
535 974 611 998 esse
636 964 762 998 debere
788 964 990 998 transitum:
1028 964 1133 998 Tales
1161 969 1240 998 sunt
1264 966 1380 1009 pueri3
1416 966 1476 999 tibi

129 1043 211 1067 vero
244 1032 414 1075 agendum
447 1035 500 1065 est
533 1035 570 1064 ut
603 1041 692 1064 nunc
726 1031 848 1064 dicam.
899 1031 1094 1075 Opponitur
1127 1032 1233 1074 igitur
1266 1042 1310 1065 ex
1334 1031 1396 1065 hac
1421 1043 1478 1065 ra·-

129 1099 222 1132 tione
247 1109 392 1142 persona
418 1097 584 1141 personis.
633 1095 703 1128 Sed
736 1095 812 1129 vide
838 1106 925 1139 quae
952 1096 994 1129 de
1020 1095 1084 1130 hoc
1115 1097 1192 1130 loco
1216 1098 1359 1140 aliisque
1382 1098 1478 1131 simi-

129 1166 216 1198 libus
236 1164 397 1197 disertius
415 1163 563 1208 explicui
586 1163 620 1196 in
638 1164 705 1196 fine
721 1163 977 1196 Dissertationis
996 1162 1039 1196 de
1057 1163 1261 1197 Elocutione
1279 1163 1418 1197 Tibulli.
1430 1181 1476 1188 —-

129 1230 166 1263 si
192 1230 312 1263 forte
337 1229 535 1272 negabit.
585 1230 708 1263 Recte.
758 1229 925 1263 Futurum
947 1234 1126 1263 exactum:
1152 1229 1293 1275 negarit
1313 1231 1346 1263 in
1365 1234 1478 1263 trans-

127 1297 226 1330 itoria
252 1307 288 1329 re
313 1297 438 1329 bonum
473 1300 586 1337 esset,
612 1295 665 1329 hic
691 1297 780 1329 enim
805 1297 878 1329 eius
903 1307 983 1329 usus
1011 1300 1084 1336 est,
1109 1295 1177 1328 vid.
1204 1296 1407 1328 MATTHIAB
1432 1295 1476 1328 de

127 1372 190 1395 usu
215 1361 277 1396 fut.
300 1361 412 1394 exacti
435 1360 638 1393 Latinorum
671 1361 705 1393 in
731 1360 895 1394 Seebodii
920 1361 1058 1394 Horreo
1085 1358 1293 1403 philologico
1319 1360 1477 1403 (Archiv

118 1427 191 1473 fiir
215 1425 432 1472 Plzilologie)
460 1425 505 1468 ΙΙ,
532 1427 566 1467 1,
590 1437 624 1469 p.
647 1427 694 1457 20
718 1435 794 1468 sqq.
849 1425 952 1458 Nunc
977 1429 1091 1458 autem
1118 1425 1160 1457 de
1184 1425 1395 1458 diuturniore
1419 1435 1476 1458 re—

127 1492 312 1525 luctatione
343 1490 474 1534 agitur,
505 1491 560 1524 cui
595 1490 696 1523 unice
727 1490 871 1533 simplex
905 1489 1054 1523 futurum
1087 1492 1253 1524 convenit.
1313 1491 1474 1524 Ceterum

127 1569 256 1604 negare
283 1561 354 1591 est:
381 1556 554 1590 difficilem
580 1567 659 1590 esse
676 1556 834 1600 precibus
857 1557 1011 1599 amantis,
1038 1561 1074 1590 ut
1096 1557 1140 1599 ΙΙ,
1156 1560 1189 1599 6,
1204 1560 1263 1591 27.
1311 1557 1477 1592 Similiter

126 1625 218 1658 nolle
244 1626 369 1659 Catull.
394 1624 488 1666 vm,
512 1627 545 1657 9.
579 1624 669 1668 quod
702 1624 1023 1657 WUNDERLmHIUS
1059 1628 1173 1666 notat,
1212 1629 1247 1658 et
1272 1622 1475 1658 ἀναίνεσθαι

128 1692 282 1732 Graece,
319 1691 515 1734 oppositum
551 1701 583 1724 v.
614 1687 840 1734 χαρίζεο-θαι,
886 1690 928 1724 cf.
966 1690 1168 1724 RUHNKx-:m
1207 1691 1249 1724 ad
1283 1691 1374 1726 Tim.
1406 1693 1474 1726 lex.

129 1770 161 1801 p.
187 1760 267 1791 275.
291 1775 338 1781 -
376 1757 418 1791 V.
445 1759 489 1789 17
515 1767 586 1799 sqq.
636 1758 834 1799 Sequuntur
867 1758 1024 1801 exempla
1057 1756 1100 1790 ad
1135 1757 1345 1800 probandum
1371 1768 1473 1801 prae-

129 1828 269 1868 ceptum
295 1822 397 1856 modo
422 1822 548 1855 lectum
564 1848 573 1864 ‚
599 1821 642 1855 de
667 1833 812 1865 quorum
837 1823 969 1856 ratione
994 1833 1119 1866 operae
1144 1823 1289 1866 pretium
1314 1826 1366 1856 est
1389 1832 1474 1866 pau-

128 1890 176 1922 cis
202 1888 334 1931 videre,
373 1897 575 1931 quamquam
611 1888 715 1929 vulgo
749 1889 782 1920 in
807 1887 932 1920 talibus
959 1888 1068 1920 nullas
1095 1887 1238 1920 credunt
1264 1897 1338 1921 esse
1364 1888 1473 1930 leges,

127 1953 187 1986 sed
221 1954 325 1986 licere
357 1953 467 1996 poetis
501 1952 642 1985 fundere
676 1951 840 1994 quidquid
873 1952 988 1985 velint.
1037 1951 1101 1985 Est
1135 1963 1215 1986 vero
1241 1954 1297 1986 illa
1321 1954 1473 1986 certain

128 2020 179 2053 his
205 2021 306 2054 rebus
331 2020 414 2053 artis
440 2020 596 2063 poeticae
631 2020 707 2062 lex,
744 2024 782 2053 ut
819 2030 861 2053 ne
893 2023 1024 2052 temere
1058 2024 1284 2061 congerantur
1316 2020 1474 2062 exempla

126 2097 193 2119 neu
230 2085 310 2129 quid
345 2084 557 2118 iniucundius
593 2084 729 2117 differat
763 2095 783 2117 a
819 2084 994 2128 proposita
1030 2095 1087 2126 re,
1127 2084 1188 2117 sed
1221 2084 1472 2117 similitudinem

126 2151 239 2184 omnia
263 2161 401 2184 suavem
427 2151 573 2184 offerant
595 2151 807 2194 reddantque
832 2155 912 2195 apte
947 2150 1089 2184 eandem
1116 2151 1248 2193 ideam3
1288 2150 1410 2185 deinde
1435 2155 1473 2184 ut

127 2217 155 2251 si
180 2218 338 2259 graviora
363 2222 422 2250 aut
447 2219 592 2251 certiora
616 2219 683 2252 sint
708 2218 772 2252 alia
797 2219 891 2260 aliis,
929 2228 948 2251 a
977 2217 1096 2250 minori
1122 2217 1164 2250 ad
1196 2217 1304 2250 maius
1329 2227 1473 2261 progre-

126 2282 241 2315 diatur
270 2283 380 2316 oratio
404 2293 467 2316 uec
493 2293 654 2327 perverso
679 2283 798 2317 ordine
824 2293 878 2316 res
911 2283 1131 2316 collocentur.
1180 2282 1251 2315 Iam
1275 2283 1471 2316 considera-

127 2348 235 2382 bimus
254 2348 442 2382 Tibullum.
492 2350 542 2382 Ac
569 2349 712 2392 primum
738 2347 874 2391 quidem
901 2348 1060 2381 leones
1085 2347 1234 2381 domitos
1257 2351 1291 2382 et
1311 2358 1469 2381 mansue-

128 2412 238 2447 factos
261 2424 474 2458 comparans‚
499 2415 668 2457 significat
692 2415 870 2449 manifesto
895 2416 996 2449 etiam
1022 2425 1165 2458 puerum
1189 2425 1348 2458 asperum
1375 2425 1468 2448 mau-

128 2479 265 2512 suefieri
285 2490 387 2523 posse
407 2485 491 2514 arte.
517 2481 568 2513 Ad
590 2480 711 2514 verba:
737 2482 892 2524 Longa
913 2481 1011 2515 dies
1031 2482 1192 2515 Vunmus
1212 2481 1324 2515 laudat
1343 2482 1469 2515 Iuqu.

127 2546 200 2578 Sat.
227 2545 271 2588 X,
304 2549 386 2580 265.
429 2548 568 2582 Pam:
597 2547 697 2592 Epid.
724 2548 783 2590 lv,
811 2550 842 2589 1,
872 2550 924 2581 17.
974 2547 1060 2581 Add.
1089 2549 1198 2581 Ovm.
1225 2548 1310 2582 Met.
1336 2548 1363 2588 l,
1389 2549 1469 2580 346.

128 2622 170 2645 nc
205 2613 301 2655 plura
336 2613 476 2648 afferam
510 2615 543 2649 iu
578 2616 748 2651 locutione
774 2627 877 2660 saepe
911 2615 1021 2649 obvia.
1070 2616 1138 2649 Sed
1166 2620 1267 2659 poeta
1294 2616 1382 2658 quod
1409 2615 1469 2648 de-
