1721 2953
500 149 646 191 LIBR.
675 151 706 190 1.
765 149 924 191 ELEG.
954 153 1007 192 X.
1347 158 1420 195 195

73 266 132 307 lv,
157 268 191 307 3,
218 267 252 299 5.
301 264 503 299 Secundum
536 264 644 298 PmN.
670 263 765 306 XVI,
798 266 856 298 38.
890 265 969 298 olim
996 267 1096 300 etiam
1124 267 1156 300 in
1181 277 1276 301 sacra
1301 270 1418 312 supe!m

72 331 186 364 lectile
211 334 327 372 erant3
359 334 462 373 atque
498 328 561 362 hoc
586 332 720 373 spectat
748 328 917 362 Tibullus.
968 331 1075 374 Cum,
1101 332 1168 376 ait,
1195 333 1296 368 etiam
1321 335 1354 368 in
1381 345 1417 369 re

71 397 183 430 divina
206 396 445 430 adhiberentur
468 395 583 439 fagina
608 397 745 440 popula.
760 415 808 421 —
831 396 1044 432 adstabat
1070 399 1281 444 (dastelm)3
1311 402 1417 437 Vino.

71 463 156 495 Aen·
180 462 226 503 II,
251 463 341 495 328:
366 472 482 507 equus
507 459 629 494 mediis
655 460 692 493 in
717 459 895 494 moenibus
921 462 1083 497 adstans.
1131 466 1219 500 Vide
1242 468 1340 511 plura
1363 466 1419 502 hle

67 537 89 561 a
114 527 411 561 ananmcmo
445 530 562 561 notata
594 531 629 561 et
660 527 826 571 imprimis
858 538 879 561 a
915 527 1147 565 LAcHMANNo
1183 532 1225 566 ad
1259 534 1417 578 Propert.

67 593 128 635 lv,
154 595 210 635 11,
245 606 278 637 p.
304 596 387 627 398.
413 611 459 621 -
511 594 553 629 V.
579 597 600 627 9
627 604 678 637 sq.
731 598 836 628 erat.
895 596 1061 639 Sequitur
1095 600 1235 633 verbum
1268 602 1416 644 proximi

68 658 213 692 nominis
238 669 415 692 numerum
443 664 480 693 ut
512 659 541 702 Ι,
568 662 603 702 2,
627 662 686 693 80.
712 670 756 694 ex
781 671 877 695 more
913 667 1101 707 poetarum.
1150 667 1196 700 At
1218 667 1276 700 ubi
1301 669 1416 703 statim

66 725 135 759 duo
161 726 386 760 obversantur
417 727 530 760 animo
568 727 724 770 nomina,
761 729 902 772 pluralis
926 731 1131 775 requiritur,
1170 737 1208 766 ut
1231 733 1275 775 ΙΙ,
1300 735 1333 776 4,
1356 736 1412 769 40.

65 792 233 837 eripiant.
260 811 304 818 -
342 793 429 828 Mox
453 795 673 837 Securus,
706 805 773 828 non
800 797 923 830 timens
949 796 1075 832 hostes.
1100 818 1147 824 ——
1181 802 1325 834 varias
1353 803 1416 835 in-

66 862 135 891 ter
168 869 296 900 oves,
334 859 429 892 albas
464 863 547 903 puta
590 870 668 893 cum
706 860 871 904 Vunmo,
916 867 952 896 et
988 864 1101 907 nigras
1139 870 1174 899 et
1212 869 1413 902 maculosa-s.

64 925 205 958 Priscae
237 924 301 959 hoc
333 926 583 970 simplicitatis,
617 932 779 962 monente
812 929 964 972 Vossm,
1003 941 1078 964 cum
1114 936 1232 975 postea
1268 934 1415 967 maxime

65 989 229 1024 candidae
254 1001 336 1025 oves
360 992 609 1036 probarentur,
649 997 754 1036 atque
787 994 889 1028 etiam
916 996 974 1029 ubi
999 997 1056 1030 alii
1088 997 1293 1033 haberentur
1317 1000 1415 1034 colo-

66 1067 144 1101 res,
175 1058 259 1092 illud
293 1063 471 1093 caveretur
506 1060 710 1103 diligenter,
749 1072 793 1095 ne
826 1072 895 1096 uno
929 1063 962 1097 in
993 1075 1101 1107 grege
1134 1066 1258 1099 diversi
1284 1067 1417 1100 colores

65 1129 190 1160 essent.
251 1126 341 1160 Vide
376 1127 539 1161 VossmM
578 1127 620 1160 ad
655 1125 745 1161 hunc
779 1128 892 1162 locum
927 1133 962 1162 et
995 1130 1038 1163 ad
1075 1131 1169 1174 Virg.
1197 1133 1327 1175 Georg.
1351 1133 1415 1175 ΙΙΙ,

65 1203 98 1235 p.
125 1193 205 1224 629.
255 1192 345 1225 Sunt
377 1192 485 1234 igitur
518 1191 643 1225 variae
668 1192 781 1227 dictae
805 1204 894 1228 nunc
919 1199 1013 1229 recte
1042 1201 1077 1229 et
1111 1199 1188 1231 usui
1212 1199 1306 1232 verbi
1332 1210 1416 1233 con-

65 1258 252 1292 venienter.
300 1257 376 1291 Nec
409 1268 481 1291 rem
519 1257 613 1291 dices
649 1269 715 1292 non
750 1263 831 1303 apte
867 1266 1107 1305 memoratam,
1144 1264 1177 1297 id
1213 1264 1325 1308 ipsum
1362 1264 1415 1298 hic

64 1327 190 1366 agente
222 1327 347 1366 poeta,
388 1326 427 1356 ut
462 1323 634 1366 simplices
668 1334 781 1356 mores
819 1326 921 1368 prisci
957 1329 1122 1370 temporis
1160 1328 1334 1372 depingat.
1368 1348 1414 1354 —-

65 1389 155 1423 dux
189 1389 369 1433 gregis,
403 1388 507 1431 vulgo
533 1389 641 1431 artes,
676 1400 766 1422 nunc
791 1394 908 1434 pastor
932 1395 969 1424 ut
994 1392 1027 1425 in
1053 1392 1174 1426 Culice
1200 1396 1303 1436 173„
1336 1395 1413 1428 vide

64 1456 160 1491 locos
184 1456 275 1500 apud
301 1455 495 1498 Hermum,
525 1455 648 1498 quibus
673 1455 888 1490 Has-:umus
914 1457 1010 1490 addit
1033 1458 1219 1494 APOLLON.
1245 1460 1368 1495 Rnon.
1388 1460 1416 1497 Ι,

63 1526 146 1557 575.
193 1522 317 1566 Neque
351 1523 442 1557 enim
475 1532 613 1566 semper
646 1522 801 1565 sequitur
834 1527 952 1566 pastor
987 1534 1090 1566 oves,
1126 1524 1186 1558 sed
1222 1535 1280 1559 eas
1312 1526 1416 1561 etiam

63 1588 229 1624 ducit.-
253 1589 296 1625 V.
322 1592 364 1623 11
392 1600 466 1632 sqq.
492 1584 748 1623 Tunc'mihi
772 1590 867 1623 vita
893 1590 1032 1632 soret,
1058 1595 1137 1624 sunt
1161 1592 1265 1626 verba
1291 1596 1415 1636 optan-

64 1655 121 1696 tis,
145 1666 198 1698 pr.
224 1656 252 1689 si
276 1654 357 1689 mihi
382 1659 463 1689 tunc
487 1655 558 1688 vita
583 1654 716 1695 suisset,
741 1657 820 1688 aut:
846 1655 988 1698 utinam,
1011 1657 1117 1689 veluti
1144 1657 1252 1691 Ovm.
1271 1658 1415 1693 Heroid.

65 1718 110 1761 X,
136 1722 224 1753 133:
249 1718 301 1752 Di
318 1719 507 1765 facerent,
532 1724 574 1751 ut
596 1730 648 1750 me
673 1730 809 1751 summa
833 1718 873 1751 cle
892 1731 1010 1764 puppe
1036 1721 1195 1755 videres!
1244 1723 1418 1757 Illovisset

65 1785 192 1820 vultus
217 1791 350 1819 moesta
377 1785 508 1831 figura
534 1791 628 1820 tuos.
678 1786 811 1820 Amorr.
836 1786 880 1827 Π,
911 1789 966 1829 16,
993 1790 1060 1822 15:
1097 1788 1249 1822 Solliciti
1273 1790 1416 1824 iaceant

65 1858 232 1899 terraque
254 1853 470 1898 'premantur
503 1852 647 1898 iniqua,
684 1853 722 1886 in
756 1853 882 1900 longas
917 1853 1030 1887 orbem
1065 1856 1127 1901 qui
1151 1868 1289 1890 secuere
1314 1858 1416 1896 rio-55

66 1924 135 1952 out
169 1918 336 1952 iuvenum
367 1918 509 1951 comites
541 1918 730 1952 iussissent
761 1919 812 1953 ire
843 1919 1008 1964 puellas,
1046 1921 1078 1955 si
1103 1921 1189 1967 suit
1223 1922 1260 1956 in
1291 1923 1416 1969 longas

66 1989 166 2017 terra
190 1983 344 2018 secanda
368 1983 459 2027 vias,
491 1995 541 2029 pr.
569 1986 699 2019 utinam
724 1985 889 2029 facerent,
913 1987 1042 2021 utinam
1068 1988 1258 2022 iussissent.
1308 1991 1417 2024 Porro

65 2049 153 2084 dixit
179 2049 284 2096 foret
308 2051 343 2085 in
367 2061 405 2084 re
432 2052 641 2096 praeterita;
677 2063 754 2086 nam
789 2053 891 2086 etiam
928 2054 986 2087 ubi
1023 2056 1246 2098 praeteritum
1282 2060 1418 2101 tempus

64 2117 204 2160 cogito,
230 2117 344 2152 dicere
369 2119 469 2152 licet:
503 2119 534 2152 O
560 2119 589 2152 si
614 2119 648 2152 in
673 2119 731 2152 illo
758 2120 872 2163 potius
898 2122 1053 2165 tempore
1079 2122 1147 2154 vita
1170 2132 1245 2155 mea
1272 2121 1417 2156 habere—

66 2185 141 2217 tur!
181 2185 274 2228 quod
307 2189 360 2220 est
392 2184 575 2218 directiore
610 2186 861 2228 significatione
894 2188 965 2220 voti
993 2188 1063 2229 uti,
1100 2192 1219 2232 optare
1243 2188 1418 2229 intentius,

66 2250 228 2292 calidius,
256 2253 293 2284 et
315 2251 427 2284 minus
453 2249 683 2294 hypothetice.
741 2252 822 2286 Dixi
858 2252 901 2286 de
932 2263 995 2286 usu
1021 2253 1151 2287 Tibulli
1185 2255 1218 2288 in
1242 2254 1419 2288 Disserta-

67 2316 161 2350 tione
197 2316 240 2349 de
274 2316 481 2351 Elocutione
517 2317 602 2350 eius.
628 2336 675 2342 —
718 2319 847 2362 vulgi
885 2320 1042 2353 tristia
1076 2331 1196 2354 arma
1229 2325 1323 2355 recte
1356 2331 1420 2355 ex-

68 2383 196 2426 plicare
231 2383 366 2416 videtur
400 2384 561 2419 Vossms.
610 2386 698 2419 Sunt
734 2387 854 2429 cultri,
887 2398 1047 2430 secures,
1080 2387 1212 2431 fasces,
1248 2399 1347 2422 enses
1383 2394 1418 2422 et

69 2447 233 2491 quidquid
258 2449 350 2483 saevi
382 2450 597 2485 instrumenti
631 2452 754 2495 vulgus
787 2452 821 2486 in
855 2453 942 2487 odiis
975 2458 1011 2488 et
1042 2454 1192 2489 dissidiis
1224 2456 1344 2500 arripit
1375 2454 1418 2489 ad

71 2515 210 2549 vulnera
237 2521 272 2550 et
295 2517 430 2552 caedes.
481 2518 610 2553 Contra
634 2520 739 2554 tuba
764 2520 908 2555 militum
928 2522 1057 2566 proelia
1077 2523 1258 2566 significat.
1307 2522 1418 2555 Porro

71 2581 135 2614 ista
169 2582 263 2626 vulgi
296 2595 391 2618 arma
424 2585 539 2629 videt,
579 2586 676 2620 audit
711 2597 793 2621 vero
828 2587 944 2623 tubam
979 2588 1022 2622 ad
1059 2588 1189 2633 proelia
1225 2591 1415 2626 vocante-Q

71 2657 176 2688 quare
200 2660 277 2685 cum
303 2661 390 2688 nunc
417 2654 519 2688 etiam
548 2654 651 2689 verba
677 2655 739 2690 sibi
767 2656 925 2700 opposita
951 2655 1040 2698 sint,
1083 2659 1176 2690 recte
1202 2655 1313 2699 potuit
1345 2662 1415 2683 am

960 2723 1042 2760 13*
