1721 2953
498 177 641 218 LIBR.
675 179 705 217 Ι.
764 178 923 220 ELEG.
954 182 1007 220 II.
1371 189 1422 224 33

170 294 211 327 V.
239 297 254 326 1
283 304 334 336 sq.
392 291 514 326 Adde
551 302 727 326 merum.
778 293 946 328 Hortatur
980 306 1121 340 puerum
1155 303 1191 331 ut
1225 299 1301 342 plns
1337 302 1422 334 meri

74 359 244 402 affundat,
269 370 337 403 quo
362 358 481 392 fortior
504 360 564 392 fiat
589 361 695 403 potio.
745 361 805 393 Sic
831 361 917 396 infra
942 363 1003 405 ΙΙΙ,
1025 367 1058 406 6,
1081 368 1138 399 63.
1189 366 1417 402 Lanamus:

73 430 114 457 ta
143 436 254 469 puer,
287 424 320 460 i,
358 423 533 469 liquidum
558 424 701 469 fortius
735 424 825 456 adde
858 438 999 462 merum.
1057 429 1135 463 Non
1161 435 1211 464 est
1240 432 1344 475 Igitur
1368 444 1418 476 pr.

72 491 216 534 simplici
240 490 324 523 (lare
350 490 478 523 (lictum
504 490 653 527 addere,
686 495 826 525 notante
852 493 954 526 etiam
980 495 1276 531 Wuxmffnmcfflo
1301 502 1419 531 contra

71 558 251 591 Vum’mnr.
290 557 361 591 Sed
388 558 527 601 gravior
551 558 615 591 alia
641 558 808 600 quaestio.
858 559 1005 594 Ubinam
1031 567 1185 596 versatur
1209 567 1311 607 poeta
1335 563 1419 598 haec

69 624 214 658 dicens?
264 624 314 657 De
338 624 476 658 fictione
505 625 639 668 poetica
667 625 732 658 loci
758 625 889 667 loquor.
940 626 1068 660 Credas
1098 628 1233 662 domum
1260 639 1336 663 eum
1363 639 1421 662 re-

68 689 170 722 diisse
203 700 222 723 a
255 690 355 723 ianua
389 691 526 733 Deliae,
564 691 677 733 ibique
708 693 832 735 poculo
869 694 1041 736 postulato
1069 695 1196 729 bibere.
1254 696 1324 729 Sed
1351 701 1420 730 stat

68 755 246 788 manifesto
270 759 348 789 ante
373 756 506 789 ianuam
533 767 561 788 v.
585 759 638 797 9.,
664 756 721 789 ubi
750 757 824 789 vide
849 757 958 799 dicta,
984 769 1046 791 nec
1072 759 1208 794 dubium
1235 761 1314 803 quin
1342 771 1418 794 car-

67 829 144 853 men
167 821 498 866 παρακλαυσίθυρον
523 823 586 864 sit,
611 823 831 856 suadentibus
857 825 957 857 etiam
983 826 1056 858 aliis
1081 827 1162 859 locis
1187 828 1272 860 infra
1298 829 1415 870 legen-

67 884 128 918 dis.
180 886 296 921 Quare
319 886 445 930 duplex
471 889 592 920 tentari
619 892 733 931 potest
760 889 953 933 explicatio.
1014 892 1164 925 Primum
1193 892 1294 926 haec:
1331 903 1416 926 con-

67 955 134 984 stat
159 953 270 986 vinum
299 955 422 997 passim
448 955 586 988 allatum
612 955 654 987 ad
681 956 796 988 ianuas
824 957 1022 1000 puellarum.
1073 958 1163 991 {Nolo
1189 960 1311 993 afferre
1339 961 1416 993 vino

66 1028 266 1062 conspersas
292 1030 366 1053 esse
391 1019 482 1053 fores
507 1024 661 1062 amatae,
689 1025 726 1054 ut
755 1032 785 1054 v,
812 1032 841 1055 c.
868 1021 1056 1055 Thessalici
1079 1028 1248 1057 amatores
1274 1025 1417 1059 Laidem

63 1082 295 1125 honorabant,
320 1084 363 1118 cf.
388 1084 502 1118 Schol.
531 1087 728 1118 Amswopn.
752 1086 842 1118 Plut.
871 1097 902 1119 v.
924 1090 1002 1120 179.
1053 1089 1130 1121 Hoc
1160 1090 1235 1122 loco
1262 1091 1414 1124 Pmu'ro

64 1154 210 1182 utamur'
233 1150 370 1183 Curcul.
395 1150 423 1191 I,
452 1153 482 1191 l,
507 1153 553 1182 76
577 1161 673 1193 sqq,
711 1151 768 1183 ubi
802 1162 887 1195 puer
922 1153 1031 1186 sinum
1067 1155 1167 1188 affert
1202 1156 1417 1192 Phaedromo

64 1225 141 1248 cum
161 1215 323 1248 Palinuro
347 1215 390 1249 ad
414 1216 548 1249 ianuam
569 1215 727 1250 Phanesii
757 1219 860 1260 eunti,
881 1219 937 1262 qui
962 1220 1052 1253 sores
1079 1232 1308 1265 conspergere
1335 1226 1418 1267 vult,

63 1287 102 1314 ut
130 1292 173 1314 ex
199 1281 304 1315 odore
336 1282 412 1315 lena
444 1282 582 1315 ianitrix
608 1293 684 1316 eum
711 1283 830 1316 adesse
856 1285 1003 1326 sentiat,
1039 1285 1161 1319 deinde
1191 1288 1292 1321 etiam
1319 1290 1416 1325 lenae

63 1350 128 1393 ipsi
153 1350 334 1383 bibendum
362 1350 454 1383 dare.
513 1350 616 1386 Quod
643 1351 782 1384 audiens
809 1352 1008 1394 Palinurus,
1033 1353 1169 1390 islam,
1198 1355 1327 1398 inquit,
1355 1358 1416 1401 qui

63 1415 173 1459 affert
197 1415 371 1459 afflictum
401 1415 514 1450 velim.
564 1418 641 1461 Ego
676 1415 774 1449 nobis
807 1417 932 1461 afferri
966 1418 1096 1452 censui.
1156 1420 1254 1453 Unde
1290 1421 1417 1456 factum

61 1481 157 1516 vides
181 1484 372 1525 interdum,
405 1488 442 1516 ut
469 1487 546 1516 ante
572 1484 663 1517 fores
690 1484 874 1518 biberetur.
925 1487 976 1518 Ac
1001 1485 1158 1519 Tibullus
1183 1488 1320 1529 quidem
1347 1489 1416 1531 (sic

61 1551 172 1594 possis
202 1551 350 1593 fingere)
384 1554 528 1584 steterat
552 1551 758 1594 aliquamdiu
783 1551 908 1585 frustra
934 1555 1013 1585 aute
1039 1553 1172 1585 ianuam
1200 1558 1416 1596 exspectans,

62 1627 142 1650 mox
167 1620 205 1649 ut
230 1616 364 1649 falleret
389 1620 543 1658 noctem,
572 1617 686 1649 vinum
712 1617 827 1650 afferri
853 1617 1015 1659 iusserat,
1042 1617 1179 1651 tandem
1207 1629 1287 1651 vero
1314 1620 1416 1652 intel-

59 1683 170 1724 ligens
191 1692 258 1715 non
283 1683 397 1715 venire
422 1682 556 1715 Deliam
582 1687 617 1715 et
642 1682 832 1715 custodiam
858 1692 932 1715 esse
959 1683 1116 1726 positam,
1141 1684 1259 1717 dolore
1284 1686 1415 1726 ingenti

61 1747 253 1790 corripitur.
303 1747 403 1779 Nunc
429 1748 505 1790 plus
530 1748 614 1780 meri
640 1748 809 1790 postulat,
841 1752 878 1780 ut
905 1749 1081 1792 consopiat
1106 1750 1264 1783 celeriter
1289 1752 1413 1785 intole-

60 1812 185 1845 rabiles
217 1812 373 1853 dolores,
411 1811 589 1845 confestim
626 1811 690 1845 hoc
723 1813 798 1856 ipso
835 1813 910 1846 loco
944 1813 1172 1856 dormiturus,
1208 1820 1246 1847 ut
1281 1821 1415 1850 constat

58 1884 229 1913 amatores
253 1880 355 1912 etiam
380 1878 463 1911 alias
487 1879 642 1920 iacuisse,
669 1879 868 1912 dormivisse
893 1879 926 1912 in
950 1880 1066 1912 limine
1091 1881 1290 1923 puellarum.
1341 1882 1412 1914 Sed

60 1955 104 1978 ue
129 1955 266 1978 somnus
289 1944 425 1987 quidem
451 1946 554 1987 venit,
578 1950 613 1978 et
638 1956 717 1979 mox
743 1946 854 1979 denuo
879 1946 1013 1979 ianuam
1039 1947 1223 1988 alloquitur
1249 1952 1350 1990 poeta
1378 1953 1413 1981 et

59 2021 146 2044 nova
172 2011 313 2044 consilia
337 2011 455 2053 agitat.
506 2012 618 2053 Atque
645 2009 727 2044 haec
752 2020 818 2043 una
844 2011 931 2044 ratio
954 2016 1017 2044 est.
1069 2012 1167 2047 Quae
1199 2013 1225 2044 si
1254 2012 1315 2046 tibi
1342 2013 1412 2046 dis-

60 2078 197 2121 pliceat,
221 2081 258 2110 ut
285 2088 346 2110 nec
371 2076 450 2110 mihi
477 2078 576 2121 plane
601 2077 749 2119 arridet,
774 2078 851 2111 vide
880 2088 922 2110 au
953 2081 1105 2121 praestet
1130 2080 1301 2119 statuere,
1328 2089 1414 2122 poe-

61 2148 128 2177 tam
164 2154 282 2177 revera
317 2143 454 2177 domum
484 2144 625 2178 rediisse
649 2155 668 2177 a
694 2145 792 2177 ianua
817 2144 938 2177 Deliae
962 2143 1078 2186 ibique
1103 2143 1221 2176 bibere
1244 2143 1413 2187 coepisse,

58 2211 118 2244 sed
144 2210 267 2243 frustra
295 2214 423 2244 tentata
451 2212 564 2253 quiete
593 2213 707 2245 statim
741 2212 866 2245 reverti
893 2210 935 2244 ad
969 2209 1059 2243 sores
1095 2210 1238 2243 clausas.
1297 2209 1412 2242 Alter-

58 2281 172 2310 utrum
207 2287 324 2310 verum
350 2277 494 2311 videtur.
522 2296 566 2303 —·
607 2289 743 2312 novos
781 2279 966 2312 dolores
992 2277 1141 2311 Vossius
1167 2276 1413 2320 interpretatur

55 2341 268 2386 inopinatos,
292 2341 462 2375 Hermus
483 2349 647 2379 recentes,
667 2343 879 2385 Huscffluus
900 2342 1072 2378 insolitos,
1094 2343 1413 2375 Wuxomzmcmus

57 2417 143 2450 quor.
167 2412 276 2437 antea
299 2418 368 2438 non
391 2407 578 2446 sensisset,·
605 2408 670 2441 iam
694 2410 782 2441 enim
805 2418 939 2441 omnem
959 2418 1054 2452 spem
1079 2409 1176 2441 Delia
1198 2408 1330 2442 fruendi
1351 2409 1413 2441 ab·

57 2470 194 2504 iectam.
243 2471 314 2504 Sed
340 2472 476 2506 minime
501 2472 638 2506 abiecit.
687 2473 812 2506 Verius
834 2473 1116 2506 Bnoucmmsms
1136 2475 1184 2507 ait
1210 2484 1316 2507 novos
1337 2483 1413 2507 esse

60 2545 171 2588 super·
199 2541 345 2570 veteres.
395 2538 462 2570 Diu
491 2539 601 2571 caruit
638 2539 772 2581 puellae
809 2548 892 2579 usu,
932 2548 1021 2571 nunc
1055 2548 1132 2571 cum
1168 2538 1305 2572 tandem
1341 2539 1414 2570 eius

61 2601 228 2643 promissa
262 2603 414 2645 tulisset,
452 2615 520 2646 quo
554 2605 609 2638 die
643 2606 786 2648 primum
821 2605 915 2638 adire
952 2605 1068 2638 limina
1102 2606 1215 2639 mariti
1248 2606 1414 2645 tentabat,

59 2672 196 2710 praeter
229 2670 520 2713 exspectationem
548 2673 707 2706 exclusus
741 2683 828 2706 novo
855 2672 974 2707 dolore
1001 2673 1166 2707 obruitur.
1194 2688 1237 2698 —
1272 2672 1413 2705 Occu—

1011 2743 1032 2776 3
