1721 2953
618 135 858 177 TIBULLI.
1277 148 1405 173 Lxmn

177 259 225 297 In
253 252 388 294 medio
429 251 606 293 carmine
638 249 726 291 dixi
754 250 965 304 propriam
996 247 1133 289 sedem
1163 261 1249 289 esse
1281 250 1405 287 uber-

64 333 156 373 tatis
180 329 459 380 Tibullianae3
489 327 555 368 hic
583 327 720 367 locum
752 340 871 366 suum
900 326 1024 365 habet
1054 325 1125 364 illa
1152 323 1321 375 insignis
1341 336 1407 361 re-

64 421 157 447 rum
186 404 382 451 varietas,
425 417 507 457 qua
538 402 683 441 Albius
715 402 815 441 alios
854 415 996 440 omnes
1035 408 1176 453 poetas
1213 397 1409 450 elegiacos

65 489 242 534 superat.
299 477 442 528 Qualis
470 479 595 529 igitur
623 478 723 518 haec
754 473 843 516 est?
901 476 1092 515 Profecto
1123 474 1156 514 si
1188 474 1277 514 talis
1307 479 1411 512 esset

64 559 236 599 varietas
268 557 488 596 affectuum
519 554 742 601 celebrata,
780 560 825 591 ut
862 559 955 604 post
992 565 1124 603 pauca
1160 550 1210 589 ab
1248 549 1328 588 alio
1359 546 1410 586 ad

67 632 176 673 aliud
205 640 450 685 properaret
479 645 641 683 semper
679 632 780 670 haec
813 628 961 680 elegia,
1002 640 1207 680 nusquam
1243 636 1409 664 morans

66 707 219 747 diutius
251 715 289 746 et
315 707 509 746 inhibens
541 720 725 755 cursum,
755 718 920 756 vagam,
949 703 1184 751 confusam,
1215 700 1411 740 intolera-

65 783 190 822 bilem
220 781 448 823 diceremus
485 796 626 822 omnes
656 780 896 821 huiusmodi
926 778 1286 831 compositionem:
1338 789 1412 828 op-

64 873 231 913 pressus
269 859 532 899 multitudine
571 859 804 899 indistincta
842 871 982 897 rerum
1017 856 1195 896 nescires
1226 851 1327 907 quid
1356 853 1413 890 le-

66 935 210 987 gisses,
249 934 348 989 quid
377 936 563 975 sentires.
628 935 851 975 Enimvero
886 934 965 973 tale
998 930 1098 985 quid
1128 932 1263 970 bonus
1293 937 1416 981 poeta

69 1011 319 1051 committere
358 1011 526 1065 nequit,
567 1009 639 1050 sed
671 1023 764 1051 cum
802 1009 934 1049 omnis
965 1007 1092 1058 elegia
1118 1005 1241 1047 latius
1271 1003 1415 1056 depin-

69 1100 163 1138 gere
195 1094 301 1126 amet
329 1099 396 1126 res
427 1093 467 1125 et
495 1098 638 1125 sensus
671 1098 775 1137 quos
804 1092 961 1134 tractat,
991 1083 1112 1122 etiam
1140 1081 1214 1120 ubi
1241 1081 1415 1120 celerior

70 1161 238 1201 affectus
272 1168 436 1211 regnat,
481 1159 727 1201 morandum
765 1174 876 1198 nunc
907 1159 974 1198 hic
1003 1171 1113 1197 nunc
1149 1157 1232 1196 illic
1262 1153 1414 1195 diutius

71 1245 151 1286 est,
181 1244 220 1275 et
248 1234 465 1288 ponendae
497 1234 811 1287 explicationes,
851 1232 1167 1284 descriptiones,
1202 1238 1249 1269 ut
1275 1228 1416 1280 imagi-

70 1327 142 1352 nes
181 1325 324 1351 rerum
363 1324 579 1363 expressae
620 1311 818 1349 exsistant
856 1304 1110 1363 (Gennffilde).
1184 1307 1319 1358 Atque
1361 1305 1417 1343 ita

69 1388 166 1427 fecit
194 1387 398 1437 Tibullus,
429 1389 532 1425 cuins
560 1388 732 1424 carmina
758 1386 869 1438 plena
899 1383 1195 1437 descriplz'onz'bus
1222 1381 1356 1421 talibus
1384 1389 1415 1418 et

71 1466 180 1516 quasi
209 1466 363 1516 picturis
400 1471 566 1502 constant
604 1463 805 1501 maioribus
842 1462 1108 1513 minoribusque
1150 1459 1282 1498 multis.
1350 1456 1415 1496 Sic

69 1553 108 1578 v.
140 1553 173 1578 e.
214 1538 259 1578 in
290 1538 418 1589 elegia
455 1539 486 1588 I,
520 1542 558 1578 3.
590 1538 718 1577 habes
751 1536 933 1590 primum
972 1534 1150 1588 depictas
1191 1533 1416 1572 anxietates

71 1615 289 1666 discessus,
321 1630 414 1655 cum
441 1615 486 1654 in
515 1616 670 1654 bellum
698 1614 778 1653 iret
805 1622 949 1666 pocta,
986 1622 1074 1651 tum
1102 1611 1252 1652 Isidem
1282 1611 1417 1650 colen-

71 1702 152 1732 tem
190 1693 379 1742 Deliam,
430 1705 531 1730 mox
572 1691 670 1742 legis
713 1689 1030 1741 descriptionem
1073 1701 1222 1726 aureae
1267 1687 1417 1733 aetatis,

73 1777 159 1806 tum
186 1766 316 1819 Elysii
353 1774 393 1804 et
426 1767 610 1814 Tartari,
657 1766 834 1817 denique
865 1765 1046 1816 puellam
1075 1762 1188 1802 vides
1219 1761 1329 1801 domi
1368 1761 1419 1799 ad

71 1844 282 1881 lucernam
313 1854 406 1880 cum
446 1839 601 1879 ancillis
635 1837 846 1879 sedentem
879 1837 1015 1877 subito
1053 1837 1216 1876 obriam
1255 1848 1418 1875 currere

72 1918 242 1958 intranti
263 1917 449 1956 amatori.
506 1915 718 1966 Proprius,
747 1914 870 1965 plane
899 1913 1094 1965 proprius
1124 1912 1191 1951 hic
1220 1925 1318 1951 usus
1348 1911 1417 1950 Ti*

73 1995 214 2033 bullo:
244 1994 401 2032 habent
423 1992 543 2031 etiam
566 1990 634 2029 alii
657 2004 799 2030 omnes
828 1989 994 2040 elegiaci
1011 1997 1157 2042 poetae
1183 1987 1419 2040 descriptio-

76 2083 168 2119 nes,
209 2077 255 2109 ut
292 2083 369 2121 par
399 2076 481 2118 est,
521 2067 591 2108 sed
621 2067 728 2106 hanc
756 2066 995 2107 varietatem
1026 2065 1346 2118 descriptionum
1376 2066 1419 2103 111

76 2144 220 2185 codem
257 2144 436 2185 carmine
476 2157 599 2183 nemo
639 2151 806 2196 praeter
837 2144 1063 2182 Tibullum.
1132 2143 1278 2182 Debeo
1311 2157 1435 2192 nnnc·

72 2224 268 2261 lectorem
296 2222 437 2274 paullo
467 2221 593 2272 magis
622 2219 884 2260 introducere
922 2220 964 2258 in
1004 2220 1076 2258 has
1108 2219 1265 2271 copias,
1308 2218 1416 2271 quod

74 2300 129 2339 ita
157 2298 304 2337 faciam
328 2305 375 2336 ut
399 2297 521 2336 simul
548 2297 655 2349 leges
682 2296 904 2346 ostendam,
935 2294 1160 2335 secundum
1185 2310 1286 2348 quas
1311 2310 1419 2334 com-

75 2375 297 2427 positiones
326 2376 473 2414 harum
504 2372 823 2426 descriptionum
852 2374 996 2412 sactae.
1056 2370 1171 2420 Quae
1199 2385 1265 2411 res
1297 2379 1336 2410 et
1370 2371 1419 2409 ad

76 2450 454 2502 interpretationem
484 2448 780 2489 accuratiorem
808 2447 1042 2498 utilissima,
1086 2461 1160 2487 nec
1195 2448 1292 2486 artis
1321 2460 1419 2498 poe-

80 2528 178 2566 ticae
209 2526 400 2566 studiosis
431 2524 744 2566 contemnenda.
813 2524 985 2566 Videbis
1017 2539 1114 2567 vero
1147 2520 1277 2577 ubique
1306 2532 1418 2564 tolum

75 2605 230 2654 positum
259 2602 303 2642 in
332 2602 557 2644 maioribus
588 2610 627 2643 et
658 2600 850 2643 minimis.
