1721 2953
262 144 360 169 xvul
819 128 894 167 DE
929 128 1062 169 VITA

262 248 333 301 qui
368 246 525 286 medius
568 245 674 284 iuter
707 252 914 285 matronas
955 254 992 286 et
1033 245 1133 286 viles
1176 246 1409 286 meretrices
1453 260 1617 286 morum

262 324 460 366 suavitate
497 331 537 362 et
569 321 736 362 vestitus
773 321 977 362 liberioris
1016 323 1214 374 elegantia
1247 323 1504 362 iuventutem
1533 321 1617 361 Ro-

264 415 426 440 manam
460 401 647 449 tenebat,
691 398 742 437 cf.
771 397 801 448 Ι,
841 401 879 448 6,
910 402 976 438 67.
1045 398 1104 437 Ac
1141 405 1256 450 pater
1292 405 1482 437 mortuus
1518 405 1617 445 erat,

263 487 394 518 mater
433 475 626 516 laudatur
665 475 904 529 aliquoties,
946 473 1029 516 vid.
1068 475 1100 525 I,
1133 479 1170 524 3,
1203 475 1269 514 84.
1309 473 1341 523 Ι,
1373 477 1411 521 6,
1442 476 1493 511 63
1528 486 1617 525 sqq.

263 555 360 592 Erat
393 553 566 592 honesta
594 550 747 591 familia
776 558 815 590 et
843 563 927 591 non
958 564 1097 602 egena,
1127 563 1233 604 quae
1263 549 1430 589 ancillas
1461 548 1617 601 aliquot

262 631 434 669 haberet
463 626 510 681 (Ι,
546 633 584 677 3,
619 626 725 681 871),
756 635 796 666 et
827 630 1017 668 servabat
1043 627 1229 667 illaesam
1261 625 1502 680 pudicitiam
1530 624 1616 663 De-

261 705 340 754 lia,
368 712 415 744 ut
449 702 633 752 videtur,
673 717 765 742 cum
796 703 978 755 primum
1008 703 1166 742 Tibulli
1195 716 1378 742 amorem
1408 702 1615 749 excitaret,

263 780 335 833 qui
362 781 406 819 in
435 780 745 820 matrinnonium
774 779 940 833 quidem
974 779 1124 819 ducere
1155 793 1246 819 eam
1282 793 1368 819 non
1402 778 1615 829 cogitabat,

261 864 308 895 ut
335 871 553 910 perperam
584 857 717 897 visum
759 856 970 910 Spohnio,
1010 865 1050 896 at
1087 871 1166 909 pro
1204 870 1338 897 uxore
1372 870 1510 896 secum
1542 855 1616 894 ha-

261 934 359 972 bere
392 934 555 973 volebat
599 941 638 972 ct
678 942 814 972 tenere
858 932 909 972 ad
951 941 1152 983 mortem,
1196 934 1231 972 si
1269 933 1350 973 fida
1390 933 1616 972 mansisset.

262 1007 384 1057 Quod
414 1022 499 1048 non
532 1009 640 1048 fecit.
706 1009 813 1048 Nam
853 1009 1066 1058 Tibullus,
1106 1009 1179 1063 qui
1209 1008 1317 1049 civili
1349 1009 1459 1048 bello
1488 1009 1615 1047 inter-

261 1098 348 1124 esse
378 1086 580 1133 noluerat,
609 1085 750 1136 paullo
780 1094 874 1137 post
902 1085 1053 1124 iterum
1080 1085 1276 1125 invitatus
1305 1099 1328 1123 a
1356 1085 1534 1123 Messala
1563 1083 1615 1122 ad

258 1161 551 1218 Aquitanicum
580 1163 746 1211 bellum,
776 1176 925 1213 negare
955 1161 1171 1211 dubitavit,
1201 1170 1240 1201 et
1267 1162 1344 1200 sub
1370 1161 1495 1201 finem
1519 1174 1614 1199 ann.

261 1244 356 1278 723.
391 1253 482 1278 cum
511 1240 590 1277 hoc
619 1239 709 1278 viro
743 1240 784 1277 in
818 1237 993 1278 Galliam
1020 1240 1231 1291 profectus
1262 1246 1342 1289 est,
1381 1252 1504 1292 quem
1532 1237 1613 1277 dis-

262 1330 419 1356 cessum
449 1314 640 1355 describit
670 1316 700 1364 Ι,
733 1319 756 1354 3
790 1319 813 1354 9
846 1329 935 1368 sqq.
1007 1316 1234 1354 Debellatis
1264 1315 1505 1367 Aquitanis,
1548 1314 1613 1353 eui

260 1392 320 1431 rei
352 1392 585 1431 interfuisse
613 1404 655 1430 se
686 1398 808 1442 poeta
837 1391 868 1439 Ι,
894 1396 931 1438 7,
963 1394 1000 1431 9.
1027 1391 1246 1441 gloriatur,
1274 1391 1452 1430 Messala
1481 1391 1612 1430 conti-

260 1482 344 1508 nuo
384 1467 435 1507 ad
481 1465 693 1507 Orientem
736 1465 1069 1518 componendum
1108 1467 1158 1505 ab
1202 1466 1388 1517 Augusto
1427 1474 1611 1514 vocatur,

259 1545 447 1583 Tibullus
492 1544 730 1591 comitatur,
774 1541 843 1582 sed
884 1542 926 1580 in
969 1541 1150 1594 Corcyra
1187 1543 1335 1581 morbo
1380 1541 1612 1592 corripitur.

259 1621 435 1659 'Messala
472 1620 683 1659 continuat
712 1619 811 1666 iter,
842 1626 882 1656 et
915 1617 1120 1665 Ciliciam,
1161 1616 1344 1669 Syriam,
1379 1617 1611 1668 Aegyptum

259 1696 491 1748 componit,
535 1694 584 1733 de
616 1708 699 1747 quo
729 1692 839 1746 apud
869 1694 1081 1732 Tibullum
1111 1693 1142 1741 I,
1171 1699 1207 1740 7,
1242 1696 1292 1731 13
1321 1706 1412 1746 sqq.
1446 1691 1612 1745 dicitur3

258 1780 380 1823 poeta
418 1783 630 1808 remanere
670 1777 833 1808 coactus
877 1768 1016 1807 scribit
1054 1782 1177 1807 carm.
1213 1768 1245 1817 I,
1278 1773 1317 1808 3.
1361 1769 1438 1807 sub
1469 1777 1612 1809 auctu-

258 1861 399 1885 mnum
431 1860 527 1884 ann.
559 1846 653 1883 724.
713 1846 763 1882 cf.
796 1843 953 1882 Introd.
986 1843 1037 1883 ad
1070 1844 1251 1894 elegiam,
1276 1853 1314 1883 et
1341 1844 1454 1884 haud
1488 1844 1611 1886 dubie

259 1936 345 1962 non
378 1922 508 1960 multo
543 1928 638 1971 post
675 1919 763 1970 ipse
798 1913 919 1957 etiam
949 1917 1054 1957 redit
1082 1917 1272 1957 Romam.
1339 1919 1417 1958 Hic
1452 1920 1612 1961 invenit

257 1996 422 2036 Deliam
453 2002 731 2046 aegrotantem
762 1994 924 2045 opinor,
954 1992 1033 2032 nisi
1057 1994 1199 2046 paullo
1229 2003 1323 2046 post
1350 1995 1393 2033 in
1417 1997 1609 2037 morbum

258 2072 419 2121 incidit,
464 2080 503 2111 et
540 2079 629 2110 tum
664 2071 865 2123 praestitit
904 2070 1038 2110 officia
1082 2070 1285 2123 descripta
1324 2071 1356 2119 Ι,
1391 2074 1429 2120 5,
1463 2077 1485 2111 9
1518 2086 1609 2126 sqq.

260 2147 310 2187 ad
331 2149 480 2186 lectum
503 2147 589 2186 eius
615 2147 702 2199 ipsa
726 2147 872 2186 hieme.
930 2145 1210 2198 Exposuimus
1235 2147 1278 2185 in
1301 2145 1609 2187 Introductione

261 2223 312 2262 acl
344 2222 445 2262 illud
477 2237 638 2262 carmen
674 2222 722 2262 ‹le
753 2224 832 2263 alio
866 2232 1050 2276 tempore
1085 2223 1252 2275 cogitari
1281 2221 1495 2263 commode
1525 2237 1609 2263 non

259 2314 391 2353 posse.
461 2298 818 2349 Quemadmodum
848 2310 984 2340 autem
1019 2315 1144 2354 supra
1172 2303 1215 2341 in
1245 2302 1377 2354 prima
1403 2302 1501 2341 libri
1527 2302 1609 2340 ele-

261 2378 324 2427 gia
353 2374 532 2415 vidimus
562 2385 655 2428 post
685 2378 869 2417 confecta
891 2376 1093 2430 stipendia
1115 2377 1320 2432 equestria
1345 2377 1396 2417 ad
1416 2377 1608 2416 rusticam

260 2453 386 2491 vitam
409 2452 680 2491 transiturum
706 2461 883 2504 poetam,
912 2454 969 2492 sic
999 2467 1109 2492 nuuc
1138 2461 1234 2506 post
1255 2451 1436 2492 reditum
1462 2466 1512 2491 ex
1541 2466 1607 2491 re-

261 2529 501 2568 centissimis
536 2529 728 2581 periculis
759 2531 907 2570 fortius
939 2532 1114 2582 resurgit
1143 2531 1253 2570 ruris
1284 2543 1412 2570 amor.
1480 2531 1608 2570 Vole-

260 2608 329 2645 bat
368 2607 490 2658 igitur
524 2606 685 2646 taudem
720 2608 850 2648 missis
889 2609 1106 2648 itineribus
1147 2607 1301 2648 bellicis
1346 2606 1395 2645 ad
1436 2607 1605 2645 inertem
