1721 2953
251 100 333 135 202
570 91 813 135 COMRLEN
818 94 852 134 T
854 93 942 136 AR.
971 93 1029 136 IN
1063 93 1289 136 TIBULLI

252 221 392 244 ,sacrum
427 208 578 239 vetustis
612 211 779 238 exstruat
804 205 912 253 lignis
939 206 1067 253 focum
1096 206 1185 241 lassi
1209 206 1276 242 sub
1305 208 1497 242 adventum
1524 213 1601 251 viri,

251 275 407 309 laudante
433 271 585 306 Hermo
611 281 688 305 cum
712 272 864 306 Vumo.
915 273 1020 307 Addit
1039 272 1249 308 Huscmuus
1267 274 1409 309 Homer.
1433 275 1602 318 Il.XXll‚

250 343 329 374 442.
363 357 408 363 —-
459 338 503 372 V.
534 339 591 371 43.
641 337 717 370 Sic
751 347 835 380 ego
869 338 960 374 sim.
1017 339 1123 374 vides
1158 341 1289 375 Deliam
1323 353 1342 375 a
1378 346 1481 387 poeta
1516 353 1602 376 nou—

249 408 327 440 dum
354 406 468 438 visam.
519 404 624 448 Cupit
658 403 766 437 redux
801 414 820 437 e
854 404 944 439 bello
982 416 1126 440 uxorem
1159 407 1306 450 ducere,
1344 418 1421 442 cum
1456 418 1497 441 ea
1532 409 1601 441 ruri

251 474 363 506 vivere
389 476 424 505 et
461 472 557 516 prole
590 475 707 515 parata
743 481 992 506 consenescere
1024 473 1182 507 feliciter.
1207 492 1254 499 —
1292 475 1434 508 liceat
1467 480 1602 519 caput

249 537 526 572 candescere
560 537 707 578 canis,
757 537 861 570 liceat
894 539 1073 582 pervenire
1110 539 1154 572 ad
1189 544 1414 574 senectutem.
1473 542 1602 575 Similis

249 606 375 639 locutio
402 608 454 638 est
475 605 664 638 Paorssn'r.
689 604 734 645 11,
763 606 817 646 18,
842 607 885 638 5:
920 605 1018 637 canis
1045 607 1248 639 candescere
1273 606 1389 642 annis.
1414 626 1460 632 —
1495 607 1601 641 Dem—

248 682 314 715 que
339 671 382 705 ad
407 682 439 706 v.
465 673 523 705 44.
549 671 666 705 confer
689 671 779 705 dicta
803 671 846 705 ad
870 672 933 714 ΙΙΙ,
957 675 992 714 5,
1015 676 1076 707 26.

342 740 383 773 V.
409 738 538 773 45-ad
562 740 674 772 finem.
723 740 898 775 Exitus.
947 741 1066 774 Laus
1100 740 1242 774 Pacis.

341 805 506 838 Conferre
531 805 657 838 iuvabit
678 805 921 848 Fragmentum
942 807 1104 840 eximium
1123 807 1378 840 Baccnsmms
1402 816 1444 840 ex
1471 815 1601 850 paeane

246 883 301 916 ap.
323 871 422 905 Stob.
442 871 520 904 vide
537 871 705 905 Ramex.
725 873 876 905 Analect.
895 872 937 905 Τ.
955 872 983 914 1,
1002 884 1035 916 p.
1054 875 1133 906 150.
1158 872 1269 906 Nuvn
1286 873 1423 914 Fragm.
1439 870 1601 914 Bacchyl.

246 953 279 984 p.
307 942 365 973 19.
414 938 513 973 Adde
547 942 727 983 praeterea
759 940 868 973 Ovio.
899 939 993 973 Fast.
1019 939 1046 981 Ι,
1071 941 1140 973 697
1166 950 1239 982 sqq.
1266 940 1326 981 IV,
1351 941 1432 973 407.
1457 941 1540 972 408.
1566 942 1600 971 et

246 1008 315 1039 726
340 1017 414 1049 sqq.
461 1004 622 1038 Tibullus
647 1015 734 1047 quae
759 1004 860 1046 dicit,
894 1003 991 1038 liuius
1018 1005 1175 1037 carminis
1200 1005 1323 1038 rationi
1347 1003 1602 1037 accommodata

246 1076 326 1105 sunt
359 1071 497 1115 optime,
545 1071 733 1113 Postquam
768 1070 856 1102 enim
889 1070 922 1102 in
956 1069 1239 1102 antecedentibus
1265 1069 1445 1103 transierat
1476 1080 1496 1102 a
1521 1069 1601 1102 belli

244 1139 472 1172 detestatione
497 1137 539 1170 ad
563 1138 709 1170 rusticae
734 1137 823 1170 vitae
849 1136 1046 1170 felicitatem
1074 1135 1355 1180 praedicandam,
1391 1145 1480 1168 nune
1505 1137 1601 1178 quasi

244 1215 404 1237 coronam
433 1204 616 1247 imponens
649 1201 727 1236 huic
761 1201 998 1245 descriptioni,
1034 1202 1136 1235 Pacis
1169 1201 1269 1235 laude
1301 1211 1437 1235 carmen
1460 1201 1601 1235 claudit.

243 1270 318 1303 Pax
339 1273 402 1309 est,
426 1268 546 1310 inquit,
570 1269 625 1301 cui
648 1268 737 1300 vitae
760 1268 906 1300 rusticae
927 1255 1049 1311 copiae
1073 1271 1107 1300 et
1127 1267 1252 1310 gaudia
1276 1267 1453 1301 debentur.
1502 1267 1601 1300 Haec

242 1335 429 1368 arationem
455 1334 571 1367 docuit
596 1338 630 1367 et
656 1335 773 1367 vitium
799 1336 990 1376 culturam3
1025 1335 1058 1367 in
1091 1345 1176 1378 pace
1208 1334 1371 1367 festorum
1395 1334 1599 1368 rusticorum

242 1403 336 1444 viget
371 1401 521 1434 hilaritas
554 1405 590 1434 et
623 1394 767 1435 Veneris
804 1401 893 1433 bella
927 1401 1049 1435 calent.
1107 1401 1146 1434 In
1176 1412 1243 1444 quo
1268 1402 1468 1436 suavissime
1494 1403 1595 1435 etiam

243 1468 386 1502 Veneris
419 1467 508 1500 bella
542 1471 730 1508 memorat,
770 1467 1020 1510 oppositionem
1047 1468 1255 1511 praeclaram
1289 1469 1421 1502 bellicis
1456 1470 1595 1513 proeliis

240 1534 416 1568 exhibens.
465 1533 575 1566 Simul
607 1537 722 1566 autem
752 1533 832 1567 inde
868 1534 957 1567 viam
991 1534 1054 1566 sibi
1091 1538 1189 1577 parat
1222 1535 1265 1567 ad
1293 1536 1428 1569 tertiam
1454 1540 1490 1569 et
1513 1537 1593 1570 ulti-

239 1610 329 1634 mam
355 1599 616 1633 detestationem
643 1597 785 1639 Martis,
820 1608 908 1640 quae
941 1607 1018 1631 cum
1055 1609 1117 1641 per
1150 1609 1268 1632 omnes
1294 1604 1408 1643 partes
1440 1602 1597 1635 carminis

239 1667 353 1701 redire
385 1665 511 1699 debeat
544 1664 731 1698 secundum
766 1665 879 1708 legem
917 1665 1176 1709 compositionis
1212 1666 1440 1710 explicatam,
1477 1666 1596 1701 debuit

238 1743 314 1766 esse
348 1731 541 1765 huiusmodi
575 1730 657 1774 quid
690 1732 792 1765 etiam
817 1731 852 1765 iu
878 1732 985 1766 exitu.
1041 1733 1186 1767 Veneris
1215 1732 1304 1767 bella
1337 1734 1500 1776 rixaeque
1525 1745 1595 1768 non

240 1810 320 1833 vere
344 1802 536 1843 repugnant
557 1799 663 1841 Paci,
687 1799 747 1832 sed
774 1799 957 1833 iucundam
980 1800 1203 1833 variationem
1230 1800 1378 1834 inferunt
1400 1802 1591 1845 tranquilli-

239 1865 301 1899 tati
333 1865 424 1899 vitae
449 1863 689 1907 quotidianae,
729 1868 765 1897 at
788 1864 918 1898 ferocia
945 1865 1071 1899 Martia
1095 1870 1264 1910 repugnat
1290 1870 1324 1899 et
1350 1877 1429 1900 vere
1455 1871 1592 1902 contra-

239 1931 288 1963 ria
323 1934 377 1963 est
411 1931 506 1964 Paci.
555 1930 655 1965 Hanc
693 1931 800 1974 igitur
836 1932 987 1967 damnat.
1046 1933 1118 1966 Sed
1152 1943 1240 1966 nunc
1275 1933 1411 1976 quidem
1446 1935 1594 1969 breviter

237 1997 400 2039 loquitur,
426 1999 464 2029 ut
488 2006 550 2040 pai·
575 2000 638 2030 est.
688 1997 778 2030 Tum
803 1997 891 2031 redit
916 1997 960 2031 ad
985 1999 1236 2032 invocationem
1260 1999 1361 2033 Pacis
1386 2003 1422 2033 et
1445 1999 1591 2035 absolvit

238 2073 388 2096 carmen.
438 2062 623 2097 Videamus
648 2072 738 2095 nunc
763 2063 907 2105 singula.
934 2081 979 2088 —

335 2128 376 2163 V.
400 2131 445 2162 45
471 2139 546 2172 sqq.
594 2129 798 2180 Interea,
835 2130 914 2163 dum
941 2131 989 2163 ita
1013 2140 1112 2173 agam
1145 2131 1249 2164 vitam
1276 2130 1450 2164 rusticam.
1497 2129 1593 2165 Male

238 2195 409 2228 Vossms:
432 2193 512 2227 dum
527 2194 650 2228 absens
665 2204 724 2228 ero
741 2195 773 2228 in
790 2194 892 2229 bello.
909 2212 955 2220 —
976 2206 991 2228 s
1003 2196 1055 2228 ub
1074 2196 1178 2239 iuga
1197 2196 1350 2240 panda.
1375 2196 1589 2231 Adiectivum

236 2260 371 2294 Ovmro
398 2261 543 2293 maxime
568 2260 602 2293 in
628 2260 759 2293 deliciis
793 2271 868 2294 esse
894 2261 1044 2294 ostendit
1077 2261 1254 2295 Hssmsms
1286 2263 1330 2296 ad
1363 2264 1438 2297 Art.
1460 2264 1536 2296 Am.
1562 2264 1589 2304 Ι,

235 2329 317 2359 318.
367 2328 504 2362 Curva,
539 2326 631 2369 quod
661 2336 722 2370 pro
750 2336 791 2359 eo
818 2327 850 2359 in
875 2327 952 2359 aliis
978 2331 1052 2368 est,
1089 2338 1177 2361 nunc
1205 2338 1249 2361 ex
1276 2327 1509 2361 emendatione
1536 2329 1587 2360 vi-

235 2395 307 2427 deri
335 2399 447 2438 potest
472 2399 598 2429 natum.
649 2395 812 2428 Ceterum
839 2405 906 2428 non
932 2395 1079 2428 otiosum
1108 2399 1160 2428 est
1184 2394 1378 2439 epitheton:
1423 2394 1499 2427 Pax
1524 2394 1587 2427 do-

234 2460 318 2493 muit
354 2461 478 2503 boves,
516 2463 585 2504 ait,
623 2462 666 2495 ad
703 2462 902 2496 arationem.
963 2465 1078 2506 Atque
1113 2463 1196 2496 llaec
1234 2461 1403 2495 sententia
1439 2461 1588 2495 ostendit

236 2535 337 2569 porro
373 2528 473 2560 etiam
509 2533 723 2562 araturos
758 2530 878 2562 melius
913 2540 1114 2573 essequam
1141 2535 1312 2562 aratores.
1338 2545 1385 2554 —
1423 2539 1586 2562 succos

234 2591 444 2626 condidit
481 2604 502 2626 11
516 2605 612 2636 vae,
651 2597 767 2631 docuit
802 2606 968 2641 reponere
1004 2602 1037 2630 et
1071 2605 1205 2629 servare
1231 2596 1263 2628 in
1291 2594 1383 2629 cadis
1409 2599 1442 2629 et
1467 2595 1585 2636 testis;
