1721 2953
427 129 600 170 ·LIBR.
632 129 666 169 1.
723 127 884 170 ELEG.
918 130 993 171 IX.
1328 134 1406 170 185

56 247 121 292 ipsi
149 256 170 280 a
194 243 341 280 fallendo
361 242 567 286 abhorrent,
592 243 694 277 etiam
720 241 850 275 creduli
878 246 966 276 sunt.
986 261 1030 269 —
1069 244 1112 279 V.
1135 245 1192 277 39.
1217 244 1274 276 40.
1312 242 1410 287 Quid

49 313 214 359 faceres,
243 313 301 355 qui
326 310 534 352 defendunt,
558 311 608 343 sic
633 309 920 352 interpretantur:
960 309 1045 343 Cum
1072 311 1145 353 ipse
1169 319 1285 342 amans
1311 309 1410 352 puel-

57 383 123 414 lam
157 381 206 414 sic
237 378 398 413 fefelleris
432 378 554 420 fidem,
591 376 672 420 quid
701 376 832 409 faceres
865 375 893 408 si
928 386 995 409 non
1029 387 1162 410 amares
1187 387 1250 409 uec
1274 379 1409 410 metue-

57 456 113 479 res
148 446 238 479 idem
269 455 290 478 a
327 445 450 488 puella.
499 444 632 486 Audio,
671 442 733 476 sed
765 452 833 475 non
868 444 976 486 capio.
1027 444 1119 479 Quid
1155 445 1244 477 enim
1281 443 1411 477 faceret

56 513 200 555 amplius
231 521 331 553 quam
357 511 467 544 fecit?
515 510 775 544 Sanctissimum
809 509 1040 542 iusiurandum
1071 511 1174 543 etiam
1201 511 1283 542 fletu
1309 508 1410 549 lacri-->

55 579 187 621 misque
215 578 383 611 firmatum
410 578 568 618 violavit3
609 577 689 620 quid
715 577 821 619 igitur
846 579 963 619 posset
996 577 1029 608 in
1065 575 1114 608 his
1141 575 1243 608 rebus
1275 575 1411 617 gravius

55 643 296 678 committere?
362 642 504 675 Accedit
545 641 636 684 quod
678 651 745 674 non
783 641 943 676 convenit
989 640 1191 683 pentametri
1231 639 1410 680 sententia,

56 719 143 752 quae
178 709 323 742 diversa.
372 709 558 742 Praeterea
591 708 682 741 aliud
716 707 816 741 addo.
867 707 953 740 Cum
987 706 1029 739 ad
1064 708 1129 739 alia
1164 710 1326 739 venturus
1355 706 1413 747 sit,

54 774 181 817 requiri
207 774 340 806 videtur
365 773 515 807 clausula
549 772 716 816 quaedam
747 771 1033 805 antecedentium.
1097 771 1152 804 Sit
1189 775 1302 804 autem
1333 773 1412 814 post

57 839 143 871 tanti
180 839 319 882 periurii
354 838 617 881 descriptionem
652 836 734 870 nihii
766 838 879 880 aptius
913 847 1014 879 quam
1049 837 1252 870 exclamatio
1288 840 1412 880 poetae

54 906 139 938 iram
167 907 371 950 exprimens.
421 905 487 938 Est
520 905 625 947 igitur
658 908 717 938 aut
751 904 839 950 quid
870 903 1025 946 facerem
1061 908 1120 936 aut
1156 902 1242 949 qnid
1269 902 1413 948 faciam

55 972 258 1015 legendum,
289 983 431 1015 quarum
457 972 640 1005 lectionum
667 969 750 1004 haec
775 970 977 1012 exquisitior
1002 969 1146 1002 videtur.
1199 968 1317 1004 Quid
1352 967 1411 1001 fa-

56 1041 166 1073 ciam
194 1044 246 1072 est
279 1050 423 1083 poenam
457 1039 619 1081 agitantis
655 1042 732 1082 post
759 1041 885 1070 tantam
912 1037 1086 1077 iniuriam3
1122 1037 1227 1078 igitur
1252 1035 1413 1079 abreptus

57 1106 107 1139 ira
141 1117 259 1140 revera
294 1106 479 1139 meditatur
515 1115 637 1148 graves
671 1104 782 1146 diras,
822 1103 945 1136 deinde
985 1114 1066 1136 vero
1104 1103 1305 1136 subiiciens:
1345 1099 1415 1135 nisi

56 1183 205 1209 amares,
231 1172 428 1206 recordatur
453 1171 574 1204 adesse
597 1171 688 1214 quod
713 1171 870 1204 retineat.
922 1171 973 1204 Ac
998 1170 1026 1203 si
1051 1170 1179 1203 dicam:
1207 1172 1284 1205 Qua
1304 1180 1414 1214 poena

55 1239 178 1283 dignus
204 1251 261 1282 es,
297 1241 361 1274 nisi
388 1240 450 1273 tibi
474 1240 541 1273 alia
572 1239 614 1272 de
641 1249 743 1272 causa
768 1237 978 1282 parcendum
1008 1239 1118 1271 esset!
1157 1238 1233 1280 quis
1259 1237 1333 1271 iure
1358 1247 1414 1270 re-

57 1305 244 1349 prehendat
281 1305 368 1338 hanc
408 1306 727 1338 constructionem?
785 1305 856 1338 lam
895 1304 1029 1348 pergit:
1071 1304 1144 1337 Sed
1181 1315 1269 1337 mmo
1310 1315 1414 1338 unum

55 1374 148 1404 certe
175 1381 317 1414 precor,
351 1374 389 1404 ut
415 1371 557 1404 eandem
584 1382 603 1403 a
629 1372 744 1414 puella
769 1370 946 1415 perfidiam
972 1370 1174 1413 experiaris,
1225 1371 1340 1412 Atque
1366 1372 1414 1404 ita

53 1437 190 1471 defendi
215 1437 294 1471 mihi
319 1448 420 1482 posse
445 1437 580 1471 videtur
605 1437 708 1470 lectio
730 1448 750 1469 a
774 1437 1008 1470 LACHMANNO
1035 1439 1194 1479 recepta3
1221 1435 1263 1469 de
1287 1437 1413 1469 altera:

55 1502 142 1547 quid
158 1502 339 1547 facerem,
373 1501 444 1535 nisi
468 1501 572 1547 fores
607 1501 644 1535 in
669 1513 806 1538 amore,
842 1513 909 1535 non
935 1506 989 1535 est
1014 1501 1104 1544 quod
1131 1501 1303 1544 dicamus,
1338 1513 1414 1536 cum

55 1579 116 1612 per
142 1579 179 1601 se
213 1570 305 1602 clara
338 1569 393 1602 sit·
421 1585 466 1592 -—
505 1569 548 1602 V.
573 1570 718 1610 42'sqq.
768 1567 868 1600 Nova
897 1578 977 1611 pars
1003 1567 1263 1609 obiurgationis.
1313 1568 1416 1611 lpse

54 1646 202 1669 comes
229 1635 396 1668 lumina
423 1635 532 1676 tuli,
563 1635 651 1667 servi
677 1633 863 1666 ministerio
889 1637 1076 1676 suscepto,
1107 1643 1185 1666 cum
1209 1636 1247 1666 tu
1273 1633 1415 1666 amicam

54 1705 157 1734 noctu
191 1710 209 1732 e
244 1700 397 1732 convivio
433 1698 568 1731 domum
603 1698 757 1731 duceres.
785 1716 829 1721 ι-
867 1698 994 1730 venit
1030 1697 1128 1731 tibi.
1180 1698 1231 1731 De
1258 1699 1371 1742 puella
1396 1709 1416 1732 e

54 1766 212 1799 cubiculo
244 1764 378 1797 obviam
414 1764 570 1796 veniente
602 1763 765 1804 amatori,
804 1763 846 1796 cf.
873 1763 915 1795 ad
942 1763 969 1804 Ι,
996 1766 1028 1804 6,
1062 1765 1120 1797 59.
1155 1767 1190 1796 et
1223 1763 1266 1803 ΙΙ,
1295 1766 1326 1805 1,
1353 1767 1411 1797 76.

53 1833 267 1866 Huscnmcs
295 1831 382 1864 bene
408 1834 584 1874 comparat
608 1830 786 1862 TRABEAE
823 1830 936 1862 locum
963 1840 1017 1872 ap.
1045 1829 1159 1862 Cicer.
1187 1829 1327 1862 Tuscul.
1354 1830 1416 1872 IV,

53 1901 120 1932 31:
157 1900 255 1929 Lena
281 1895 430 1928 delinita
455 1900 605 1940 argento
629 1900 758 1926 nutum
783 1891 983 1926 observabit
1009 1905 1141 1929 meam,
1179 1893 1276 1938 Quid
1301 1893 1417 1931 velim,

54 1964 142 2011 quid
175 1963 358 1997 studeam:
396 1961 583 1994 adveniens
620 1960 732 2006 digito
766 1959 944 2004 impellam
976 1960 1143 1992 ianuam.-
1179 1961 1287 1993 Fores
1309 1967 1415 2004 pate-

54 2030 142 2064 bunt
169 2030 209 2062 (le
234 2028 441 2074 improviso,
484 2027 628 2072 Chrysis
663 2025 723 2059 ubi
757 2039 807 2058 me
843 2026 1068 2070 adspexerit,
1106 2025 1252 2059 Alacris
1279 2025 1416 2058 obsiczm

53 2095 137 2128 milti
161 2095 272 2128 veniet
297 2093 513 2138 complexum
539 2098 712 2136 exoptans
737 2104 860 2127 meum,
884 2091 979 2124 Milli
1004 2103 1039 2123 se
1064 2091 1176 2125 dedet.
1211 2091 1258 2125 Et
1276 2093 1415 2128 PLAUT.

54 2161 190 2194 Curcul.
215 2161 243 2202 J,
269 2163 303 2202 2,
328 2162 386 2192 51.
422 2159 480 2192 ubi
506 2157 741 2192 Phaedromus
767 2158 809 2191 ad
837 2157 927 2192 fores
954 2157 1160 2192 Phanesium
1188 2163 1413 2203 exspectans:

54 2225 115 2272 qui
148 2238 198 2257 me
233 2225 270 2257 in
304 2231 402 2257 terra
437 2236 546 2270 (teclae
578 2224 803 2270 fortunatus
837 2224 925 2262 erit,
969 2224 1105 2274 si‘illcz
1141 2224 1190 2256 ad
1221 2237 1272 2257 me
1315 2225 1414 2263 bitet,

52 2293 236 2327 Palinure.
287 2293 408 2325 Clarus
442 2293 547 2335 igitur
580 2303 700 2325 sensus
736 2303 767 2326 v·
795 2291 913 2325 venire
948 2292 981 2324 in
1017 2292 1152 2325 talibus.
1180 2310 1224 2316 ——-
1262 2292 1413 2336 inspe-

55 2361 174 2393 ranti
210 2360 308 2393 tibi.
360 2359 485 2392 Stabas
518 2363 596 2392 ante
623 2359 735 2400 sores,
760 2360 919 2401 querelas
944 2359 1131 2401 sumebas,
1158 2370 1271 2402 neque
1300 2364 1414 2393 tamen

53 2432 208 2470 apertum
245 2427 284 2460 iri
319 2426 455 2460 domum
491 2427 674 2470 sperabas,
713 2437 794 2459 ecce
833 2427 947 2470 puella
984 2426 1075 2459 intus
1111 2427 1176 2458 iam
1212 2425 1341 2458 aderat.
1367 2444 1413 2450 -

54 2501 233 2525 munere
267 2497 448 2532 nostro,
474 2502 577 2535 opera
604 2501 678 2524 mea
705 2496 740 2524 et
766 2491 953 2532 beneficio,
988 2491 1152 2525 obsecuta
1179 2491 1291 2524 verbis
1318 2493 1413 2532 meis,

55 2556 112 2597 qui
147 2557 214 2589 alio
248 2561 403 2600 tempore
442 2567 642 2600 rogaveram
678 2567 753 2589 eam
786 2561 822 2590 ut
849 2561 882 2590 te
907 2557 1114 2592 admitteret.
1166 2558 1216 2591 De
1241 2558 1411 2600 significa-

55 2624 146 2656 tione
174 2623 216 2657 cs.
248 2623 390 2657 Hortum
418 2624 477 2665 lv,
507 2628 539 2666 3,
566 2626 625 2658 21.
670 2624 777 2658 Ovm.
804 2625 888 2658 Met.
917 2624 991 2667 ΠΙ,
1018 2627 1074 2657 93.
1116 2624 1253 2658 VALnR.
1279 2623 1409 2656 chc.
