1721 2953
244 111 365 136 cxxtv
780 95 854 133 DE
888 91 1048 136 POESI
1594 88 1600 106 ยน

242 224 389 262 genere
413 208 577 248 laudem
603 220 719 247 suam
742 207 878 247 habet.
935 206 1042 247 Vide
1067 221 1105 248 v.
1123 221 1155 247 c.
1176 208 1434 260 praeclarum
1457 208 1593 247 locum

243 290 280 335 l,
313 292 360 336 5,
393 288 444 325 49
476 298 588 338 sqq.:

353 360 605 411 Sanguineas
640 355 732 396 edat
764 356 835 396 illa
865 355 1013 410 dapes,
1052 365 1173 410 atque
1207 370 1278 396 ore
1312 365 1482 398 cruento

408 434 561 474 Tristia
594 446 688 472 cum
720 433 852 472 multo
885 433 1037 485 pocula
1065 433 1159 472 felle
1191 433 1329 473 bibat:

353 511 469 549 Hauc
500 508 676 549 volitent
707 508 866 547 animae
897 509 1051 548 circum
1085 522 1160 547 sua
1192 508 1274 548 fata
1305 515 1523 561 querentes

407 586 599 639 Semper,
642 593 680 624 et
715 599 735 623 e
768 585 881 624 tectis
915 585 1018 624 strix
1047 584 1229 625 violenta
1264 592 1409 625 canat.-

357 667 450 717 Ipsa
480 664 587 703 same
622 663 860 701 stimulante
890 661 1032 701 furens
1061 662 1294 714 herbasque
1328 659 1524 712 sepulcris

407 741 610 791 Quaerat,
654 749 693 779 et
725 755 747 779 a
777 740 908 780 saevis
941 753 1034 780 ossa
1064 739 1207 778 relicta
1236 738 1372 791 lupis,

356 819 507 857 Currat
537 825 576 857 et
605 818 842 868 inguinibus
872 816 1016 867 nudis,
1055 817 1270 869 ululetque
1301 828 1377 867 per
1408 814 1552 861 urbes,

407 894 507 932 Post
538 900 627 943 agat
659 905 680 930 e
711 891 842 932 triviis
874 906 1019 944 aspera
1047 891 1170 930 turba
1205 904 1368 930 canum.

242 987 345 1036 Quis
376 987 418 1026 in
448 988 519 1026 tali
551 988 699 1026 affeetu
734 1001 820 1027 non
857 987 997 1026 laudat
1033 985 1228 1026 breviora
1258 984 1444 1022 membra
1474 993 1595 1021 usur-

242 1071 356 1113 pata,
389 1062 480 1115 quis
509 1062 737 1114 praeferret
767 1069 962 1114 quattuor
990 1059 1183 1112 periodos
1209 1060 1386 1098 maiores
1412 1071 1489 1110 pro
1515 1058 1594 1096 hoc

240 1138 379 1177 xixido
407 1151 529 1176 cursu
555 1133 784 1176 orationis?
842 1136 1070 1175 Veniamus
1092 1136 1215 1187 igitur
1236 1148 1304 1185 eo,
1333 1146 1416 1187 quo
1438 1130 1594 1171 dudum

243 1213 372 1253 tendit
401 1214 501 1252 haec
534 1212 779 1252 dissertatio.

324 1311 487 1349 Etenim
528 1311 654 1348 altera
695 1307 801 1346 ratio
841 1305 1148 1357 compositionis
1186 1306 1285 1343 haec
1327 1311 1406 1352 est,
1451 1310 1495 1340 ut
1533 1300 1594 1339 di-

240 1385 386 1424 stincta
430 1386 613 1424 membra
658 1383 808 1422 habeat
854 1379 1057 1419 distichon
1103 1380 1200 1418 alias
1246 1379 1363 1417 aliter
1406 1378 1593 1424 formata,

241 1469 362 1513 atque
406 1463 543 1500 onmia
587 1474 736 1511 genera
780 1458 979 1509 simplicia
1019 1456 1286 1509 periodorum
1331 1455 1397 1492 hie
1441 1451 1592 1500 videas,

242 1537 505 1588 copulativas,
528 1535 804 1585 disiunctivas,
828 1533 1100 1575 adversativas
1120 1531 1449 1584 compositiones,
1469 1542 1595 1581 porro

242 1611 559 1659 conditionales,
597 1610 760 1659 finales,
804 1612 1005 1659 causales,
1047 1609 1238 1648 relativas
1275 1607 1592 1654 enuntiationes,

241 1698 287 1727 ut
318 1703 393 1740 par
424 1697 504 1737 est,
551 1703 655 1740 quae
687 1689 863 1727 varietas
901 1688 997 1726 scite
1033 1693 1204 1724 tractata
1238 1684 1394 1735 egregie
1429 1682 1593 1722 adiuvat

243 1773 281 1803 et
311 1773 431 1815 auget
460 1765 645 1816 vigorem
676 1764 839 1814 elegiae.
896 1761 976 1801 Sed
1005 1775 1115 1800 nunc
1142 1762 1315 1801 observa
1340 1758 1593 1799 diversitates

240 1850 479 1893 poetarum3
523 1854 619 1879 nam
660 1854 753 1879 cum
785 1839 987 1879 diversam
1028 1836 1209 1877 indolem
1250 1837 1396 1875 habeat
1426 1833 1593 1882 Tibulli,

239 1918 467 1970 Propertii,
512 1915 650 1957 Ovidii
689 1915 889 1964 elocutio,
934 1916 1012 1953 hoc
1049 1915 1141 1954 loco
1177 1914 1335 1963 insigne
1371 1912 1590 1950 discrimen

242 1990 540 2046 deprehendas.
629 1991 687 2030 Ac
732 1991 909 2043 primum
961 1988 1127 2042 quidem
1173 2002 1259 2027 11011
1302 1986 1440 2027 videas
1482 1985 1591 2039 apud

243 2072 453 2109 Tibullum
498 2067 637 2110 Ovidii
676 2082 855 2116 morem,
903 2068 1017 2106 cuius
1056 2065 1227 2105 disticha
1269 2066 1398 2104 inulta
1436 2065 1592 2103 minuta

241 2148 424 2185 membra
453 2144 584 2183 omnis
612 2145 770 2194 generis
799 2143 1132 2192 habentyov-idio
1162 2145 1253 2180 enim
1279 2144 1434 2193 propria
1458 2142 1589 2193 quua-

240 2227 332 2261 citus
363 2221 520 2268 subtilis,
549 2222 744 2257 1'111111111617'5
773 2221 959 2256 momennlv
988 2232 1111 2255 rerum
1144 2216 1365 2269 exponendis
1393 2219 1590 2264 ingeniosa,

240 2303 303 2338 sui
337 2301 494 2336 conuenit
542 2296 726 2348 multiplex
763 2299 923 2333 vat-selas
958 2296 1219 2347 periodorum,
1267 2309 1356 2332 raro
1399 2296 1591 2339 ueroosior,

237 2378 432 2428 plurimum
454 2387 535 2411 vero
557 2376 698 2412 llll'nllll's
718 2375 802 2411 solis
824 2381 922 2411 nien>
944 2373 1039 2410 alius
1062 2373 1180 2410 aliter.
1239 2371 1363 2408 Exeo]
1373 2372 1435 2421 pla
1458 2382 1588 2419 pono:

354 2470 534 2519 'l'cnipus
568 2476 607 2504 ut
642 2469 875 2506 observem.
912 2465 1059 2504 manda
1093 2466 1213 2513 mihi:
1255 2463 1401 2502 certius
1433 2465 1530 2503 ibis:

411 2542 493 2581 Nec
531 2551 588 2580 te.
634 2543 663 2577 si
701 2544 838 2593 cupias
869 2542 977 2590 ipsa.
1021 2554 1184 2578 inuuere
1215 2542 1357 2579 sinum.
