1721 2953
646 111 890 154 TIBULLI.
1276 126 1427 154 chxm

79 231 262 282 bullum,
301 229 378 269 nisi
407 229 515 268 hunc
544 229 682 268 locum
711 228 858 268 afferas
892 229 927 276 I,
959 232 1005 277 8,
1037 231 1105 267 36.
1134 227 1226 266 dum
1252 234 1365 266 tumet
1393 234 1427 266 et

76 313 215 345 teneros
252 307 402 344 conserit
444 317 556 357 usque
593 306 712 352 sinus,
755 304 797 342 h.
822 317 855 341 e.
889 302 988 342 dum
1023 303 1154 342 teneri
1192 302 1278 342 eius
1311 302 1424 341 sinus

76 390 193 430 sunt,
222 379 318 419 dum
348 387 511 419 teneros
538 379 655 418 sinus
684 379 830 426 habet,
861 392 966 431 quos
996 378 1137 429 iungat
1163 385 1319 424 tecum,
1352 376 1425 415 ubi

77 465 211 496 tamen
249 469 332 496 non
370 464 453 494 tam
491 468 639 494 ornare
677 454 810 494 voluit
847 462 990 506 poeta,
1036 467 1158 507 quam
1196 452 1425 505 pleniorem

75 529 408 582 significationem
462 529 689 568 sententiae
747 527 858 568 dare.
895 550 951 557 -—-
1024 529 1140 569 Aliud
1185 527 1426 568 huiusmodi

75 605 235 644 schema
266 611 326 643 est
355 603 533 643 nominis
563 603 725 656 proprii
756 602 1041 656 amplificatio,
1076 604 1120 642 in
1153 603 1270 655 poesi
1300 602 1428 655 epica,

73 680 245 730 tragica,
290 680 419 733 lyrica
452 679 684 719 sublimiori
723 693 915 731 magnum
954 677 1217 731 splendorem
1254 679 1426 728 habens,

74 763 119 795 ut
146 754 284 810 μένος
313 747 591 806 Ἀλκινόοιο,
629 753 930 801 Πολυνείκους
959 752 1065 809 βία,
1100 755 1266 794 violentia
1299 755 1425 804 Turni,

71 834 183 872 virtus
220 832 391 880 Catonis,
439 831 646 870 Herculeus
684 830 813 879 labor,
857 828 941 870 vid.
978 830 1150 869 Monck.
1191 828 1241 869 ad
1280 829 1427 882 Eurip.

72 906 244 959 Hippol.
274 910 401 958 p.99.
459 905 690 947 Adhibetur
724 918 825 946 vero
860 906 940 945 hoc
976 903 1192 945 artificium
1227 905 1348 945 etiam
1381 906 1426 945 in

70 981 233 1035 reliqua
270 981 385 1034 poesi
425 981 599 1034 passim,
658 981 709 1020 cf.
742 980 870 1033 Vulp.
910 979 962 1020 ad
999 981 1154 1022 Tibull.
1192 982 1232 1032 I,
1263 985 1311 1031 2,
1346 985 1424 1031 11.,

71 1058 207 1096 minus
241 1065 379 1096 tamen
415 1064 586 1109 propter
623 1064 838 1106 ornatum,
878 1070 1000 1109 quam
1035 1058 1259 1097 sententiae
1291 1070 1425 1098 causa.

71 1131 208 1183 Atque
246 1131 303 1170 ita
339 1130 458 1170 etiam
496 1132 625 1182 elegia
654 1138 787 1170 mutat
823 1131 1028 1182 eleganter
1064 1131 1345 1184 praedicatum
1380 1132 1425 1171 in

71 1206 303 1245 subiectum
332 1219 409 1259 pro
439 1206 607 1245 nomine
639 1214 707 1245 aut
737 1207 1006 1258 pronomine,
1046 1215 1094 1246 ut
1125 1208 1308 1246 dementia
1337 1222 1422 1247 mea

70 1294 136 1333 pr.
163 1294 258 1332 ego,
299 1281 451 1319 Tantali
479 1284 555 1319 sitis
584 1294 648 1332 pr.
677 1280 855 1319 Tantalo
893 1280 1077 1331 sitiente,
1117 1296 1223 1321 error
1250 1283 1426 1322 Herculis

56 1356 220 1408 fleverat
258 1367 322 1407 pr.
355 1355 534 1394 Hercule
578 1362 763 1403 errante,
811 1362 851 1394 et
892 1368 998 1408 quae
1039 1365 1136 1396 sunt
1175 1356 1267 1396 alia.
1340 1356 1423 1397 Sed

70 1430 192 1471 etiam
232 1431 355 1471 huius
400 1431 557 1471 formae
603 1430 794 1471 Tibullus
841 1444 974 1484 pauca
1017 1439 1178 1472 tantum
1223 1432 1424 1485 simplicia

68 1508 258 1560 exempla
286 1507 432 1558 habet,
461 1505 555 1548 vide
588 1505 639 1546 ad
669 1507 700 1557 I,
725 1511 765 1557 2,
792 1508 876 1558 11.,
907 1521 990 1561 qua
1019 1507 1228 1561 Propertii
1256 1510 1423 1548 mollior

66 1584 202 1637 poesis
232 1598 353 1637 saepe
383 1583 622 1625 suavissime
650 1583 793 1624 utitur.
849 1584 914 1624 Ex
938 1584 1139 1638 Lygdami
1169 1585 1419 1626 carminibus

68 1672 234 1711 appono
265 1660 337 1709 ΙΙΙ,
362 1664 400 1709 2,
427 1662 492 1699 13.
529 1660 605 1697 Sed
629 1663 748 1698 veniat
776 1673 894 1698 carae
920 1664 1051 1699 matris
1079 1664 1257 1700 comitata
1283 1662 1421 1710 dolore,

68 1741 109 1773 et
136 1733 213 1783 III,
240 1737 283 1782 3,
314 1737 353 1772 8.
384 1736 491 1786 inque
522 1741 584 1771 tuo
614 1734 766 1772 caderet
794 1741 921 1772 nostra
950 1742 1097 1773 senecta
1129 1738 1222 1775 sinu.
1279 1736 1420 1775 Altera

66 1821 167 1848 vero
190 1809 323 1848 forma
346 1808 506 1859 elegans
530 1807 850 1860 compositionis,
879 1809 952 1848 ubi
976 1807 1219 1849 adiectivum
1241 1810 1420 1851 nominis

64 1882 107 1922 in
131 1883 355 1934 genitivum
384 1882 630 1922 substantivi
654 1890 857 1933 mutatur,
888 1891 933 1922 ut
958 1884 1096 1922 lumina
1115 1883 1267 1935 fastus,
1295 1887 1421 1926 littora

52 1957 158 2010 fati,
202 1960 327 2008 iurgia
365 1960 561 2008 saevitiae,
613 1958 664 1997 ab
706 1958 892 1997 oratione
931 1958 1087 1998 Tibulli
1128 1960 1251 2011 plane
1294 1952 1420 2011 abest,

63 2034 99 2074 si
136 2034 289 2087 excipis
324 2033 597 2074 locutionem:
641 2034 758 2073 ubera
792 2035 899 2073 lactis
932 2035 973 2085 Ι,
1002 2039 1048 2085 3,
1076 2035 1144 2075 46.
1179 2050 1244 2089 pr.
1273 2037 1417 2088 lactea,

63 2119 289 2162 usurpatur
326 2123 448 2161 vero,
493 2117 539 2150 ut
573 2109 693 2150 facile
732 2111 947 2160 coniicias,
995 2125 1019 2151 a
1054 2111 1290 2164 Propertio.
1358 2114 1418 2154 Ac

65 2186 157 2239 quis
199 2199 285 2226 non
320 2185 437 2226 novit
476 2199 564 2225 eam
604 2199 696 2225 cum
735 2183 901 2224 aliunde
942 2193 1050 2235 tum,
1103 2194 1150 2226 ut
1187 2187 1267 2229 hoc
1307 2202 1419 2229 nunc

63 2259 233 2310 addam,
278 2273 330 2300 ex
371 2257 534 2300 Ossiani
573 2259 845 2310 carminibus,
887 2261 961 2300 ubi
988 2261 1256 2303 Ahlwardtus
1287 2262 1337 2303 de
1370 2278 1418 2304 ea

63 2335 167 2375 dixit
195 2336 238 2374 in
264 2335 442 2375 Praefat.
468 2333 519 2373 ad
545 2336 747 2375 Translat.
775 2335 915 2375 Germ.
948 2351 990 2388 p.
1006 2350 1094 2376 XXI.
1149 2340 1286 2393 Atque
1316 2341 1417 2381 haec

64 2409 230 2463 quidem
264 2410 313 2450 de
346 2410 424 2450 his.
447 2433 505 2440 —
563 2409 668 2450 Cum
698 2411 853 2465 denique
884 2418 1048 2463 praeter
1079 2426 1148 2462 ea,
1190 2428 1297 2468 quae
1329 2431 1417 2456 me-

62 2485 332 2534 moravimus,
372 2485 492 2524 etiam
523 2485 625 2525 aliae
656 2487 808 2525 multae
847 2485 929 2526 sint
966 2485 1009 2526 in
1041 2489 1157 2541 poesi
1193 2491 1415 2531 substanti-

61 2572 233 2608 vorum,
274 2558 593 2611 adiectivorum,
634 2561 857 2603 verborum
894 2574 971 2614 per
1010 2562 1414 2606 circumlocutionem
