1721 2953
479 142 624 184 LIBR.
652 142 724 182 III.
782 139 940 180 ELEG.
970 141 1003 180 Ι.
1330 145 1411 180 319

71 272 140 301 tem
167 274 260 307 eam,
287 274 352 307 qua
377 261 440 295 frui
469 261 635 298 meretur,
659 253 692 288 h.
717 264 747 288 e.
774 253 953 298 plurimum
978 253 1170 298 voluptatis.
1221 252 1291 287 Sed
1318 254 1409 296 quod

71 334 197 375 legitur
228 334 260 364 in
287 328 458 363 codicibus
492 324 575 357 meis
609 325 805 365 corruptum
840 321 1025 353 iudicamus
1058 331 1133 354 cum
1167 321 1251 354 aliis.
1303 322 1412 354 Dubi-

69 402 177 430 tatum
209 397 274 428 iam
306 393 387 426 olim
421 389 554 423 videtur
588 387 752 420 Musaene
787 386 966 427 loquantur
1003 396 1064 430 per
1099 385 1186 419 hunc
1223 387 1332 419 locum
1366 398 1410 420 an

70 468 191 508 poeta,
217 461 306 494 unde
333 470 353 492 a
377 458 520 491 librariis
547 455 658 499 potuit
680 452 763 485 meis
787 452 913 486 inferri.
963 454 1150 486 Serrarunt
1175 458 1287 486 tamen
1314 453 1412 487 codi—

69 541 126 563 ces
150 529 235 561 infra
261 538 291 560 v.
321 528 374 559 12.
403 530 516 557 tuum.
567 521 700 558 Quodsi
733 522 859 554 retines
893 523 976 552 meis
1011 525 1045 554 et
1079 522 1164 554 infra
1189 534 1299 553 meum
1325 523 1411 554 scri-

69 596 141 637 bis,
165 599 204 627 ut
228 596 331 637 poeta
356 601 399 624 ex
423 600 484 623 sua
509 599 654 633 persona
679 588 848 630 loquatur,
874 585 1120 619 intolerabilem
1149 587 1179 619 ei
1204 587 1408 620 inverecun-

69 661 158 693 diam
184 659 314 692 tribuis.
363 656 474 698 Igitur
498 664 564 686 nou
591 652 690 685 dicit:
718 650 868 694 gaudeat
893 651 1044 683 versibus
1072 651 1176 692 meis,
1202 651 1261 684 sed
1289 652 1410 685 Musae

69 730 207 761 dicunt:
237 725 385 768 gaudeat
409 722 562 756 versibus
588 720 674 760 tuis,
699 719 901 753 observante
928 719 1029 751 etiam
1058 717 1295 753 E1cns'mmo.
1345 720 1412 753 Vel

69 798 118 830 sic
143 795 235 828 dicas
261 801 436 826 remanere
461 788 682 823 immodestae
719 786 799 829 quid
832 788 1070 830 arrogantiae3
1104 787 1263 820 debuisse
1297 788 1411 831 potius

69 861 180 905 optari
214 862 252 891 ut
280 857 374 899 digni
398 857 465 889 sint
496 864 614 887 versus
640 853 763 896 puella.
813 853 940 885 Verum
966 852 1051 894 hoc,
1086 858 1123 886 ut
1148 859 1269 887 sonant
1294 854 1411 887 verba.

68 928 198 960 Tamen
223 925 256 957 ni
282 924 400 962 fallor,
437 923 540 964 poeta
571 917 799 952 hic‘animum
833 928 900 951 non
926 917 1042 951 habuit
1066 919 1324 962 immodestum,
1358 921 1411 953 in-

67 991 317 1031 verecundum,
352 989 409 1031 qui
442 997 608 1029 nusquam
643 985 829 1029 superbum
861 988 896 1017 et
929 989 1145 1027 arrogantem
1170 996 1207 1019 se
1242 985 1410 1027 ostendat,

69 1059 131 1092 sed
157 1057 360 1091 submissum
385 1054 498 1097 potius
524 1058 559 1086 et
584 1054 693 1086 lenem
720 1057 754 1085 et
779 1053 929 1093 mollem,
954 1062 994 1084 ac
1024 1052 1157 1085 dicendi
1183 1052 1245 1085 suit
1270 1053 1408 1096 imperi-

68 1125 146 1157 tior.
196 1123 273 1155 Hoc
297 1121 401 1163 igitur
424 1119 551 1152 voluit:
589 1117 750 1150 Gaudeat
775 1117 875 1149 laude
901 1127 1059 1149 versuum
1085 1121 1240 1158 tuorum,
1276 1118 1412 1161 placeat

69 1189 99 1221 ei
126 1189 199 1220 laus
226 1196 366 1230 poeseos
391 1188 490 1224 tuae3
526 1182 629 1215 mittit
654 1182 742 1214 enim
768 1181 882 1224 priora
907 1183 1074 1224 carmina,
1099 1184 1220 1225 quibus
1244 1187 1323 1216 ante
1350 1193 1411 1216 ce·-

68 1253 258 1286 lebraverat
284 1251 452 1284 Neaeram
479 1249 523 1283 ef.
549 1251 582 1290 4,
608 1251 684 1289 75.‚
717 1247 759 1280 ab
794 1258 834 1280 ea
869 1252 948 1281 tunc
981 1249 1174 1291 singulatim
1208 1250 1273 1282 iam
1309 1250 1410 1291 lecta,

69 1318 129 1351 sed
157 1328 244 1351 nunc
270 1316 450 1349 coniuncta
475 1325 542 1347 uno
568 1314 600 1346 in
626 1314 724 1354 libro,
750 1313 871 1345 fortius
896 1315 943 1345 ita
969 1316 1231 1347 resuscitaturus
1258 1315 1410 1348 favorem

67 1385 201 1428 puellae
236 1383 404 1425 priorem,
444 1380 472 1412 si
502 1380 574 1412 fieri
611 1378 730 1422 possit.
789 1378 862 1410 Nec
895 1379 938 1410 ad
966 1389 997 1411 v.
1031 1379 1140 1423 (ligna
1172 1385 1225 1410 esc
1259 1380 1411 1422 suppleri

67 1450 191 1483 voluit:
230 1446 386 1481 versibus
410 1445 483 1478 tuis
507 1444 684 1491 gaudere,
719 1443 779 1477 sed
809 1443 966 1489 gaudere
992 1444 1211 1487 simpliciter,
1247 1445 1413 1486 quemad--

66 1515 202 1549 modum
243 1524 345 1557 supra
385 1512 537 1545 fecimus.
597 1511 725 1544 Peccat
772 1520 834 1553 per
874 1513 985 1542 totum
1025 1510 1136 1543 locum
1176 1510 1328 1542 infantia.
1366 1527 1411 1533 —-

70 1582 109 1615 V.
137 1584 158 1614 9
185 1591 258 1623 sqq.
307 1579 404 1620 sed,
452 1579 569 1611 dicunt
605 1577 743 1618 Musae,
779 1577 823 1609 sit
856 1576 942 1609 liber
976 1577 1077 1609 etiam
1114 1581 1257 1609 externo
1292 1575 1410 1608 habitu

66 1645 217 1690 pulchro.
281 1646 445 1687 Sequitur
479 1654 567 1677 nunc
601 1644 696 1676 locus
731 1643 773 1676 de
809 1644 1014 1676 ornamentis
1049 1642 1126 1675 libri
1159 1643 1334 1683 mittendi,
1374 1643 1409 1675 in

66 1723 208 1756 quorum
234 1711 493 1755 explicatIOnem
528 1710 725 1743 conferendi
757 1713 834 1741 sunt
869 1711 1019 1742 Vossms
1054 1709 1096 1742 ad
1132 1709 1255 1742 Catuli.
1289 1722 1320 1752 p.
1349 1713 1408 1741 51.

67 1780 330 1812 ScHwAnszs
356 1777 399 1810 de
424 1777 639 1810 Ornamentis
666 1776 847 1817 librorum,
874 1776 1045 1809 HssYNms
1071 1779 1105 1808 et
1130 1775 1156 1809 I.
1186 1776 1229 1807 H.
1258 1776 1407 1808 Vossms

68 1844 140 1886 hic,
165 1855 206 1877 ne
230 1844 370 1885 addam,
395 1853 480 1885 quos
504 1842 788 1874 Bnoucrfflusms
814 1841 947 1881 laudat,
975 1844 1009 1873 et
1033 1841 1222 1873 But-rmus
1245 1840 1286 1872 ad
1307 1841 1411 1872 Statii

69 1912 153 1945 Silv.
180 1912 239 1953 lv,
265 1914 298 1952 9,
324 1915 358 1945 7.
384 1929 429 1935 -
465 1910 641 1942 niveum
668 1908 892 1948 libellum,
919 1918 1146 1950 papyraceum
1175 1907 1330 1939 volumen
1358 1907 1410 1938 in-

67 1979 197 2020 tellige,
223 1977 356 2019 scriptis
383 1976 503 2008 litteris
528 1975 561 2007 in
588 1973 749 2006 interiore
776 1976 884 2016 parte,
910 1972 1000 2014 quod
1028 1972 1258 2012 convolutum,
1284 1970 1407 2004 deiude

65 2048 194 2077 tectum
229 2047 321 2076 esset
354 2042 547 2075 membrana
581 2040 812 2082 adglutinata,
852 2049 938 2072 nunc
973 2049 1075 2072 croco
1109 2038 1214 2071 tincta
1253 2042 1290 2070 ut
1325 2038 1408 2071 alias

66 2110 168 2142 minio
200 2114 259 2142 aut
294 2119 454 2153 purpura.
504 2107 764 2152 Oppositionem
790 2105 1018 2150 epithetorum
1044 2104 1144 2136 lutea
1170 2103 1308 2136 niveum
1335 2105 1407 2148 ipse

66 2174 170 2206 vides.
197 2193 242 2198 —
286 2185 442 2217 pumex
477 2173 668 2206 tondeat
701 2176 803 2204 ante
839 2182 1000 2206 comas.
1058 2171 1152 2204 Male
1178 2169 1231 2203 hic
1260 2171 1410 2203 Vossius

67 2239 296 2272 membranam
322 2240 355 2271 in
381 2239 516 2271 officina
545 2237 777 2280 laevigandam
812 2237 961 2278 cogitat,
1001 2246 1088 2278 quae
1123 2246 1180 2268 res
1213 2235 1323 2268 aliena
1358 2240 1410 2269 est

67 2308 110 2340 ab
137 2306 200 2340 hoc
226 2307 312 2340 loco.
361 2306 414 2339 Tu
442 2306 484 2339 de
509 2306 577 2339 oris
603 2304 741 2338 chartae
766 2305 969 2337 convolutae
994 2303 1061 2337 dici
1086 2307 1188 2347 puta,
1224 2312 1313 2345 quae
1339 2302 1410 2335 cir-

67 2373 365 2413 cumcidebantur,
403 2375 475 2404 tum
507 2371 641 2414 pumice
675 2368 902 2413 poliebantur.
944 2369 1052 2402 Ovm.
1084 2367 1189 2401 Trist.
1222 2368 1250 2410 I,
1286 2370 1317 2409 1,
1345 2369 1408 2400 11:

67 2439 140 2470 Nec
158 2438 293 2483 fragili
318 2437 476 2483 geminae
506 2436 693 2481 poliantur
721 2435 859 2479 pumice
889 2433 1054 2479 frontes,
1090 2433 1270 2466 Hirsutus
1292 2433 1412 2477 passis

69 2509 110 2535 ut
142 2503 282 2535 videare
306 2502 421 2536 comis.
471 2503 548 2536 Hoc
574 2502 677 2544 igitur
704 2511 792 2534 nunc
817 2500 899 2533 dicit
924 2504 1046 2544 poeta:
1086 2501 1276 2543 Antequam
1302 2510 1411 2533 mem-

69 2570 174 2603 brana
199 2570 386 2603 involvatur
411 2570 563 2611 libellus,
599 2579 676 2602 oras
702 2568 806 2601 libelli
831 2567 1047 2601 circumcisas
1081 2569 1188 2611 poliat
1221 2578 1347 2612 pumex
1373 2572 1409 2600 et

68 2636 166 2668 tollat
207 2636 371 2679 quidquid
411 2646 584 2670 comarum
622 2639 699 2680 post
741 2635 1031 2670 circumcisionem
1070 2634 1245 2668 restiterit.
1315 2634 1409 2668 Idem
