1721 2953
494 108 638 151 LIBR.
668 107 720 148 ΙΙ.
779 102 937 144 ELEG.
967 104 1020 144 V.
1346 104 1425 138 277

81 235 184 270 ettam
209 213 533 276 originem‘fabulae
565 223 608 258 (πο
638 221 787 257 sortibus
811 220 876 265 ipsi
903 220 1037 254 Aeneae
1062 217 1150 253 datis
1175 226 1194 250 a
1219 213 1350 257 Sibylla
1374 214 1425 247 vi..

82 302 154 336 des.
204 300 275 336 Sed
296 295 550 340 Gergithiorum
573 302 650 337 pars
669 291 703 324 iu
723 299 807 333 agro
828 288 979 330 Cymaeo
1001 285 1152 321 Aeolidis
1173 281 1356 322 habitabat,
1381 279 1426 313 cf.

81 368 227 402 ΑΤΗΕΝ.
252 364 311 405 VI,
335 364 439 402 256„
463 362 604 402 eratque
628 357 732 391 etiam
759 354 813 388 hic
837 354 1001 397 templum
1025 351 1210 397 Apollinis,
1250 348 1293 384 cf.
1317 348 1425 382 Prm.

79 429 243 471 XXXIV,
267 431 323 469 8.,
357 435 463 470 quare
497 433 575 458 cum
609 421 667 456 illa
705 419 842 454 oracula
874 419 924 452 sic
958 419 1089 461 Cymen
1124 422 1158 451 et
1191 416 1234 449 ad
1258 414 1428 457 cymaeos

81 498 272 538 venissent,
307 494 350 528 ab
383 492 435 527 his
468 491 536 526 alio
570 494 725 533 tempore
750 487 867 522 delata
891 490 970 520 suut
996 486 1039 520 ad
1064 488 1228 529 cognatos
1256 483 1426 517 Cumanos

80 564 113 597 iu
139 536 248 596 fflilia.
298 559 366 594 Hic
388 559 422 593 in
447 558 529 602 iugo
553 555 678 590 montis
702 553 867 598 templum
892 552 1057 597 Apollinis
1079 551 1191 585 stabat
1212 553 1247 583 et
1270 547 1427 582 subiace-

81 631 142 664 bat
166 633 299 663 antrum
325 625 500 668 Sibyllae,
535 622 578 657 cf.
606 622 732 656 Ham.
757 618 903 654 Excurs.
930 617 991 651 111.
1024 617 1068 651 ad
1100 616 1222 659 virgil.
1258 615 1342 647 Aen.
1368 611 1428 645 VI.

82 700 185 739 atque
211 694 314 728 etiam
342 693 475 726 Aeneas
500 688 566 724 huc
590 687 766 722 ferebatur
790 684 983 730 appulisse,
1017 682 1161 717 docente
1186 680 1357 722 Harum,
1391 681 1429 711 ut

81 761 180 795 facile
215 758 391 804 agnoscasj
421 766 548 791 nexum
590 754 786 788 historicum
827 761 961 793 rerum,
999 749 1198 791 fabulasque
1233 746 1276 780 de
1311 747 1426 781 Aenea

80 838 157 862 cum
191 825 367 868 Sibyllinis
401 822 555 858 versibus
591 821 707 855 videas
744 820 779 854 in
810 818 945 852 Italiam
982 817 1159 859 migrasse.
1209 814 1325 847 Cumis
1349 813 1426 847 Ro-

80 904 168 928 mam
194 892 357 926 translata
390 899 467 932 res,
504 889 562 923 ubi
599 898 677 922 cum
711 896 878 920 summam
916 884 1155 918 auctoritatem
1190 881 1279 915 nacti
1314 883 1428 912 esseut

80 959 157 993 libri
190 956 369 1001 Sibyllini,
417 964 505 998 quae
539 953 583 988 de
621 952 775 999 potentia
813 951 1050 986 Aeneadarum
1087 948 1130 982 ad
1166 947 1428 990 Hellespontum

80 1027 215 1058 cantata
241 1025 355 1063 erant,
379 1019 422 1055 ad
447 1019 541 1053 urbis
566 1019 711 1063 gloriam
735 1021 896 1053 revocata
921 1019 1009 1050 sunt.
1060 1014 1231 1048 Debemus
1255 1011 1339 1046 hanc
1366 1020 1429 1044 ex·

81 1089 299 1134 plicationem
324 1096 439 1121 rerum
463 1086 672 1126 Miitimmo,
708 1085 803 1117 cuius
829 1087 942 1117 exstat
972 1082 1147 1127 praeclara
1175 1078 1358 1124 disputatio
1385 1076 1428 1111 de

82 1154 134 1188 his
169 1155 202 1188 in
237 1152 354 1187 Diario
394 1151 546 1185 Classico
583 1149 662 1183 Vol.
697 1148 826 1183 XXVI.
864 1148 1046 1192 inscripta:
1104 1147 1239 1179 Causae
1273 1141 1429 1188 fabulae

83 1221 123 1253 de
157 1220 299 1253 Aeneae
332 1217 369 1250 in
404 1215 554 1249 Italiam
587 1214 756 1249 aduentu.
805 1214 852 1248 Et
885 1214 962 1248 vide
995 1213 1136 1248 eundem
1170 1213 1258 1245 Hist.
1294 1211 1375 1243 Dor.
1402 1208 1430 1249 Ι,

83 1300 116 1332 p.
142 1289 224 1320 ⁶222.
248 1303 295 1311 —
333 1283 502 1318 Abdita
527 1292 642 1326 quae
665 1282 786 1317 senis
819 1280 914 1316 fata
947 1281 1069 1314 canit
1103 1278 1316 1323 pedibus,
1343 1276 1374 1310 h.
1401 1286 1430 1310 e.

82 1353 218 1387 condita
243 1350 450 1384 hexametris
476 1349 652 1390 versibu53
678 1359 814 1381 arcana
829 1347 924 1393 fata
950 1346 1048 1378 dicta
1069 1357 1164 1379 meae
1187 1344 1288 1391 genti
1312 1344 1433 1388 appel-

81 1420 130 1453 lat
156 1419 288 1452 Aeneas
313 1417 424 1449 Vmor.
451 1415 537 1448 Aen·
562 1413 623 1455 VI,
648 1415 706 1446 72.
755 1412 808 1445 De
841 1411 936 1445 libris
961 1410 1138 1453 Sibyllinis
1164 1409 1235 1443 noti
1260 1408 1328 1442 loci
1353 1411 1431 1441 sunt

80 1487 235 1520 onNYS.
259 1484 320 1526 IV,
345 1485 402 1517 62.
428 1482 617 1517 lacum.
645 1480 757 1515 Instit.
784 1479 869 1522 1,16.
901 1480 1009 1513 Pam.
1035 1477 1126 1512 Hist.
1153 1477 1232 1511 Nat.
1252 1475 1350 1518 XIII,
1373 1478 1431 1509 13.

82 1553 201 1585 GELL.
229 1549 272 1584 N.
298 1550 369 1583 Att.
394 1548 422 1590 I,
451 1550 507 1582 19.
532 1547 664 1583 Tam.
690 1547 776 1580 Ann.
801 1545 862 1586 VI,
890 1546 945 1578 12.
996 1543 1084 1577 Cum
1108 1542 1316 1585 antiquiores
1340 1540 1432 1575 bello

80 1617 232 1652 Marsico
254 1626 332 1650 cum
358 1613 529 1658 Capitolio
554 1611 696 1645 cremati
722 1613 855 1650 essent,
889 1611 1028 1641 senatus
1053 1617 1128 1641 ann.
1155 1610 1236 1641 677.
1261 1606 1329 1640 alia
1354 1615 1430 1640 car-

81 1684 173 1718 mina
206 1681 357 1725 conquiri
393 1679 492 1713 iussit
526 1687 603 1711 cum
636 1675 712 1709 aliis
745 1675 779 1708 iu
815 1673 977 1716 urbibus,
1013 1678 1086 1707 tum
1113 1672 1272 1715 Erythris
1302 1672 1429 1714 Ioniae,

83 1761 171 1794 quae
195 1750 338 1794 primum
364 1746 397 1779 in
423 1744 595 1790 Capitolio
620 1743 772 1787 reposita
797 1744 876 1774 sunt
910 1744 949 1774 ut
974 1739 1108 1784 priora,
1144 1738 1266 1772 deinde
1290 1737 1334 1771 ab
1359 1738 1431 1771 Au-

82 1821 184 1862 gusto
217 1817 251 1849 in
276 1814 467 1849 Palatinum
500 1811 664 1855 templum
698 1810 873 1843 translata.
923 1808 1021 1842 Haec
1046 1806 1252 1842 hexametris
1280 1805 1431 1840 versibus

83 1885 211 1927 scripta
235 1882 340 1915 fuisse
365 1880 522 1914 Tibullus
549 1878 651 1912 docet
677 1882 711 1911 et
746 1876 884 1911 aliunde
919 1880 1077 1918 constat,
1113 1874 1174 1908 sed
1207 1874 1309 1908 etiam
1342 1874 1430 1906 anti-

83 1949 203 1992 quiora
227 1946 315 1980 haud
350 1945 453 1979 dubie
480 1943 633 1978 eiusdem
660 1943 760 1977 metri
795 1945 901 1976 erant.
953 1942 1101 1975 Omnino
1127 1941 1284 1974 Tibullus
1311 1939 1431 1972 discri-

82 2024 161 2048 men
184 2023 251 2047 non
274 2012 356 2046 facit
384 2016 422 2045 ut
447 2011 562 2053 vides3
588 2014 640 2045 est
661 2010 781 2044 eadem
807 2009 939 2051 Sibylla
964 2012 999 2043 et
1023 2009 1174 2053 priorum
1200 2012 1234 2041 et
1259 2006 1430 2050 posterio-

85 2091 159 2114 rum
188 2079 351 2114 librorum
378 2081 518 2120 auctor,
553 2076 719 2120 siquidem
743 2086 830 2120 quae
863 2084 1081 2118 nunquam
1114 2079 1167 2106 est
1203 2073 1430 2106 frustrata

82 2146 116 2179 R
130 2155 331 2188 omanos,
356 2143 439 2178 haec
458 2145 643 2178 etiamnum
662 2144 704 2177 iis
724 2145 814 2178 canit
834 2154 894 2188 per
913 2152 1032 2177 versus
1047 2151 1140 2175 suos.
1190 2139 1293 2173 Cuias
1315 2142 1429 2171 autem

84 2210 169 2245 haec
203 2210 360 2244 credita?
409 2210 573 2243 Cumana.
625 2209 777 2243 Cumana
815 2219 896 2243 vero
934 2209 1037 2250 vulgo
1076 2204 1218 2239 oriunda
1256 2203 1430 2237 serebatur

81 2275 253 2319 Erythris,
279 2276 357 2309 licet
381 2286 463 2309 vera
484 2274 571 2308 ratio
595 2284 706 2309 rerum
730 2275 795 2308 alia
821 2273 953 2315 fuisset,
977 2276 1015 2305 ut
1040 2271 1194 2305 vidimus.
1245 2268 1315 2302 Sed
1341 2277 1430 2301 nune

85 2341 128 2376 de
152 2341 311 2386 opinione
337 2341 429 2383 vulgi
452 2341 596 2384 agimus,
622 2350 665 2374 ex
690 2351 757 2383 qua
782 2343 912 2373 certum
940 2338 1126 2371 Cumanam
1153 2346 1215 2380 pro
1239 2333 1431 2378 Erythraea

85 2405 254 2450 habitam,
291 2418 369 2441 cum
403 2407 560 2450 Erythris
595 2408 766 2451 quondam
803 2407 972 2441 maximae
1009 2404 1220 2439 auctoritatis
1256 2403 1430 2437 oraculum

86 2471 225 2514 suisset,
260 2472 302 2506 cs.
330 2473 442 2507 SERV.
467 2473 510 2506 ad
536 2474 631 2516 Virg.
660 2475 743 2507 Aen.
773 2473 830 2515 Vl,
856 2476 912 2506 36.
940 2476 974 2506 et
999 2474 1081 2505 321.
1109 2475 1143 2505 et
1168 2472 1263 2504 locus
1289 2469 1331 2503 de
1359 2468 1429 2502 Ad-

87 2537 206 2572 mirab.
238 2539 462 2572 AmsTo'rssm
499 2539 600 2572 tribui
633 2539 741 2572 solitis
775 2550 803 2571 c.
828 2541 885 2572 97.
932 2538 1087 2571 Simas.
1113 2536 1314 2570 Exercitatt.
1341 2534 1428 2567 Plin.

89 2618 121 2649 p.
145 2609 189 2637 52
215 2616 287 2648 sqq.
317 2606 404 2639 uude
431 2607 533 2640 etiam
560 2612 697 2640 senatus
725 2606 872 2639 :namne
898 2602 1055 2647 Erythris
1081 2603 1195 2646 colligi
1222 2612 1338 2636 versus
1365 2601 1433 2633 ius-
