1721 2953
517 151 661 192 LIBR‚
690 152 722 191 I.
780 151 938 191 ELEG.
969 153 1040 193 lV.
1405 160 1456 195 97

111 271 229 300 ventus
260 267 394 299 Graeca
432 265 601 298 intonsum
638 264 764 296 crinem
797 273 905 305 usque
939 263 980 296 ad
1016 265 1145 299 virilem
1178 269 1346 307 aetatem,
1383 269 1454 300 tum

111 332 330 366 consecrabat
351 330 499 374 Apollini
516 325 734 373 κουροτρόφῳ
756 332 791 362 et
811 330 930 371 fluviis,
956 330 999 363 cf.
1015 331 1247 367 Bnonmrnnn.
1268 332 1310 365 ad
1331 332 1454 366 Aescli.

112 397 260 442 Choeph.
287 408 318 431 v,
344 400 377 431 6.
425 396 593 430 Similiter
616 396 764 430 Romani
790 397 928 430 iuvenes
953 398 1093 441 primam
1122 410 1252 433 comani
1278 400 1454 434 detonsam

111 465 352 498 consecrabant
371 463 446 497 diis.
494 463 653 497 Intonsus
677 474 760 497 vero
785 462 941 497 Bacchus
967 463 1154 500 habebatur
1178 471 1319 510 propter
1342 471 1454 500 aeter-

109 541 184 564 nam
219 531 426 563 iuventutem
461 533 496 563 et
532 530 678 573 Apollo,
712 530 769 572 qui
800 529 879 563 inde
915 526 1138 576 ἀκερσεκόμης
1173 532 1306 565 dicitur.
1364 532 1454 567 Vide

109 597 211 631 etiam
235 598 418 630 APOLLON.
443 596 566 629 Rnon.
591 596 637 637 Π,
664 598 744 628 708.
767 612 813 621 —
839 595 990 637 decet,
1016 595 1047 629 h.
1071 607 1100 630 e.
1125 598 1272 630 suaviter
1297 598 1454 630 convenit

109 673 226 696 eorum
258 665 399 695 naturae
436 665 471 695 et
507 660 610 694 indoli
644 660 698 703 (es
732 659 858 693 kleidet
891 660 948 693 ihr
984 661 1143 705 IVesen).
1201 663 1299 696 Unde
1332 662 1456 696 habent

109 740 191 773 prae
211 730 295 763 aliis.
345 730 577 762 AronnoNlth
599 728 664 762 ait:
688 724 756 764 τώς
780 724 846 772 γάρ
872 729 982 766 θέμις.
999 745 1044 752 —-
1069 730 1248 763 Postremo
1268 731 1300 763 in
1321 731 1387 763 fine
1411 731 1455 764 de

111 799 267 831 universo
288 799 364 831 loco
385 796 525 830 verbum
547 796 647 829 addo.
699 796 816 837 Utere,
841 796 899 837 ait,
926 799 1041 829 aetate
1065 796 1144 829 dum
1169 797 1260 831 licet.
1310 797 1359 831 Ac
1384 799 1457 842 pri-

111 874 203 897 mum
237 863 403 906 exemplis
437 873 481 895 ex
516 870 629 895 rerum
661 866 782 894 natura
818 865 853 894 et
886 861 1080 894 animalium
1115 872 1241 904 genere
1267 863 1457 895 ostenditur

111 929 192 972 suga
223 929 358 962 aetatis.
409 928 498 961 Tum
532 928 576 960 ad
611 928 722 971 ipsum
748 937 938 961 moerorem
968 937 1085 960 eorum
1116 932 1338 970 provocatur,
1371 938 1456 970 quos

110 1003 188 1028 sero
209 994 378 1038 poenituit
401 993 566 1037 temporis
590 993 756 1026 inutiliter
780 992 899 1035 elapsi,
924 995 1026 1034 atque
1052 991 1107 1025 hic
1133 994 1226 1026 locus
1252 993 1284 1026 in
1311 993 1456 1038 epipho-

111 1072 210 1096 nema
244 1062 334 1104 exit,
370 1062 452 1095 solis
487 1061 552 1094 diis
587 1060 719 1094 duobus
752 1060 882 1093 formae
907 1070 1035 1092 moram
1062 1059 1184 1093 datam.
1233 1059 1297 1092 Est
1321 1059 1458 1102 quidem

112 1130 246 1162 omnino
273 1129 447 1172 proprium
473 1129 605 1170 elegiae
630 1128 756 1160 diutius
781 1127 953 1161 immorari
978 1129 1010 1161 in
1036 1138 1102 1160 una
1127 1129 1312 1168 sententia,
1337 1128 1458 1160 obser-

112 1195 206 1227 vabis
239 1198 351 1227 tamen
385 1194 484 1226 simul
522 1203 621 1235 quam
647 1193 735 1226 bene
758 1193 859 1226 etiam
886 1203 962 1226 cum
989 1193 1118 1235 reliqua
1144 1194 1275 1226 ratione
1301 1194 1458 1226 carminis

112 1259 175 1293 hae
210 1259 253 1293 de
285 1259 365 1302 fuga
399 1259 583 1292 iuventutis
616 1258 818 1291 conveniant
853 1258 1024 1300 querelae.
1083 1258 1198 1290 Currit
1232 1262 1345 1299 aetas3
1380 1257 1458 1291 hinc

112 1326 288 1360 subeunda
313 1326 445 1366 omnia,
471 1335 558 1367 quae
583 1334 678 1357 amor
703 1324 845 1367 imponit
869 1324 1030 1365 amatori,
1060 1334 1101 1356 ne
1127 1324 1199 1356 sine
1224 1324 1337 1356 fructu
1360 1334 1454 1356 amo—

111 1393 156 1426 ris
182 1392 336 1425 elabatur
361 1394 506 1434 tempus.
555 1390 669 1432 Atque
695 1391 742 1423 ita
768 1390 961 1423 accedimus
987 1389 1029 1422 ad
1056 1390 1244 1432 sequentia.

204 1458 247 1492 V.
280 1458 419 1490 39-72.
480 1456 739 1498 Praecepta
778 1456 1048 1499 peculiaria.
1107 1456 1304 1488 Docetur
1345 1465 1457 1489 nuuc.

112 1523 275 1567 quibus
299 1522 478 1556 artibus
505 1521 792 1565 potissimum
819 1520 1073 1564 capiendus
1098 1520 1158 1553 sit
1184 1530 1305 1563 puer.
1357 1521 1457 1553 Ute-

110 1602 155 1625 re
179 1591 422 1633 obsequio,
448 1590 513 1631 ait,
540 1592 582 1622 et
606 1576 872 1629 blanditiis3
906 1587 1027 1620 absit
1052 1597 1157 1620 vero
1185 1587 1386 1624 pecnnia.

205 1658 247 1691 V.
270 1658 412 1690 39-56.
460 1655 521 1688 De
557 1653 792 1695 obsequio.
842 1653 906 1686 Est
941 1653 1159 1694 obsequium,
1196 1657 1234 1686 ut
1258 1657 1360 1696 poeta
1385 1654 1459 1696 ipse

112 1723 280 1767 explicat,
316 1721 437 1754 cedere
462 1729 569 1763 puero
594 1723 629 1752 et
653 1719 853 1760 morigerari
878 1719 911 1750 in
937 1717 1115 1759 omnibus,
1151 1728 1239 1760 quae
1265 1719 1296 1751 ei
1323 1722 1457 1751 tentare

112 1789 242 1823 libebit.
291 1787 445 1820 Eundem
471 1786 583 1819 locum
603 1785 758 1817 Ovmms
785 1786 908 1816 tractat
933 1783 967 1815 in
990 1784 1061 1815 Art.
1082 1783 1158 1816 Am.
1174 1782 1219 1824 Π,
1239 1785 1306 1816 179
1323 1794 1397 1826 sqq.
1412 1802 1460 1808 —

113 1857 186 1890 Tu.
213 1855 391 1888 Trans-itus
411 1853 463 1886 hic
486 1856 556 1885 est:
583 1855 619 1884 tu
643 1862 724 1885 vero
749 1861 790 1884 ue
813 1851 902 1884 sinas
928 1850 1050 1883 stultos
1077 1848 1262 1892 praeterire
1287 1848 1370 1889 dies,
1396 1848 1457 1881 sed

113 1931 252 1965 operam
277 1920 320 1952 da
344 1922 382 1951 ut
407 1918 521 1961 capias
547 1927 699 1960 puerum.
749 1915 933 1949 Substituit
953 1924 1036 1949 vero
1059 1915 1172 1947 statim
1203 1915 1355 1956 generali
1379 1924 1459 1946 sen—

113 1987 242 2020 sentiae
267 1984 438 2029 peculiare
463 1982 617 2024 obsequii
642 1984 872 2025 praeceptum.
917 1979 1006 2014 Vide
1032 1990 1120 2022 quae
1145 1978 1214 2011 dixi
1241 1978 1283 2011 de
1307 1978 1370 2012 lioc
1396 1988 1459 2011 usu

114 2054 147 2086 in
173 2054 239 2086 fine
263 2049 518 2084 Dissertationis
543 2048 585 2081 de
607 2047 812 2081 Elocutione
831 2046 1030 2080 Tibulli.—
1054 2046 1153 2080 V.41
1169 2056 1218 2088 sq.
1242 2044 1345 2077 Neu.
1373 2044 1460 2077 Cum

114 2117 356 2163 praecesserit:
404 2115 561 2151 cedas,
597 2114 691 2148 vides
717 2114 797 2157 quid
823 2125 878 2148 res
901 2114 956 2147 sit.
1004 2113 1223 2156 Propositum
1248 2111 1375 2144 dictum
1400 2121 1461 2154 per

113 2188 228 2228 partes
254 2182 504 2226 explicaturus,
542 2180 656 2213 statim
690 2181 835 2223 primum
869 2182 1089 2222 praeceptum
1124 2188 1186 2222 per
1217 2178 1372 2220 copulam
1398 2187 1459 2209 au—

114 2250 231 2283 nectit.
280 2246 382 2283 Quod
406 2246 535 2280 monuit
560 2246 662 2279 etiam
686 2246 1018 2278 Wumnnnmcfflus.
1068 2243 1194 2276 Confer
1213 2243 1368 2286 copulam
1395 2253 1460 2287 que

114 2315 200 2348 infra
224 2315 251 2356 Ι,
276 2317 310 2355 5,
337 2315 392 2347 11.
417 2316 453 2345 et
477 2323 538 2344 nec
562 2311 590 2353 Ι,
615 2315 649 2353 8,
673 2314 730 2345 27.
789 2313 899 2345 Porro
926 2311 1016 2354 quod
1041 2311 1129 2343 inter
1154 2309 1276 2343 verba:
1315 2313 1360 2341 tu
1394 2319 1459 2341 ce-

114 2381 192 2414 das
212 2398 256 2405 -
296 2388 378 2412 neu
402 2387 551 2411 comes
587 2377 655 2410 ire
680 2387 839 2420 neges,
876 2377 1075 2421 interposita
1100 2379 1179 2409 sunt
1205 2374 1305 2408 haec:
1333 2374 1459 2408 obse-

117 2449 219 2491 quio
258 2447 450 2491 plurima
493 2444 638 2478 vincit
681 2454 818 2486 amor,
863 2454 1042 2488 compara,
1084 2443 1113 2475 si
1150 2442 1234 2475 tanti
1271 2446 1342 2482 est,
1384 2451 1459 2474 cum

116 2515 413 2549 thnssnmcmo
439 2512 527 2547 infra
552 2511 578 2554 Ι,
604 2515 639 2554 8,
664 2513 788 2545 47—49.
815 2514 849 2544 et
875 2513 931 2553 10,
957 2512 1081 2543 15—17.
1132 2508 1253 2551 Neque
1281 2509 1368 2540 enim
1397 2505 1459 2539 lioc

118 2591 226 2623 genus
259 2578 523 2623 interpositionis
559 2581 594 2610 et
629 2577 881 2619 interruptionis
907 2576 1048 2616 mirum;
1084 2575 1192 2616 magis
1217 2573 1460 2612 memorabilia,

118 2646 230 2687 qualia
259 2646 508 2679 {aerumma
534 2644 631 2678 affert
655 2642 696 2676 ad
718 2643 873 2685 Propert.
898 2641 958 2681 111,
978 2644 1011 2682 4,
1038 2653 1070 2684 p.
1088 2642 1168 2673 242,
1198 2644 1232 2674 et
1252 2639 1458 2673 Lonncssms

1082 2714 1102 2745 7
