1721 2953
256 126 332 161 130
563 114 934 157 COMMENTAR.
965 116 1023 155 IN
1053 116 1284 156 TIBULLI

252 235 423 281 pulchrius
447 236 576 266 amatae
601 232 746 276 puellae.
804 232 882 266 Non
908 233 985 266 dico
1011 233 1181 266 interiisse
1207 242 1379 274 amorem,
1406 233 1508 265 immo
1534 230 1597 265 hae

251 303 340 343 irae,
381 299 413 333 hi
450 303 592 332 conatus
629 299 796 332 retinendi
835 300 955 342 quovis
993 299 1095 333 modo
1137 300 1286 343 puellam
1327 299 1408 332 satis
1449 298 1599 342 produnt

251 370 375 410 quanta
407 366 589 399 etiamnum
624 365 697 398 eius
730 365 780 398 vis
814 366 877 408 sit,
914 370 950 399 at
983 376 1092 409 genus
1117 366 1242 399 amoris
1267 366 1332 398 iam
1367 375 1433 398 non
1465 365 1599 398 videtur

254 434 351 478 plane
377 431 466 465 idem
492 431 582 474 quod
603 436 713 465 antea.
764 432 863 467 Quae
889 443 965 466 cum
991 433 1038 466 ita
1063 434 1142 474 sint,
1169 443 1234 475 ego
1261 432 1347 466 banc
1373 433 1517 474 elegiam
1542 433 1596 464 ul-

252 500 368 536 timam
393 499 469 532 dico
494 499 614 532 Deliae
645 498 827 542 scriptam,
866 499 900 532 in
932 510 998 542 qua
1023 503 1126 543 poeta
1151 500 1303 533 collectis
1328 500 1440 533 denuo
1473 499 1599 532 viribus

250 565 406 599 omnibus
441 566 614 607 congessit
647 564 810 608 quidquid
843 563 1136 599 hortamentorum
1169 567 1322 608 gravium
1354 566 1521 608 reliquum
1547 565 1598 597 vi-

250 632 396 665 debatur
419 630 560 664 redacto
585 630 629 663 ad
655 634 841 663 extremam
865 641 962 674 spem
987 630 1142 663 amatori·
1192 630 1314 672 Neque
1334 631 1422 664 enim
1448 630 1598 673 reperias

250 697 331 740 quid
372 697 438 730 alio
476 701 630 741 tempore
668 696 793 730 addere
828 697 977 740 potuerit
1010 698 1166 740 gravius,
1204 697 1265 731 sed
1303 698 1440 740 reliquit
1476 701 1598 741 postea

249 764 397 807 puellam
420 764 505 796 alios
529 767 631 806 atque
657 763 740 796 alios
766 773 899 796 amores
929 768 1140 806 sequentem.
1204 764 1364 797 Ceterum
1390 765 1503 807 placet
1527 764 1598 796 ele-

248 832 316 873 gia,
340 834 378 863 ut
403 830 490 863 aliae
514 829 901 874 Tibunt-dispositione
927 841 1040 863 rerum
1066 831 1163 873 scita,
1198 830 1482 875 descriptionibus
1510 830 1596 864 vivi-

248 897 319 937 dis,
352 895 518 930 varietate
553 896 705 930 locorum
741 897 847 930 suavi.
898 899 947 931 Ac
973 897 1081 930 lenior
1114 897 1257 931 affectus
1289 899 1323 930 in
1359 898 1472 941 priore
1497 900 1595 940 parte

249 967 313 1005 est,
339 974 407 1005 quo
433 964 579 1006 pertinet
604 963 707 996 etiam
731 949 889 996 introitus
915 966 1012 998 ratio.
1063 965 1206 998 Poterat
1231 966 1345 999 statim
1371 966 1405 998 in
1430 964 1597 1008 principio

248 1031 382 1064 Deliam
406 1031 552 1072 alloqui,
586 1030 646 1063 sed
673 1031 781 1064 lenius
807 1034 859 1063 est
884 1031 974 1073 quod
1000 1033 1160 1066 Amorem
1186 1038 1347 1074 accusat3
1389 1033 1537 1076 puellam
1564 1032 1598 1064 in

248 1098 354 1131 altera
382 1097 517 1130 demum
543 1101 640 1140 parte
665 1097 849 1139 alloquitur
883 1102 1059 1131 crescente
1091 1099 1227 1132 affectu.
1287 1099 1384 1132 Haec
1408 1103 1523 1132 autem
1547 1099 1599 1131 al-

248 1168 324 1197 tera
360 1174 439 1207 pars
474 1162 587 1205 gravis
623 1165 677 1195 est
714 1166 749 1195 et
786 1166 914 1195 tantam
953 1164 1031 1196 vim·
1061 1162 1163 1196 habet
1202 1168 1359 1206 quantam
1397 1166 1597 1197 suavitatem

249 1231 351 1274 prior.
417 1229 584 1262 Exitus
625 1229 770 1271 denique
808 1228 954 1272 simplex
995 1233 1047 1261 est
1095 1228 1268 1262 exhaustis
1310 1230 1384 1262 aliis
1431 1229 1600 1262 omnibus.

249 1297 376 1329 Paucis
401 1295 514 1328 verbis
540 1295 700 1338 exprimit
724 1298 860 1335 votum,
898 1298 936 1326 ut
967 1293 1065 1326 duret
1093 1293 1146 1327 liic
1182 1306 1278 1328 amor
1309 1295 1352 1327 ad
1378 1298 1599 1335 senectutem,

251 1363 334 1395 felix
361 1363 493 1395 futurus
529 1362 731 1403 etiamnum,
773 1362 802 1394 si
834 1361 942 1404 possit
975 1361 1017 1394 ad
1051 1362 1150 1395 fidem
1185 1363 1297 1397 redire
1327 1364 1434 1397 Delia.
1496 1361 1599 1397 Quod

250 1433 362 1462 tamen
387 1437 454 1460 non
479 1426 614 1460 sactum.

742 1706 1098 1750 EXPLICATIO.

345 1868 388 1902 V.
423 1870 536 1902 1-14.
596 1867 856 1904 Exordium.
915 1871 1012 1905 Heu
1050 1882 1189 1907 novus
1226 1874 1389 1909 rivalis
1428 1881 1578 1911 exstat

251 1932 334 1966 dicit
360 1937 482 1977 poeta3
520 1938 711 1976 negante
738 1935 851 1967 licet
882 1935 1035 1976 Delia,
1067 1942 1196 1972 certa
1228 1942 1435 1985 suspicio
1469 1948 1549 1976 est.

1589 1904 1598 1920 3

344 1999 386 2033 V.
414 2002 429 2031 1
456 2011 528 2042 sqq.
579 2001 764 2044 Semper
790 2006 878 2044 etc.,
900 2014 1036 2047 semper
1061 2005 1108 2037 ita
1132 2005 1234 2048 sacis,
1260 2011 1298 2040 ut
1323 2008 1467 2051 primum
1489 2009 1595 2042 bene-

249 2063 363 2096 volum
388 2068 423 2096 te
448 2063 528 2097 mihi
554 2066 734 2108 ostendas,
760 2066 882 2100 deinde
908 2078 1008 2111 asper
1033 2070 1104 2102 fias.
1154 2071 1206 2104 De
1232 2082 1299 2105 uno
1325 2074 1419 2106 rivali
1443 2075 1475 2106 in
1499 2078 1596 2107 ante-

249 2128 393 2162 cedente
419 2130 528 2172 elegia
554 2132 709 2175 legimus,
737 2133 779 2166 de
805 2135 872 2167 alio
898 2134 950 2168 hic
977 2135 1112 2178 dicitur,
1136 2142 1314 2181 praeterea
1339 2141 1467 2173 minora
1493 2141 1594 2173 dissi—

249 2196 305 2228 dia
333 2197 485 2230 evenisse
515 2199 598 2231 alias
624 2200 688 2232 alia
715 2211 779 2234 non
805 2201 955 2236 dubium.
1005 2203 1159 2247 Denique
1185 2206 1271 2239 adde
1297 2208 1387 2249 quod
1413 2209 1446 2240 in
1471 2209 1596 2242 affectu

250 2261 411 2303 loquitur.
436 2280 481 2287 -
517 2264 708 2298 blandos
743 2277 761 2298 v
774 2267 917 2308 ultus,
956 2267 1106 2301 savorem
1131 2275 1164 2302 et
1190 2271 1461 2305 benevolentiam
1486 2272 1594 2314 signi-

251 2327 411 2368 ticantes3
450 2338 526 2361 nam
552 2331 734 2373 opponitur
759 2332 914 2365 tristis
947 2337 982 2366 et
1007 2345 1159 2377 asper,
1191 2337 1329 2370 immitis
1355 2342 1388 2371 et
1412 2338 1535 2378 durus,
1560 2343 1596 2371 ut

251 2393 336 2426 infra
362 2394 405 2435 11,
429 2398 461 2436 3,
489 2398 545 2427 33.
585 2402 802 2441 comparante
835 2399 924 2432 ΙΑΝο
959 2402 1169 2435 GssBnAnno
1204 2407 1239 2437 et
1276 2405 1595 2439 Wunmmmcmo:

252 2457 351 2490 tristi
367 2458 494 2504 fronle
523 2462 666 2506 Cupido.
693 2482 736 2488 -—
775 2469 821 2498 ut
847 2467 1053 2510 inducar,
1088 2469 1259 2511 pelliciar,
1297 2469 1467 2513 decipiar,
1500 2483 1595 2515 spem

252 2525 375 2558 laetam
401 2527 599 2570 concipiam.
652 2530 776 2565 Cinna.
807 2533 840 2564 in
875 2533 990 2566 Pison.
1026 2545 1054 2567 c.
1082 2536 1120 2566 1:
1160 2533 1232 2565 Ilic
1256 2546 1331 2571 eos,
1368 2534 1494 2581 quibus
1517 2543 1595 2569 erat

250 2588 405 2634 ignotus,
432 2592 744 2638 ‹leceJ1it‚s‹2seIlit,
769 2595 924 2631 induxit.
974 2608 1036 2642 pro
1060 2598 1165 2632 ROSc.
1191 2599 1304 2634 Amer.
1333 2611 1363 2634 c.
1383 2602 1447 2634 40:
1479 2599 1595 2634 Socios
