1721 2953
256 158 337 193 290
569 148 938 191 COMMENTAR.
970 151 1028 191 ΙΝ
1058 152 1285 193 TIBULLl

257 269 343 302 idem
369 267 469 300 etiam
498 266 641 308 Vossm,
675 271 710 299 et
734 272 872 301 secutus
897 274 949 303 est
981 271 1249 303 iacimus-uus.
1297 270 1367 304 Iam
1399 281 1479 306 vero
1504 271 1597 305 desi--

256 334 394 366 deratur
420 332 452 364 in
476 332 697 374 sequentibus
722 333 810 365 alius
836 334 990 377 Sibyllae
1017 346 1148 369 nomen.
1199 337 1349 370 Vossms
1376 348 1438 381 pro
1456 337 1595 371 Phoebo

255 398 398 433 coniecit
418 399 539 433 Demo,
565 398 736 432 Cumaeae
761 399 914 442 Sibyllae
940 402 1029 446 apud
1049 403 1263 436 Pmsmrm
1289 413 1424 446 nomen,
1449 404 1593 436 Huscn-

255 475 336 499 mus
365 468 477 498 autem
503 464 644 509 Phyto,
683 476 770 508 quae
804 468 919 501 Samia
953 469 1015 502 suit
1046 469 1230 502 secundum
1268 470 1414 502 Summ
1439 480 1465 502 s.
1492 480 1523 501 v.
1559 472 1594 501 et

253 530 404 565 Auctor.
425 530 674 574 Quaestionis:
701 534 795 576 Quot
812 533 955 579 fuerint
978 534 1135 580 Sibyllae
1155 548 1208 580 ap.
1231 537 1404 570 MONTEF.
1432 535 1595 570 Biblioth.

251 595 392 629 Coislin.
427 608 457 639 p.
483 598 564 630 347.
600 607 709 639 neque
745 599 922 641 ignobilis,
962 600 1128 642 siquidem
1155 601 1257 634 etiam
1283 602 1317 633 in
1343 602 1448 634 Samo
1475 600 1593 643 quaeri

249 662 347 695 iussit
365 662 502 695 oracula
528 666 676 703 senatus,
702 662 744 695 cf.
770 663 900 697 TAci‘r.
928 665 1047 697 Anual.
1069 664 1128 706 vl,
1150 667 1204 698 12.
1254 667 1303 698 Ac
1327 664 1465 697 Plzoebo
1491 665 1594 698 etiam

249 734 429 772 propterea
455 727 702 761 incommodum
727 727 782 761 bic
807 739 882 761 esse
907 729 1065 762 observat
1089 729 1322 771 Huscmuus,
1355 730 1434 772 quia
1459 731 1591 763 vocati-

250 805 311 828 vus
336 794 478 827 nominis
503 794 602 827 modo
629 795 825 836 praecessit.
874 794 946 827 Iam
969 796 1145 837 quaeritur
1167 795 1247 837 quid
1267 796 1311 828 sit
1330 801 1453 840 grata.
1499 795 1592 839 Sup-

250 860 321 903 plet
346 845 575 892 Huscnxius:
608 858 673 889 tibi
698 870 716 890 o
741 856 898 901 Phoebe,
924 869 999 892 cum
1026 860 1175 902 Voss10‚
1201 860 1291 902 quod
1319 865 1431 894 tamen
1458 861 1594 901 durum,

248 930 309 959 aut
334 924 420 961 diis,
453 924 544 967 quod
570 925 678 966 magis
704 924 806 957 etiam
832 924 1002 969 displicet.
1053 926 1200 959 Omnino
1224 937 1305 959 vero
1329 938 1406 960 cum
1434 927 1590 960 Tibullus

251 1001 340 1024 nunc
372 989 562 1022 detestetur
596 989 736 1022 oracula
770 989 912 1022 istarum
946 989 1177 1033 Sibyllarum,
1220 991 1314 1025 vides
1347 993 1380 1025 in
1416 993 1475 1025 tali
1500 1003 1591 1026 nexu

248 1058 395 1092 maxime
419 1056 669 1090 incommodum
694 1066 770 1090 esse
796 1054 970 1100 epitheton
996 1063 1126 1101 grata,
1151 1058 1222 1091 sive
1246 1057 1403 1094 Phoebo,
1427 1058 1499 1092 sive
1524 1058 1592 1092 diis

246 1124 418 1168 suppleas.
467 1123 521 1156 Ne
557 1123 685 1164 multa,
721 1122 885 1166 palmaria
912 1126 965 1155 est
990 1122 1186 1156 coniectura
1210 1124 1434 1158 Lscmrfflm
1458 1135 1591 1159 mecum

247 1199 308 1232 per
333 1190 464 1223 litteras
489 1189 755 1222 communicata:
793 1187 974 1222 Phoeto
1000 1189 1240 1233 Graiaque.
1290 1191 1376 1224 Nam
1402 1191 1591 1236 Marpessia

245 1255 434 1300 Heropliile
465 1256 616 1288 Troiana
651 1259 714 1290 est.
762 1254 920 1288 Putanda
955 1265 1037 1289 vero
1072 1256 1130 1289 illa
1164 1253 1265 1288 Φυτώ
1295 1267 1370 1290 esse
1402 1258 1475 1302 ipsa
1507 1257 1590 1290 baec

243 1320 414 1354 Phoeto
448 1332 467 1354 a
501 1329 692 1360 ᾳοῐτος.-
741 1322 784 1356 V.
810 1324 855 1355 69
883 1333 934 1365 sq.
985 1323 1202 1366 Quasque
1235 1324 1405 1357 Albana
1437 1335 1590 1357 sacras

245 1387 437 1420 Tiberis
462 1398 542 1430 per
568 1388 753 1420 flumina
780 1392 932 1420 sortes
959 1389 1179 1430 portarit,
1215 1393 1279 1422 etc,
1329 1391 1490 1422 Swmus
1518 1388 1589 1421 Al-

246 1452 384 1487 bunna,
427 1453 616 1485 Smmcssrz
652 1451 820 1489 Albana,
858 1453 918 1486 sed
954 1454 1091 1497 probari
1130 1456 1247 1498 nequit
1271 1456 1438 1488 Albunam
1464 1455 1588 1488 dictam

242 1530 329 1563 quae
366 1520 520 1553 Albunea
555 1519 619 1552 fuit
651 1519 831 1553 VARRONE
870 1523 957 1552 teste
994 1531 1048 1564 ap.
1085 1520 1240 1554 Lactaut.
1275 1521 1301 1562 Ι,
1339 1524 1372 1554 6.
1434 1520 1588 1553 Eandem

242 1587 383 1620 formam
418 1586 569 1620 referunt
603 1586 707 1619 verba
741 1587 822 1619 licet
858 1590 1017 1629 corrupta
1052 1571 1211 1618 Auctoris
1248 1586 1449 1621 Quaestion.
1486 1586 1588 1619 modo

241 1654 398 1687 laudatae
424 1665 477 1696 ap.
504 1654 678 1685 Momm.
708 1652 729 1685 1.
756 1653 831 1686 cit.:
870 1654 923 1683 ἐπὶ
957 1652 1040 1684 πᾶσι
1073 1649 1218 1696 δεκάτη,
1256 1649 1276 1696 ἡ
1311 1655 1496 1697 Τιγοιιρτίιι
1529 1655 1588 1692 μὲν

239 1721 354 1760 γένος,
392 1716 495 1755 ὄνομα
523 1717 559 1748 δὲ
594 1713 789 1757 Ἀβοιψαίιι.
841 1716 968 1748 Verum
1001 1717 1114 1759 potius
1139 1717 1274 1750 videtur
1298 1718 1388 1761 quod
1414 1718 1588 1762 Excerpta

241 1784 355 1816 lapsu
394 1782 580 1815 habebant:
626 1782 793 1827 Quasque
827 1781 970 1814 Aniena
1014 1794 1138 1816 sacras
1176 1782 1303 1816 Tiburs
1333 1796 1398 1828 per
1428 1784 1586 1828 flamina

239 1855 352 1880 sortes
381 1848 562 1892 portarit,
599 1848 702 1891 idque
735 1847 923 1892 probarunt
957 1853 1036 1892 post
1066 1850 1151 1882 alios
1187 1850 1360 1883 Hermus
1395 1854 1429 1884 et
1463 1851 1586 1884 LAcH-

242 1924 411 1956 hulmus,
470 1914 502 1947 in
559 1918 689 1947 textum
744 1915 844 1948 etiam
900 1920 1102 1960 receperunt
1151 1917 1302 1950 Vossms
1351 1921 1385 1951 et
1439 1917 1586 1951 Huscn-

240 1991 336 2013 κως.
403 1981 462 2014 Sic
496 1981 584 2013 enim
621 1982 747 2014 VARRO
784 1993 836 2025 ap.
872 1982 1087 2016 Lactantium
1124 1983 1146 2016 1.
1180 1985 1258 2017 cit-2
1297 1983 1487 2016 :Decimam
1526 1984 1586 2016 Τι’-

241 2045 395 2082 burtem,
432 2045 566 2078 nomine
593 2045 814 2081 Albuneam,
852 2060 941 2093 quae
981 2047 1104 2081 Tiburi
1136 2048 1266 2081 colitur
1303 2039 1443 2081 ut'dea
1479 2048 1586 2081 iuxta

240 2110 338 2153 ripas
364 2110 477 2143 (almis
509 2110 683 2150 Anienis,·
720 2112 820 2145 cuias
854 2113 890 2145 in
923 2114 1068 2160 gurgite
1102 2114 1331 2147 simulacrum
1355 2115 1431 2147 eius
1461 2115 1584 2149 ina-en-

240 2183 317 2209 tum
340 2189 413 2209 esse
439 2177 571 2209 dicitur
597 2183 716 2210 tenens
739 2178 776 2210 in
802 2192 908 2212 manu
935 2180 1084 2218 libram,
1110 2181 1213 2213 cuias
1238 2188 1350 2214 sortes
1374 2187 1522 2214 senatus
1546 2181 1583 2214 itz

240 2243 451 2288 Capitolium
486 2244 726 2279 translulerit.
786 2246 884 2279 Unde
929 2248 1011 2280 satiS
1057 2248 1260 2290 intelligitur
1301 2247 1380 2290 quid
1425 2248 1581 2289 Tibullus

238 2310 425 2352 scripserit.
489 2309 569 2341 Fuit
612 2314 726 2342 autem
774 2311 950 2353 Albunea,
998 2316 1034 2344 ut
1073 2323 1117 2345 ex
1156 2313 1372 2347 Licmwmo
1411 2313 1582 2353 discimus,

239 2375 376 2417 proprie
415 2384 479 2406 non
515 2374 666 2416 Sibylla,
705 2374 763 2407 sed
802 2375 988 2408 domestica
1026 2381 1120 2409 vates
1154 2377 1294 2419 Italiae,
1333 2388 1434 2421 quam
1471 2388 1580 2410 annu-

238 2445 411 2474 merarunt
445 2440 584 2482 Sim-llis
615 2442 843 2475 similitudinis
877 2453 980 2476 causa
1018 2448 1052 2476 et
1080 2455 1155 2478 cum
1182 2450 1293 2478 sortes
1326 2446 1398 2478 eius
1423 2445 1579 2477 similiter

239 2507 271 2539 in
316 2506 485 2548 Capitone
530 2513 757 2542 servarentur.
828 2509 971 2543 Constat
1015 2512 1104 2544 enim
1152 2513 1183 2545 in
1229 2511 1399 2554 Capitolio
1444 2517 1581 2554 praeter

237 2573 423 2614 Sibyllinos
448 2574 548 2607 etiam
581 2575 665 2608 alios
700 2576 804 2610 libros
837 2576 993 2611 fatidicos
1019 2576 1170 2618 habitos,
1209 2577 1251 2610 cf.
1276 2578 1388 2610 Snnv.
1414 2577 1456 2610 ad
1482 2579 1578 2620 Virg.

238 2641 319 2672 Aen.
355 2640 412 2681 vl,
450 2643 506 2674 72.
566 2643 678 2686 Atque
714 2644 888 2679 Albuneae
926 2648 1056 2686 sortes,
1102 2654 1177 2677 cum
1219 2644 1250 2677 in
1286 2644 1421 2678 flumine
1460 2655 1577 2689 reper-
