1721 2953
269 170 374 196 cxnu
814 152 889 193 DE
918 150 1076 195 POESI

269 270 374 311 mIro
396 270 581 310 acumine
603 265 880 321 undequaque
905 266 1016 308 ducit
1040 267 1245 309 Tibullus.
1299 267 1417 309 Adde
1441 267 1618 323 denique

269 345 370 386 ibid.
393 346 463 395 IV,
485 348 524 382 3.
561 356 713 383 novam
752 342 875 382 totius
913 343 1137 383 sententiae
1167 342 1414 384 divisionem
1454 359 1521 385 vv.
1554 360 1621 384 oa-

267 426 358 473 gari
383 429 421 459 et
454 419 690 459 concumbere
719 419 912 458 notatam:
940 441 998 447 —
1044 418 1272 458 Veniamus
1302 434 1413 459 nunc
1444 420 1494 459 ad
1522 422 1621 474 Lyg-

269 498 447 544 damum,
482 492 591 546 apud
623 507 746 546 quem
774 492 1077 546 propemodum
1109 493 1214 532 nihil
1240 493 1478 534 huiusmodi
1505 494 1621 534 inve-

270 571 372 609 nias.
429 568 666 621 Lygdamus
699 568 946 620 amplificare
977 576 1096 617 amat,
1128 576 1174 607 ut
1206 567 1362 621 ubique
1393 567 1531 609 videas
1555 583 1621 608 re-

268 645 465 699 petitione
496 643 679 683 eiusdem
710 644 957 694 seutentiae3
1004 644 1084 682 hoc
1117 657 1217 683 vero
1250 643 1421 682 artificio
1453 643 1621 683 minime

271 734 432 772 semper
460 727 569 758 reete
602 720 748 768 utitur,
782 716 853 756 sed
884 719 1046 769 saepius
1079 726 1163 756 tam
1192 718 1350 769 inepte,
1378 726 1424 756 ut
1454 717 1505 756 ad
1535 727 1622 757 tae-

272 794 385 834 dium
404 808 533 847 usque
552 795 730 833 cumulet
748 792 871 831 idem.
910 791 1018 832 Vide
1039 790 1162 831 modo
1180 793 1280 831 haec
1302 792 1372 841 ΙΙΙ,
1388 793 1426 842 4,
1444 796 1494 831 85
1512 807 1622 847 sqq.:

383 868 492 909 Nam
520 877 559 907 te
593 882 667 907 nec
698 868 802 908 vasti
831 876 1062 918 genuerunt
1093 880 1276 920 aequora
1306 865 1444 919 ponti,

438 943 525 983 Nec
553 942 759 982 flammam
789 945 957 983 volvens
988 956 1058 981 ore
1086 941 1304 981 Chimaera
1337 942 1451 992 fero,

383 1018 471 1059 Nec
502 1020 612 1057 canis
644 1018 846 1069 anguinea
876 1017 1088 1058 redimitus
1119 1026 1233 1068 terga
1263 1025 1445 1066 caterva,

446 1092 524 1132 Cui
553 1101 635 1132 tres
669 1101 765 1131 sunt
795 1094 957 1144 linguae
988 1094 1343 1145 tergeminumque
1373 1097 1514 1142 caput,

387 1166 606 1221 Scyllaque
636 1167 863 1218 virgineam
893 1168 1062 1206 canibus
1093 1167 1298 1207 succincta
1326 1167 1520 1217 figuram,

441 1242 529 1281 Nec
559 1250 598 1281 te
632 1251 871 1294 conceptam
902 1255 1023 1282 saeva
1050 1243 1194 1280 leaena
1222 1242 1336 1291 tulit,

385 1318 570 1356 Barbara
601 1331 676 1355 nec
706 1317 896 1370 Scythiae
926 1318 1046 1356 tellus
1079 1315 1341 1357 horrendave
1371 1312 1519 1368 Syrtis.

273 1391 469 1432 Eiusdem
499 1392 685 1444 perversi
713 1391 854 1432 iudicii
883 1400 943 1430 est
972 1391 1229 1430 enumeratio
1258 1392 1381 1440 longa
1416 1389 1626 1434 scelerum,

275 1482 380 1520 quae
410 1482 496 1506 nou
524 1467 733 1506 admiserit
759 1467 836 1515 ΙΙΙ,
864 1470 901 1516 5,
928 1468 1067 1505 7-14.
1104 1463 1215 1518 (cum
1247 1478 1331 1517 quo
1359 1464 1452 1501 loco
1484 1461 1629 1501 confer

275 1545 487 1583 Tibullum
512 1544 551 1592 Ι,
582 1549 629 1591 3,
654 1546 720 1581 51.
743 1546 809 1580 52.
839 1541 993 1592 optime
1023 1540 1131 1578 intra
1167 1539 1298 1578 iustos
1326 1539 1428 1578 fines
1460 1550 1501 1575 se
1530 1549 1629 1575 con-

274 1616 511 1668 tinentem),
542 1625 750 1670 postremo
782 1625 867 1656 tota
895 1617 1022 1668 elegia
1049 1616 1192 1666 tertia,
1222 1614 1296 1654 ubi
1324 1611 1630 1666 propemodum

275 1696 430 1748 ubique
454 1693 655 1745 repetitur
673 1691 793 1742 idem,
820 1691 978 1732 divitias
1003 1705 1044 1730 se
1069 1700 1330 1729 contemnere
1354 1703 1453 1741 prae
1478 1702 1630 1727 amore.

274 1771 384 1809 Haec
416 1770 539 1820 igitur
578 1770 683 1807 mala
724 1777 840 1816 sunt,
882 1768 961 1806 alia
1000 1767 1086 1806 sine
1117 1766 1240 1813 vitio,
1288 1765 1492 1815 elegantes
1529 1776 1629 1803 vero

276 1845 422 1885 modos
451 1843 788 1896 amplificationis,
820 1843 961 1895 quales
991 1840 1098 1894 apud
1119 1840 1395 1892 Propertium,
1426 1851 1632 1891 nusquam

276 1919 413 1960 video.
471 1920 608 1970 Atque
647 1918 747 1955 haec
783 1915 832 1954 de
862 1917 942 1955 his.
1008 1915 1276 1955 Divisionum
1314 1927 1415 1954 vero
1458 1926 1522 1951 ars
1561 1912 1633 1950 Ti-

277 1997 484 2043 bulliaua,
518 2002 562 2033 ut
590 1993 671 2031 iam
698 2006 822 2044 supra
853 1991 957 2041 dixi,
996 1993 1110 2030 abest
1141 1992 1191 2030 ab
1223 1991 1408 2030 oratione
1431 1988 1633 2042 Lygdami

280 2067 467 2122 (omniuo
497 2081 671 2120 perraro
705 2067 832 2105 utitur
857 2065 1070 2105 dlvisione.
1129 2063 1252 2113 Quod
1279 2065 1350 2113 ΙΙΙ,
1369 2069 1408 2103 2.
1436 2064 1541 2102 ritus
1570 2076 1633 2101 se-

276 2145 481 2196 pulcrales
512 2157 588 2194 per
615 2150 752 2194 partes
782 2150 1097 2189 enumerantur,
1140 2141 1327 2192 profecto
1357 2140 1400 2178 in
1432 2152 1480 2177 eo
1511 2150 1632 2176 nemo

278 2220 363 2259 vim
382 2219 537 2256 Tibulli
565 2216 715 2257 viderit
737 2216 889 2269 ubique
923 2224 963 2255 et
988 2216 1028 2254 iu
1049 2215 1163 2254 omni
1185 2229 1230 2253 re
1260 2213 1483 2254 divisiones
1506 2225 1634 2250 mem-

279 2296 451 2334 brorum
491 2292 680 2331 facillime
711 2287 1000 2343 invenientis);
1047 2303 1152 2342 quae
1181 2303 1247 2328 res
1276 2297 1358 2327 tam
1391 2295 1543 2345 aperta⁸
1564 2294 1634 2336 est,

281 2378 328 2409 ut
357 2370 446 2407 iure
486 2368 646 2406 mireris
689 2380 773 2405 non
806 2365 1139 2405 animadvertisse
1182 2377 1273 2413 eos,
1318 2364 1390 2416 qui
1421 2363 1635 2401 Tibullum

282 2454 489 2487 auctorem
504 2444 625 2483 huius
641 2444 735 2482 libri
748 2444 983 2482 habuerunt
997 2451 1036 2481 et
1048 2443 1214 2481 habent.
1244 2442 1370 2479 Plane
1384 2453 1467 2479 non
1484 2440 1633 2478 factum

284 2529 368 2560 erat
387 2520 509 2558 huius
527 2527 668 2570 poetae
689 2519 901 2568 ingenium
924 2517 973 2556 ad
990 2519 1094 2556 hauc
1116 2517 1289 2556 formam
1315 2527 1529 2554 nervosam
1551 2515 1635 2552 elo-

285 2595 460 2635 cutionis
485 2591 727 2644 fingendam,
755 2593 826 2646 qui
847 2593 1015 2632 omnino
1035 2592 1075 2633 vi
1094 2592 1222 2629 multo
1238 2589 1409 2628 inferior
1426 2597 1484 2628 est
1499 2589 1636 2628 Albio.
