1721 2953
457 106 697 155 TIBULLI
748 105 857 152 LIB.
887 107 916 152 Ι.
945 116 978 153 8.
1328 102 1392 147 29

100 239 266 286 Cantus
304 247 344 282 et
381 253 402 280 e
441 251 576 281 curru
611 232 786 278 Lunam
824 229 1047 277 deducere
1081 237 1240 283 tentat,

165 325 221 370 Et
251 322 439 377 faceret,
486 320 522 366 si
560 337 651 365 non
691 335 790 365 aera
830 315 1009 381 repulsa
1040 325 1213 362 sonent.

93 409 216 473 Quid
231 427 397 475 queror
408 407 495 456 heu
511 406 675 454 misero
690 423 866 453 carmen
881 403 1102 460 nocuisse,
1114 401 1224 468 quid
1239 399 1430 448 herbas?

166 497 329 542 Forma
366 492 479 541 nihil
513 491 700 558 magicis
737 491 877 538 ulitur
909 488 1106 537 auxiliis:

45 581 192 629 25Sed
227 599 390 646 corpus
425 579 620 643 tetigisse
656 589 806 635 nocet,
844 576 923 624 sed
960 575 1094 638 longa
1128 573 1306 621 dedisse

166 666 359 723 Oscula,
405 666 486 714 sed
521 665 681 712 femori
718 663 997 712 conseruisse
1034 660 1191 707 femur.

101 755 194 800 Nec
230 765 278 800 tu
316 750 516 799 difficilis
553 769 696 817 puero
732 762 879 798 tamen
917 765 1011 795 esse
1048 755 1271 794 memento

163 838 475 904 (Persequitur
508 836 667 904 poenis
703 836 847 884 tristia
881 834 998 882 facta
1033 830 1235 895 Venus),

97 926 291 973 Munera
327 943 408 972 nec
445 942 629 991 poscas:
682 923 754 970 det
791 940 976 973 munera
1008 938 1147 967 canus
1186 929 1380 974 amator,

43 1024 90 1058 30
168 1013 230 1058 Ut
256 1011 406 1059 foveas
443 1008 567 1058 molli
602 1009 770 1074 frigida
803 1008 1004 1056 membra
1041 1006 1155 1053 sinu.

104 1098 262 1144 Carior
297 1109 363 1144 est
396 1115 506 1143 auro
543 1095 741 1151 iuvenis,
789 1095 860 1142 cui
897 1093 1008 1140 levia
1046 1091 1217 1155 fulgent

162 1182 257 1230 Ora
289 1201 370 1230 nec
410 1181 638 1248 amplexus
677 1199 834 1247 aspera
869 1178 1013 1226 barba
1048 1177 1158 1224 terit.

96 1268 211 1314 Huic
242 1280 289 1314 tu
327 1267 568 1315 candentes
604 1267 791 1313 humero
828 1281 1034 1331 suppone
1069 1262 1284 1318 lacertos,

162 1354 219 1400 Et
252 1371 408 1416 regum
445 1370 635 1416 magnae
672 1351 980 1417 despiciantur
1015 1371 1134 1419 opes.

41 1439 161 1487 1-55At
196 1442 350 1486 Venus
382 1438 552 1486 invenit
586 1457 727 1504 puero
764 1437 1056 1486 succumbere
1086 1439 1263 1497 furtim,

160 1527 279 1572 Dum
317 1525 441 1572 timet
477 1536 518 1571 et
552 1519 728 1571 teneros
766 1524 961 1571 conserit
998 1543 1138 1590 usque.
1175 1527 1326 1583 sinus,

98 1612 154 1657 Et
189 1611 296 1658 dare
334 1610 561 1657 anhelanti
598 1610 908 1675 pugnantibus
945 1610 1131 1659 humida
1168 1612 1335 1676 linguis

161 1695 330 1744 Oscula
368 1708 409 1742 et
443 1696 490 1742 in
522 1695 636 1742 collo
673 1694 809 1758 figere
845 1696 976 1742 dente
1011 1708 1152 1743 notas.

94 1784 195 1829 Non
219 1782 332 1847 lapis
350 1781 465 1828 hanc
486 1799 774 1845 gemmaeque
794 1780 960 1838 iuvant,
977 1800 1090 1846 quae
1110 1782 1277 1845 frigore
1300 1782 1393 1828 sola

40 1880 87 1915 40
165 1868 372 1915 Dormiat
404 1879 446 1914 et
481 1866 592 1912 nulli
626 1866 683 1913 sit
713 1866 937 1931 cupienda
969 1867 1076 1913 viro.

96 1956 192 2001 Heu
230 1972 329 2001 sero
367 1963 602 1999 revocatur
636 1970 762 1998 amor
793 1970 982 2018 seroque
1018 1953 1220 2008 iuventa,

168 2041 280 2086 Cum
317 2050 440 2086 vetus
477 2037 630 2085 infecit
667 2056 779 2085 cana
815 2050 991 2085 senecta
1023 2049 1167 2104 capnt.

136 2216 175 2248 Υ.
192 2217 249 2248 29.
284 2225 363 2248 uec
394 2215 501 2256 bene,
535 2218 696 2248 monente
721 2215 821 2248 etiam
848 2214 989 2248 Vossm.
1040 2212 1106 2246 Alii
1132 2211 1211 2245 boni
1237 2210 1313 2245 libri
1339 2222 1392 2244 ne.

135 2299 252 2333 V.35.
290 2298 479 2332 invenit.
540 2298 654 2340 Vulgo
689 2297 843 2329 inveniet
881 2296 923 2330 de
959 2297 1156 2330 coniectura
1189 2296 1393 2329 Sclmcnm

42 2364 179 2407 optima.
211 2382 256 2387 -—
317 2363 359 2396 V.
379 2365 435 2396 36.
474 2363 595 2395 Lectio
633 2363 783 2403 timet,
833 2366 944 2395 tamen
983 2361 1147 2406 probatur
1180 2362 1254 2395 iure
1290 2362 1393 2404 vulgo

42 2435 153 2462 tumet
180 2430 222 2463 de
248 2429 442 2462 coniectura
468 2429 682 2461 Summum.

138 2513 177 2546 V.
192 2515 247 2546 39.
275 2514 432 2546 iuvant
462 2522 551 2544 vere.
604 2511 716 2554 Vulgo
740 2510 859 2544 iuvem
888 2510 931 2544 de
959 2510 1155 2545 coniectura
1178 2511 1391 2545 Sumam.

43 2579 115 2612 Res
142 2577 259 2611 eadem
288 2578 351 2618 111,
377 2579 418 2617 3,
441 2579 499 2610 29.
