1721 2953
256 128 372 155 mxu
790 111 866 150 DE
900 108 1055 152 POESl

257 227 295 274 Ι,
327 230 373 276 2,
406 224 484 263 40:

367 298 475 339 Nam
505 296 631 337 suerit
661 295 898 350 quicunque
935 298 1112 350 loquax,
1148 296 1183 335 is
1215 293 1412 347 sanguine
1444 299 1601 342 natam,

420 375 459 414 Is
488 375 661 412 Venerem
695 389 716 414 e
745 371 892 426 rapido
922 373 1068 412 sentiet
1097 385 1184 411 esse
1213 371 1331 410 mari.

258 452 298 499 l,
330 455 378 499 8,
407 453 461 488 2;

368 524 465 565 Non
497 537 571 576 ego
603 525 726 564 celari
755 537 947 577 possum,
987 523 1086 578 quid
1118 531 1243 563 nutus
1281 521 1455 560 amantis

426 598 589 648 Quidve
608 599 742 652 serant
771 600 861 639 miti
888 600 999 639 lenia
1027 600 1157 640 verba
1185 611 1303 638 sono.

258 673 424 728 Ubique
460 675 584 715 obvia
613 676 708 714 talia
739 673 850 727 apud
882 683 1045 727 poetas,
1088 688 1210 713 causa
1241 680 1376 711 autem
1404 683 1504 711 vera
1534 681 1608 707 cur

259 751 467 802 placeant,
507 751 608 790 haec
645 759 726 800 est,
766 759 813 790 ut
842 749 949 801 dixi,
992 750 1090 804 quia
1126 763 1234 788 nova
1265 748 1328 788 vis
1365 747 1421 786 sic
1457 743 1610 783 accedit

259 826 529 879 sequentibus
549 827 746 866 membris
769 825 952 879 periodi,
983 834 1106 878 atque
1127 825 1167 863 iu
1192 824 1319 874 elegia
1341 823 1447 861 hanc
1470 831 1611 859 curam

261 909 517 954 pentameter
555 902 733 942 maxime
777 901 993 941 desiderat.
1063 900 1176 939 Haec
1215 900 1427 938 hactenus.
1494 895 1613 934 Post-

265 990 389 1028 quam
433 977 542 1016 enim
588 976 638 1016 de
681 978 910 1018 variatione
955 976 1153 1015 orationis
1198 975 1243 1013 in
1288 973 1387 1026 ipsis
1431 970 1613 1010 distichis

263 1051 442 1092 vidimus
469 1060 509 1091 et
532 1066 636 1105 quae
663 1066 755 1091 cum
783 1053 859 1091 hac
886 1053 1128 1100 coniuncta,
1162 1048 1476 1103 progrediamur
1504 1060 1614 1084 nunc

265 1128 387 1168 etiam
410 1129 574 1180 longius
599 1130 706 1167 ultra
728 1128 986 1179 singulorum
1011 1125 1280 1165 distichorum
1303 1125 1419 1164 fines.
1476 1123 1614 1175 Atque

266 1205 339 1243 ubi
368 1204 630 1245 brevioribus
659 1203 869 1243 sententiis
899 1203 949 1242 ab
980 1202 1060 1241 alio
1093 1200 1141 1240 ad
1174 1199 1285 1239 aliud
1311 1197 1496 1247 venitur,
1528 1197 1617 1248 ipse

267 1280 333 1318 hic
373 1287 509 1319 motus
551 1280 671 1318 etiam
708 1279 932 1318 elocutioni
968 1291 1060 1316 cum
1096 1276 1325 1316 variatione
1363 1287 1501 1313 rerum
1534 1273 1618 1312 vim

269 1362 506 1404 conservat,
558 1368 632 1393 nec
670 1351 899 1394 verendum
939 1366 991 1390 ne
1032 1351 1150 1390 facile
1189 1353 1426 1401 languescat
1465 1349 1618 1398 oratio3

272 1439 311 1470 at
348 1431 389 1469 in
427 1429 770 1483 descriptionibus
803 1442 930 1480 supra
968 1427 1201 1479 explicatis,
1244 1426 1318 1464 ubi
1356 1424 1620 1464 continuatur

274 1507 424 1546 diutius
463 1505 573 1544 idem
612 1513 733 1544 tenor
771 1517 933 1554 rerum,
979 1515 1129 1553 operae
1170 1501 1347 1553 pretium
1383 1506 1444 1538 est
1478 1497 1621 1537 videre

274 1580 485 1635 quomodo
523 1580 752 1631 intelligens
789 1586 912 1631 poeta
945 1585 1086 1616 caveat
1122 1589 1174 1614 ne
1203 1574 1416 1613 minuatur
1450 1573 1493 1611 in
1524 1585 1623 1624 pro-

275 1671 412 1707 gressu
444 1658 504 1696 vis
536 1655 746 1695 orationis,
805 1652 920 1701 Quae
954 1653 1123 1691 artificia
1158 1651 1279 1690 etiam
1309 1649 1375 1688 hic
1409 1647 1624 1699 simplicis-

277 1735 377 1772 sima
407 1741 523 1782 sunt,
567 1745 659 1771 cum
691 1739 825 1770 cetera
856 1729 961 1768 ratio
992 1726 1246 1767 tractationis
1284 1725 1425 1764 similis
1461 1731 1626 1763 mancat

281 1828 351 1852 uec
383 1810 609 1866 quidquam
641 1809 896 1849 artificiosius
927 1815 1164 1861 quaeratur.
1232 1805 1291 1844 Ac
1324 1803 1503 1855 primum
1534 1800 1626 1854 qui-

279 1888 370 1927 dem
411 1902 503 1926 cum
537 1900 662 1938 supra
693 1884 741 1923 de
776 1885 974 1936 anaphora
1005 1882 1155 1920 dictum
1198 1880 1270 1929 sit,
1312 1880 1413 1918 haec
1451 1877 1495 1916 in
1534 1877 1628 1916 lon-

279 1964 390 2013 giore
422 1961 694 2012 descriptione
724 1959 907 1998 variatur
936 1972 974 1997 v.
997 1971 1030 1996 c..
1055 1959 1106 1994 sia
1138 1956 1174 2004 I,
1203 1958 1246 2002 2,
1275 1956 1325 1993 45
1355 1967 1444 2006 sqq.
1500 1953 1629 2001 Hanc,

280 2041 395 2087 staec,
432 2038 556 2077 Haec.
584 2058 638 2064 —
697 2036 800 2083 Iam,
839 2035 936 2072 Iam.
958 2054 1013 2060 —-
1071 2032 1164 2069 Cum
1191 2031 1295 2079 libet,
1334 2030 1427 2068 Cum
1454 2028 1550 2066 libet.
1574 2048 1631 2056 -—

283 2117 348 2154 l'el
385 2115 422 2162 l,
460 2119 505 2163 7,
541 2116 592 2151 20
620 2125 717 2165 sqq.
789 2112 959 2157 Primus,
1004 2109 1166 2147 Primus.
1196 2127 1251 2133 —-
1321 2105 1416 2154 Hic,
1458 2104 1548 2142 Hic.
1575 2124 1632 2131 ——-

287 2191 478 2237 Bacchus,
520 2188 706 2227 Bacchus.
733 2209 787 2213 —
846 2186 911 2223 Vel
944 2185 1004 2232 ll,
1040 2186 1084 2233 1,
1118 2186 1168 2221 39
1202 2195 1291 2234 sqq.
1363 2181 1445 2228 Illi,
1487 2180 1548 2219 illi.
1576 2200 1633 2206 —

288 2267 411 2313 Tunc,
441 2272 548 2312 tunc,
577 2270 683 2310 tunc,
713 2269 811 2300 tunc.
842 2283 897 2289 —
954 2261 1085 2307 Rura,
1122 2260 1245 2297 Rura.
1268 2278 1323 2285 —
1380 2256 1463 2294 Alio
1492 2257 1528 2292 in
1555 2254 1633 2291 loco

284 2341 335 2385 ΙΙ,
361 2344 396 2387 6,
424 2343 471 2377 21
500 2352 587 2392 sqq.
616 2336 795 2376 eiusdem
827 2335 1062 2387 anaphorac
1089 2332 1375 2385 repetitionem
1404 2329 1634 2380 longiorem

289 2415 547 2465 interrumpit
578 2414 655 2452 sic:
687 2416 790 2465 Spes,
815 2413 918 2465 Spes,
949 2411 1072 2459 Haec,
1099 2411 1205 2457 haef,
1232 2410 1334 2461 Spes,
1355 2429 1407 2435 ——
1443 2402 1634 2444 Secundo

290 2491 378 2529 ioco
407 2489 533 2527 affero
561 2492 792 2527 [mutationem
816 2489 1088 2539 pronominum,
1121 2484 1191 2523 ubi
1219 2482 1266 2521 dc
1293 2480 1431 2520 cadom
1460 2493 1636 2531 persona

289 2580 443 2604 Qormo.
485 2573 523 2603 ut
560 2564 593 2602 Ι,
628 2570 671 2602 4.
704 2565 754 2600 45
786 2577 874 2616 sqq.
939 2563 1064 2608 ΙῙιιιτ,
1101 2562 1207 2612 Ipsa.
1247 2566 1279 2596 cl
1316 2557 1353 2597 l,
1387 2561 1427 2599 5„
1462 2557 1511 2593 49
1546 2567 1635 2606 sqq.
