1721 2953
343 156 423 190 390
649 147 1020 191 COMMENTAP..
1052 152 1108 190 {N
1139 153 1364 193 T11313LL1

342 265 444 299 credo
476 267 554 295 tunc
581 263 683 295 etiam
709 263 740 295 in
768 265 892 297 ceteris
917 266 1070 309 partibus
1096 264 1233 299 chartae
1259 268 1287 300 si
1316 269 1395 311 quid
1422 272 1536 314 asperi
1560 271 1685 316 depre-

342 332 570 372 hendebatur,
609 330 823 373 laevigabat,
858 335 1039 375 antequam
1072 334 1335 368 convolveretur
1365 337 1452 369 liber
1484 341 1519 371 et
1554 339 1686 382 reliqua

342 401 538 431 ornamenta
571 396 755 439 acciperet.
803 396 906 429 Patet
930 407 1011 430 vero
1039 398 1247 441 probandam
1282 401 1478 443 palmariam
1510 404 1686 437 coniectu-

340 475 412 497 ram
430 464 630 496 Huscmffl:
652 474 783 506 pumex
809 462 877 497 cui.
925 464 1086 497 Ceterum
1113 465 1203 498 conf.
1227 466 1389 501 CATULL.
1415 468 1443 509 I,
1468 471 1501 502 2.
1525 487 1571 492 —
1596 470 1685 502 Per-

340 531 410 572 git:
445 535 480 561 et
517 528 641 560 littera
668 528 781 573 facta
802 535 995 572 praetexat
1023 542 1160 562 summa
1184 531 1349 578 fastigia
1372 533 1532 567 chartae.
1580 536 1686 568 HEY-

338 605 422 628 mus
448 595 481 628 in
506 599 661 628 extrema
695 605 757 628 ora
790 597 1008 631 membranae
1042 597 1206 641 scriptum
1241 599 1374 633 titulum
1410 606 1537 635 censet.
1588 602 1684 636 Malo

338 671 421 694 vero
447 671 524 694 cum
550 661 794 694 Scnwrmwzm
817 665 850 694 et
875 662 902 696 Ι.
924 662 969 695 H.
995 663 1123 696 Vossm
1148 661 1344 697 schedulam
1368 665 1559 708 intelligere
1584 678 1687 710 prae-

337 726 442 759 fixam
478 736 560 759 orae
594 725 732 760 chartae
762 737 976 770 papyraceae
1007 727 1205 770 inscriptam
1237 728 1367 762 literis:
1404 730 1574 773 Lygdami
1602 731 1687 764 Ele-

337 793 437 835 giae,
471 796 509 825 ut
534 791 599 825 hoc
627 803 749 835 ponam
775 802 918 834 nomen,
956 802 1035 825 nam
1061 792 1154 825 aliud
1179 792 1242 825 fuit
1267 799 1401 837 poetae.
1451 795 1550 828 Couf.
1576 797 1685 831 Ovm.

338 857 450 901 Epist.
478 868 521 890 ex
546 858 658 891 Ponto
683 858 744 899 lv,
772 860 827 899 13,
853 861 896 890 7:
932 858 1013 900 Ipse
1039 868 1176 902 quoque
1209 863 1251 889 ut
1283 858 1430 892 chartae
1463 859 1610 892 titulum
1646 860 1686 892 de

330 921 459 968 fronte
493 923 662 960 revellas,
702 923 807 968 Quod
837 923 886 956 sit
922 935 1009 967 opus
1043 923 1162 956 videor
1196 923 1307 957 dicere
1334 937 1437 969 posse
1471 933 1583 961 tuum.
1634 928 1686 960 De

339 989 460 1023 eodem
485 989 728 1032 intelligendus
753 994 806 1023 est
831 991 1020 1024 MARTIAL.
1046 990 1108 1032 111,
1131 993 1166 1032 2,
1194 993 1250 1025 11.
1276 992 1385 1027 Ovm.
1410 993 1515 1026 Trist.
1540 993 1566 1034 Ι,
1594 996 1624 1033 1,
1653 997 1685 1025 7.

336 1055 405 1088 Hic
431 1057 550 1089 titulus
579 1057 682 1090 minio
707 1057 857 1100 scriptus
892 1057 1066 1090 eminebat
1100 1057 1187 1090 libro
1222 1058 1257 1089 in
1291 1068 1394 1100 capsa
1425 1058 1574 1092 condito.
1621 1058 1686 1092 Est

337 1125 452 1155 autem
493 1126 743 1165 praetexat
777 1123 828 1155 sic
863 1123 1031 1166 positum,
1071 1125 1109 1154 ut
1144 1122 1254 1154 Vmc.
1281 1123 1366 1156 Aen.
1391 1123 1449 1164 VI,
1475 1126 1515 1156 4:
1560 1122 1686 1156 littora

339 1199 469 1220 curvae
500 1193 720 1232 praetexunt
753 1199 900 1231 puppes.
951 1188 1063 1228 Atque
1089 1184 1172 1219 haec
1199 1186 1241 1219 de
1267 1186 1328 1222 his.
1378 1189 1487 1221 Porro
1512 1187 1599 1221 dixit
1623 1193 1686 1221 te-

339 1253 441 1286 nuis
466 1253 670 1296 chartae,
706 1265 783 1288 cum
810 1254 883 1287 laus
909 1259 1001 1287 esset
1025 1255 1058 1287 in
1084 1254 1249 1287 tenuitate
1273 1259 1308 1287 et
1333 1256 1512 1288 teneritate
1536 1254 1684 1288 chartae.

337 1320 423 1353 Mox
450 1321 617 1354 littera
642 1321 766 1354 sacta
793 1326 845 1355 est
870 1322 1009 1366 scripta,
1035 1326 1176 1357 ,notante
1197 1321 1456 1354 Bnoucrumslo
1483 1326 1518 1355 et
1543 1322 1684 1355 Vunmo

338 1386 560 1429 HEYNloque
595 1391 630 1420 et
664 1387 826 1428 ΒΑοΗΙο,
861 1387 920 1420 sed
957 1387 1108 1419 innuitur
1133 1387 1232 1419 simul
1258 1398 1311 1419 ars
1338 1391 1373 1420 et
1396 1387 1572 1428 diligentia
1597 1387 1684 1418 scri-

339 1455 473 1493 pturae.
525 1451 578 1483 Cf.
605 1452 713 1484 Ovm.
740 1451 885 1484 Heroid.
912 1451 954 1492 V,
976 1453 1008 1483 2.
1047 1450 1191 1484 HonA'r.
1218 1451 1291 1483 Sat.
1316 1451 1344 1493 Ι,
1372 1455 1426 1493 10,
1454 1454 1511 1484 58.
1553 1451 1683 1484 C1c1sn.

339 1518 480 1550 Quaest.
515 1516 620 1549 Acad.
646 1517 708 1558 IV,
732 1519 765 1549 2.
817 1516 971 1558 Denique
1009 1516 1051 1548 de
1087 1516 1311 1550 collocatione
1348 1516 1465 1550 horum
1500 1517 1682 1550 verborum

339 1587 417 1625 post
443 1586 486 1615 ut
513 1582 556 1615 cf.
582 1582 625 1615 ad
650 1582 678 1624 Ι,
704 1585 735 1622 1,
764 1584 818 1614 18.
846 1585 881 1622 5,
914 1584 969 1614 13.
1019 1580 1201 1613 Postremo
1226 1586 1342 1615 tuum
1367 1593 1483 1616 verum
1509 1582 1682 1623 habemus,

338 1654 376 1681 ut
414 1649 535 1682 vidisti.
603 1649 858 1681 LAcnmANan
899 1651 1017 1680 noster
1053 1646 1145 1688 quod
1185 1648 1331 1680 coniecit
1363 1660 1474 1692 puer,
1513 1649 1683 1692 displicet.

336 1714 415 1747 Non
453 1714 538 1747 bene
575 1712 640 1746 hoc
678 1723 802 1746 nomen
837 1713 924 1745 inter
960 1710 1063 1745 haec:
1102 1712 1310 1746 involvat
1346 1714 1600 1748 membrana
1636 1733 1683 1739 —

337 1780 588 1822 pingantur
623 1790 793 1812 cornua
830 1780 1058 1823 interponitur
1092 1790 1156 1812 nec
1191 1790 1252 1823 per
1289 1791 1326 1813 se
1358 1780 1412 1814 hic
1448 1787 1680 1826 exspectatur.

335 1846 680 1887 PoeticaeJoratioiiis
699 1847 869 1889 elegantia
895 1848 1066 1890 postulat:
1086 1858 1218 1891 pumex
1244 1847 1401 1884 tondeat,
1427 1848 1552 1882 littera
1573 1861 1680 1893 prae-

337 1916 459 1947 texat,
493 1923 579 1945 non:
619 1923 704 1956 puer
729 1916 919 1955 praetexat.
944 1930 992 1936 —-
1033 1912 1074 1946 V.
1106 1915 1149 1945 13
1175 1923 1225 1955 sq.
1275 1915 1416 1956 Atque
1450 1915 1573 1947 inter
1609 1926 1682 1957 ge—

336 1980 476 2011 minas
511 1984 576 2012 etc.
627 1979 813 2012 Extremae
848 1990 929 2012 orae
961 1979 1141 2012 voluminis
1174 1980 1341 2023 impactus
1367 1984 1439 2013 erat
1462 1981 1604 2013 bacillus
1629 1985 1683 2013 te-

336 2053 412 2085 reS‚
450 2045 505 2077 cui
541 2045 701 2078 volumen
740 2047 1088 2088 circumvolveretur,
1127 2046 1216 2079 unde
1253 2047 1432 2080 umbilicus
1471 2047 1580 2080 dictus
1617 2051 1680 2079 est.

337 2110 449 2143 Huius
488 2115 601 2154 partes
637 2116 811 2145 extremae
850 2116 1023 2145 exstantes
1061 2113 1230 2155 utrimque
1266 2113 1356 2145 inter
1388 2123 1466 2145 oras
1503 2113 1681 2145 voluminis

338 2179 417 2206 sunt
442 2186 579 2216 cornua,
605 2187 698 2218 auro,
725 2181 870 2219 argento
896 2182 955 2210 aut
981 2178 1086 2210 ebore
1112 2178 1225 2210 ornari
1251 2178 1351 2210 solita
1376 2182 1435 2210 aut
1460 2178 1553 2220 pingi
1578 2179 1680 2210 varie.

337 2240 444 2273 Ovm.
478 2241 583 2273 Trist.
609 2237 636 2283 Ι,
666 2245 697 2283 1,
731 2245 772 2275 8:
821 2242 973 2274 candida
1012 2255 1073 2274 nec
1105 2242 1210 2288 nigra
1245 2254 1376 2275 cornua
1405 2242 1532 2288 fronte
1570 2254 1682 2275 cretas.

1565 2269 1585 2288 ι’)

337 2306 494 2349 Denique
519 2308 697 2342 frontes
733 2310 934 2342 dicebantur
960 2320 1041 2343 orae
1069 2309 1226 2352 chartae,
1265 2315 1302 2343 ut
1327 2312 1435 2345 Ov11).
1461 2312 1564 2344 Trist.
1595 2311 1620 2351 1,
1652 2314 1680 2351 1,

338 2375 395 2405 11.
424 2374 499 2406 loco
526 2385 626 2418 supra
653 2376 767 2418 allato,
793 2377 836 2409 cs.
864 2378 1023 2410 Vossxum
1049 2377 1091 2409 ad
1117 2377 1241 2410 Catull.
1269 2389 1300 2420 p,
1321 2380 1379 2410 51.
1404 2382 1438 2410 et
1464 2378 1678 2410 Scuwnvrz.

337 2438 370 2470 in
402 2439 544 2472 Dissert.
572 2442 630 2473 alt.
658 2443 689 2482 §.
718 2445 771 2475 17.
821 2442 915 2475 Inter
942 2442 1001 2475 lias
1036 2443 1208 2485 utrimque
1244 2444 1436 2485 prominent
1470 2452 1607 2474 cornua.
1634 2460 1678 2465 -—-

338 2505 417 2538 Sic
452 2508 638 2547 etenim,
678 2508 880 2542 observante
916 2510 1168 2550 Lxcnmmxzo,
1206 2514 1342 2552 praeter
1376 2507 1501 2539 Tibulli
1539 2517 1679 2547 moreni,

339 2571 396 2612 qui
425 2570 587 2604 dixisset:
629 2572 714 2606 Nam
742 2575 801 2607 sic.
852 2575 989 2607 Claudit
1016 2586 1096 2607 vero
1129 2579 1229 2617 poeta
1255 2573 1319 2605 lioc
1348 2572 1449 2604 modo
1476 2572 1679 2615 descriptio-

338 2649 414 2673 nem
442 2641 668 2683 propositam,
693 2641 725 2674 in
752 2653 819 2685 quo
845 2653 913 2676 non
939 2646 990 2676 est
1016 2642 1106 2683 quod
1133 2639 1332 2683 reprehendi
1359 2640 1477 2683 possit.
