1721 2953
285 168 402 194 cxmv
822 149 896 188 DE
926 146 1083 190 POESt

286 268 421 318 Quam
456 275 500 308 ut
535 267 592 306 ita
623 263 754 304 dicam
790 263 895 304 lenis
924 272 963 305 et
1001 262 1160 316 placida
1193 270 1253 303 est
1287 263 1419 302 oratio
1449 260 1628 301 hominis

287 345 547 397 desperatum
576 340 792 380 consilium
834 348 995 392 captum
1033 340 1236 378 narrantis
1268 345 1503 390 comparata
1536 350 1628 376 cum

286 421 443 461 Tibulli
471 419 619 457 affectu
650 424 689 455 et
716 416 946 468 impetuoso
977 416 1202 454 verborum
1232 413 1425 462 flumine,
1469 412 1541 465 qui
1570 421 1630 450 ta-

285 509 379 534 men
418 507 505 533 non
544 493 633 532 vult
668 491 793 531 vitam
830 491 913 530 leto
954 487 1096 529 finire!
1146 489 1211 528 De
1248 489 1378 540 figura
1414 488 1630 541 pathetica,

285 569 509 621 anaphora,
540 580 639 606 mox
666 567 787 618 plura
816 566 1043 617 explicabo,
1075 578 1185 604 nunc
1212 572 1386 616 uterque
1417 577 1464 602 ea
1492 563 1632 609 utitur,

285 644 357 683 sed
382 644 572 683 Tibullus
602 649 814 694 praeterea
843 641 1123 692 apostrophen
1162 638 1276 679 addit
1305 646 1344 677 et
1374 638 1633 690 imprecatio-

285 720 349 758 nis
377 719 472 758 iras.
536 716 601 755 Ad
628 715 890 755 iudicandam
920 723 1055 754 autem
1099 715 1342 754 formulam:
1395 714 1472 766 Qui
1494 716 1635 765 primns

285 821 342 827 —
357 796 507 848 ferreus
535 795 590 832 ille
609 792 688 844 suit
718 791 860 831 confer
891 792 970 830 hoc
1006 791 1162 830 Tibulli
1193 789 1397 829 distichon
1427 789 1459 838 Ι,
1490 792 1554 837 10,
1588 793 1632 827 1;

398 869 500 918 Quis
535 870 632 917 fuit,
674 865 903 906 horrendos
933 866 1090 918 primus
1120 865 1192 919 qui
1220 865 1394 918 protulit
1420 861 1569 903 enses?

453 942 587 992 Quam
618 944 730 982 ferus
762 950 802 980 et
829 955 926 981 vere
956 942 1116 980 ferreus
1146 941 1214 979 ille
1244 937 1346 979 fuit!

287 1020 345 1060 'Ut
384 1018 512 1059 discas
554 1017 654 1071 quid
694 1018 745 1057 sit
784 1017 1019 1068 gravissime
1061 1015 1211 1056 dicere.
1267 1014 1350 1054 Sed
1378 1014 1495 1054 mitto
1525 1015 1635 1053 hune

287 1097 446 1143 locum,
487 1094 659 1133 fortiora
694 1092 816 1130 etiam
844 1093 945 1130 haee
977 1092 1014 1143 I,
1048 1095 1097 1140 2,
1125 1094 1202 1131 67:

399 1168 577 1208 Ferreus
605 1168 675 1206 ille
703 1166 802 1215 fuit,
841 1166 935 1219 qui,
975 1173 1014 1204 te
1044 1179 1136 1204 cum
1164 1172 1304 1216 posset
1335 1164 1511 1214 habere,

454 1243 652 1282 Maluerit
679 1240 852 1293 praedas
879 1241 1026 1279 stultus
1057 1248 1095 1280 et
1129 1252 1243 1279 arma
1272 1238 1411 1292 sequi,

290 1327 329 1358 et
343 1319 393 1370 ΙΙ,
409 1322 445 1368 3,
462 1322 479 1357 1
496 1331 506 1356 :
535 1317 651 1355 Rura
671 1330 816 1365 meam,
831 1315 1039 1365 Cerinthe,
1054 1323 1197 1354 tenent
1217 1316 1417 1368 villaeque
1439 1314 1638 1366 puellam:

458 1393 635 1432 Ferreus
665 1399 745 1439 est,
783 1391 866 1428 heu
893 1391 997 1439 heu,
1038 1389 1223 1442 quisquis
1254 1390 1296 1426 in
1326 1390 1429 1428 urbe
1461 1397 1612 1428 manet.

291 1469 363 1508 ubi
391 1467 504 1509 vides
529 1467 797 1520 praemissum
817 1466 960 1505 colon:
992 1465 1150 1503 ferreus
1177 1472 1248 1514 est,
1279 1464 1437 1502 ferreus
1459 1464 1527 1501 ille
1550 1464 1640 1511 fuir,

290 1545 529 1585 nervosiore
560 1541 848 1585 collocatione,
883 1538 996 1592 quod
1025 1537 1260 1591 Lygdamus
1290 1537 1532 1590 postposuit.
1589 1537 1642 1576 At

290 1622 411 1672 plane
443 1619 628 1657 ieiunum
657 1624 695 1654 et
721 1615 907 1666 ineptum
939 1621 999 1653 est
1027 1612 1153 1653 illud:
1184 1614 1285 1663 Ergo
1308 1626 1400 1651 cum
1429 1613 1564 1651 suero.
1585 1635 1641 1641 -—

290 1695 516 1736 Veniamus
533 1692 581 1731 ad
607 1689 715 1729 aliud
732 1704 808 1742 par
822 1690 1025 1729 locorum.
1065 1689 1255 1727 Tibullus
1279 1686 1374 1726 dicit
1390 1687 1513 1736 I‚3‚1.
1529 1701 1640 1740 sqq.:

405 1767 519 1807 Ibitis
550 1767 730 1817 Aegaeas
761 1765 848 1803 sine
877 1777 965 1813 me,
995 1763 1193 1811 Messala,
1234 1776 1309 1814 per
1337 1760 1493 1812 undas,

461 1840 496 1882 Ο
528 1841 684 1880 utinam
715 1852 917 1879 memores
942 1839 1030 1890 ipse
1061 1838 1291 1890 cohorsque
1322 1837 1427 1876 mei:

402 1919 474 1956 ’Me
504 1924 614 1954 tenet
643 1915 791 1965 ignotis
822 1927 988 1963 aegrum
1015 1912 1215 1951 Phaeacia
1244 1912 1387 1951 terris:

461 1991 676 2030 Abstineas
708 1986 867 2037 avidas,
900 1987 1016 2026 Mors
1046 1995 1334 2039 precorlatra,
1374 1998 1532 2024 manus.

406 2067 644 2115 Abstineas,
675 2065 791 2104 Mors
822 2072 927 2112 atra,
967 2076 1127 2115 precor.

296 2142 533 2197 Lygdamus
562 2141 642 2190 ΙΙΙ,-
672 2143 717 2188 5,
747 2143 765 2178 1
799 2153 888 2191 sqq.
918 2139 998 2177 ita:

406 2219 494 2257 Vos
525 2224 654 2265 tenet,
684 2214 865 2254 Etruscis
897 2221 1035 2252 manat
1067 2226 1172 2265 quae
1201 2211 1386 2250 fontibus
1419 2207 1548 2258 unda,

462 2290 585 2330 Unda
616 2291 690 2329 sub
722 2289 920 2329 aestivum
952 2302 1038 2327 non
1071 2284 1259 2326 adeunda
1289 2284 1464 2333 Canem,

407 2366 529 2405 Nunc
561 2374 695 2405 autem
726 2364 848 2403 saeris
879 2363 1073 2402 Baiarum
1107 2360 1297 2413 proxima
1326 2359 1526 2412 lymphis,

468 2440 572 2479 Cum
607 2454 647 2479 se
678 2451 890 2491 purpureo
921 2451 1016 2479 vere
1049 2436 1216 2476 remittit
1245 2435 1420 2473 humus:

410 2517 463 2556 At
492 2515 592 2554 mihi
621 2515 883 2566 Persephone
915 2515 1071 2563 nigram
1103 2511 1317 2550 denuntiat
1346 2509 1512 2548 horam:

467 2590 677 2631 Immerito
707 2589 848 2630 iuveni
875 2601 997 2641 parce
1032 2600 1204 2636 nocere,
1245 2584 1332 2623 dea.
