1721 2953
243 158 430 186 Lxxxwu
780 142 856 184 DE
884 140 1043 185 POESI

244 267 412 300 restant.
490 259 619 310 igitur
659 256 842 298 tractatio
883 257 1112 310 argumenti
1151 259 1197 297 in
1234 257 1370 297 medio
1411 259 1590 297 carmine

244 338 345 377 haec
374 345 452 385 est,
481 344 527 375 111
556 335 707 386 partim
732 348 811 386 per
837 335 1050 374 breviores
1081 335 1302 375 sententias
1331 333 1592 387 procedatur,

243 414 395 464 partim
426 411 719 463 descriptiones
747 419 959 463 ponantur
985 411 1162 450 maiores
1191 413 1459 452 nfinoresve.‘
1505 411 1594 450 De-

245 490 487 541 scriptiones
513 495 650 526 autem
671 501 782 527 nunc
803 488 1038 538 singulatim
1058 488 1267 527 habentur
1284 489 1455 540 positae,
1482 502 1595 528 nunc

247 565 486 605 coniunctae
526 571 623 603 sunt
659 565 823 616 plures,
864 579 910 604 ac
939 563 1116 604 vidimus
1144 571 1228 602 tres
1266 562 1368 604 adeo
1395 563 1512 614 iungi
1543 561 1597 601 ad

246 655 373 680 unam
398 641 599 680 maiorem
626 641 839 680 unitatem.
895 641 983 680 Iam
1014 639 1108 680 vide
1140 639 1364 690 elegiarum
1394 638 1599 678 diversam

248 715 583 768 magnitudinem.
649 716 699 754 In
727 715 866 767 parvis
897 717 1035 767 elegiis
1064 715 1249 756 medium
1278 728 1445 754 carmen
1471 715 1598 754 breve

249 802 310 834 est
337 809 412 833 nec
438 792 636 833 dividitur
663 794 786 844 vulgo
817 792 989 832 dix-ersis
1016 793 1137 840 locis,
1168 791 1244 830 etsi
1270 792 1339 831 vel
1364 792 1432 829 1116
1453 791 1601 829 Tibul-

247 872 359 910 liana
387 871 579 911 nobilitas
609 871 831 910 affectuum
860 869 1076 922 aliquoties
1099 868 1276 908 variavit
1301 867 1601 916 tractationem,

250 954 298 985 ut
327 947 427 997 eleg.
457 946 530 994 IV,
557 950 595 985 3.
624 946 796 998 pulchre
826 945 996 984 factum.
1061 944 1147 984 Ubi
1181 957 1282 984 vero
1313 943 1492 982 maiores
1520 943 1603 981 ele-

250 1021 362 1073 giae,
406 1030 633 1062 nascuntur
669 1023 794 1073 vulgo
828 1021 995 1060 Tibullo
1033 1028 1169 1073 partes
1207 1032 1351 1058 rerum
1388 1017 1495 1057 duae
1532 1025 1604 1057 aut

252 1107 334 1137 tres
363 1099 407 1137 111
436 1097 573 1137 medio
604 1099 805 1148 carmine,
848 1111 954 1151 quae
983 1098 1052 1137 vel
1080 1095 1372 1148 simpliciorem
1400 1092 1605 1145 composi-

251 1173 408 1212 tionem
434 1173 607 1223 habent,
635 1181 683 1212 ut
710 1173 755 1211 111
784 1173 882 1223 eleg.
900 1172 932 1221 Ϊ,
956 1174 995 1211 1.
1023 1172 1076 1220 Π,
1097 1175 1154 1219 6.,
1183 1171 1253 1210 vel
1279 1167 1604 1220 magnificentius

253 1262 296 1289 se
326 1248 574 1299 extendunt,
607 1249 739 1289 tribus
769 1246 872 1287 adeo
903 1255 948 1287 ut
977 1245 1066 1286 dixi
1091 1245 1435 1298 descriptionibus
1463 1245 1509 1283 in
1534 1244 1608 1283 1311

253 1334 370 1379 parte
401 1324 649 1374 coniunctis,
678 1324 724 1363 id
753 1323 868 1376 quod
895 1337 1016 1375 saepe
1044 1322 1091 1365 fit
1115 1323 1161 1361 in
1187 1322 1324 1372 elegiis
1355 1320 1406 1360 ad
1429 1319 1607 1366 Deliam,

256 1417 432 1456 quarum
453 1402 632 1440 maxima
652 1398 893 1453 amplitudo.
932 1397 1291 1447 Quemadmodum
1309 1409 1410 1437 vero
1432 1394 1609 1434 interior

255 1489 460 1520 structura
494 1462 643 1518 haruin
678 1477 859 1530 partium
888 1475 1045 1529 ubique
1084 1482 1275 1514 accurata
1304 1481 1345 1514 et
1375 1472 1510 1520 clara,
1549 1471 1608 1509 ita

255 1559 368 1610 ipsae
408 1556 525 1595 facile
566 1562 716 1594 60611111
754 1555 800 1592 111
837 1566 1039 1593 summam
1074 1558 1114 1590 et
1146 1549 1369 1589 maximam
1407 1547 1610 1587 unitatem

259 1631 470 1680 carminis,
516 1639 556 1670 et
592 1643 806 1683 nunquam
842 1643 930 1669 non
969 1637 1103 1667 totum
1131 1626 1332 1666 exhibent
1361 1623 1611 1664 absolutum.

258 1707 423 1757 Veluti,
471 1715 519 1746 ut
557 1708 794 1759 exemplum
837 1719 1014 1758 ponam,
1067 1705 1169 1755 eleg.
1197 1703 1240 1752 I,
1273 1705 1312 1741 5.
1351 1699 1398 1739 in
1439 1698 1610 1739 discidio

258 1785 391 1837 prima
426 1797 522 1835 pars
558 1782 706 1822 flebilis
741 1783 949 1821 miseriam
978 1788 1124 1833 poetae
1160 1778 1352 1830 exponit,
1390 1777 1520 1815 altera
1548 1774 1611 1814 di-

258 1862 409 1901 rectius
438 1858 676 1911 aggrediens
706 1858 887 1911 puellam
914 1865 955 1896 et
978 1855 1146 1896 fortiori
1172 1855 1217 1895 vi
1246 1867 1387 1894 causas
1418 1853 1612 1893 amolitur

261 1935 435 1974 discidii.
510 1933 698 1986 [traque
738 1940 874 1971 autem
910 1929 1082 1969 diversis
1116 1930 1218 1969 locis
1254 1935 1433 1977 constat,
1476 1926 1613 1979 prima

259 2011 413 2060 tribus,
456 2010 584 2050 altera
622 2007 782 2048 duabus
821 2005 1165 2059 descriptionibus
1204 2013 1408 2046 contexta.
1474 2004 1613 2057 Atque

260 2090 317 2128 ita
346 2088 502 2139 ubique
537 2088 643 2126 bene
675 2099 902 2137 congruere
934 2085 1073 2124 omnia
1108 2096 1208 2123 mox
1235 2093 1431 2121 recensus
1466 2080 1613 2121 carmi-

263 2177 364 2204 num
396 2161 569 2203 docebit.
630 2159 754 2209 Quod
788 2158 968 2213 denique
999 2157 1300 2200 coniunctionis
1330 2157 1439 2206 leges
1468 2154 1614 2194 attinet

261 2243 307 2281 in
335 2239 399 2279 his
434 2239 619 2291 partibus
650 2236 890 2277 ordinandis
919 2237 1175 2284 observatas,
1215 2230 1443 2272 secundum
1470 2227 1614 2281 grada-

262 2318 386 2358 tionis
414 2318 546 2367 legem
574 2316 819 2368 plerumque
851 2327 918 2353 eas
949 2313 1028 2352 sibi
1057 2309 1276 2353 succedere
1299 2307 1454 2351 videas.
1509 2306 1614 2345 Ter-

263 2395 430 2434 narium
459 2406 679 2431 numerum
712 2405 929 2444 nunquam
958 2395 1233 2441 transgressus
1268 2393 1349 2434 est3
1393 2390 1614 2437 quaterna-

266 2473 353 2510 rius
393 2467 642 2508 iniucundus
681 2475 791 2506 recte
832 2465 955 2505 etiam
994 2465 1061 2504 hic
1101 2463 1234 2512 visus,
1276 2473 1370 2501 cum
1407 2456 1613 2497 difficilius

267 2544 559 2596 complectatur
589 2543 746 2580 animus
776 2549 930 2580 tantam
957 2538 1269 2592 amplitudinem
1294 2532 1616 2585 compositionis.

265 2624 495 2676 Aliquoties
541 2623 661 2660 etiam
715 2630 759 2659 111
809 2621 925 2660 facilc
971 2618 1186 2665 coniicias,
1243 2618 1391 2668 paritas
1433 2613 1614 2665 partium
