1721 2953
651 126 893 169 TIBULLI.
1360 140 1437 165 xm

97 245 195 286 Non
253 250 384 297 potest
436 242 480 281 in
528 241 708 281 maxima
759 240 1015 293 simplicitate
1065 237 1302 279 adumbrari
1352 240 1443 292 pul-

96 321 232 361 chrius
272 318 504 358 coniunctio
547 318 701 356 arctior
740 317 988 366 amantium,
1029 316 1160 370 qualis
1189 313 1442 368 aliquamdiu

95 392 194 434 suit!
253 391 434 435 Omnino
474 400 662 432 notatum
696 391 818 431 etiam
855 394 904 431 ab
937 393 1025 431 aliis
1056 400 1134 441 est,
1177 391 1356 430 carmina
1389 404 1443 429 ex

92 469 231 523 priore
268 476 455 520 tempore
492 468 615 507 huius
653 468 803 508 amoris
841 468 987 507 miram
1017 467 1172 520 spirare
1202 467 1444 507 suavitatem

93 558 301 584 sensuum.
370 542 451 582 Sed
491 551 577 583 erat
617 542 661 581 in
689 542 812 582 Delia
841 551 1012 582 naturae
1043 543 1142 583 vitio
1177 541 1443 595 deplorabilis

89 621 233 662 levitas
273 621 421 669 animi,
464 620 573 660 unde
606 621 759 660 sactum
796 628 841 659 ut
868 619 913 658 in
943 620 1059 659 lenae
1090 633 1242 671 pravae
1269 619 1441 671 laqueos

90 696 286 738 incideret
317 705 356 737 et
387 696 509 736 fidem
540 697 760 747 frangeret.
820 693 969 736 Ortum
998 693 1112 742 inde,
1141 701 1335 745 utsupra
1358 693 1440 732 iam

92 771 268 824 dictum,
306 773 486 826 primum
530 781 590 812 est
628 772 864 822 discidium,
899 770 1145 823 ‘gravissime
1176 768 1338 809 dolente
1368 770 1440 809 Ti-

90 849 225 898 bullo,
265 848 337 902 qui
370 862 483 900 spem
515 848 834 900 pulcherrimam
865 846 920 885 sic
958 845 1010 885 ad
1048 846 1209 885 irritum
1249 844 1439 885 cecidisse

90 922 260 964 videret.
318 925 544 977 Postquam
580 931 717 963 autem
747 930 877 975 nupta
906 922 995 964 viro
1029 923 1166 974 puella
1196 922 1240 961 in
1267 921 1440 973 gratiam

91 1014 182 1040 cum
210 1007 332 1054 poeta
364 999 561 1051 redierat,
596 1002 661 1040 cui
692 1001 830 1042 favere
862 1013 948 1040 non
982 998 1178 1047 desierat,
1210 999 1317 1040 vitae
1347 1000 1440 1053 qui-

91 1075 181 1115 dem
211 1077 387 1115 rusticae
418 1077 566 1128 felicis,
609 1092 734 1131 quam
761 1078 1003 1129 imaginatus
1035 1085 1141 1125 erat,
1186 1090 1271 1115 non
1304 1075 1440 1128 potuit

90 1153 263 1204 amplius
293 1154 397 1192 seria
430 1153 619 1203 cogitatio
654 1165 752 1202 esse,
783 1153 866 1192 nati
896 1165 994 1193 vero
1026 1152 1093 1191 isti
1120 1150 1323 1202 ingeniosi
1355 1149 1440 1190 doli

88 1229 231 1269 furtivi
260 1237 377 1275 sunt,
420 1243 524 1282 quos
552 1230 594 1267 in
625 1227 803 1269 secunda
839 1238 877 1268 et
912 1235 1027 1267 sexta
1057 1228 1182 1278 elegia
1214 1225 1438 1277 descriptos

86 1305 297 1343 habemus.
353 1306 425 1343 Est
455 1305 678 1345 etiamnum
701 1305 951 1345 desiderium
980 1303 1199 1343 indelebile
1230 1303 1436 1342 formosae

85 1379 268 1430 puellae,
303 1378 417 1417 cuius
448 1393 524 1418 usu
556 1394 694 1419 carere
727 1379 891 1433 nequit,
925 1380 1149 1418 etiamnum
1182 1393 1273 1418 cum
1305 1387 1438 1418 amata

87 1457 151 1494 vel
168 1455 212 1493 in
240 1455 472 1505 solitudine,
503 1458 535 1495 si
565 1457 705 1509 possit,
734 1458 872 1497 vivere
897 1458 995 1497 velit
1017 1457 1177 1505 lubens,
1209 1455 1279 1495 sed
1304 1465 1437 1495 aestus

86 1531 236 1570 amoris
262 1531 518 1584 aliquantum
542 1541 683 1572 auctus
709 1532 874 1573 videtur
896 1542 933 1572 et
957 1532 1155 1585 cupiditas
1180 1531 1311 1571 maior
1333 1533 1437 1571 sacta

84 1605 408 1658 impedimentis,
451 1607 558 1647 unde
597 1607 766 1659 insignis
797 1608 1055 1648 vehementia
1092 1608 1313 1647 affectuum
1346 1615 1436 1646 orta

83 1683 127 1719 in
167 1682 230 1720 his
268 1682 516 1721 carminibus
556 1684 776 1735 conspicua
810 1692 849 1723 et
878 1683 1092 1736 persuasio
1128 1684 1230 1721 nihil
1259 1683 1436 1721 intenta-

84 1765 171 1794 tum
202 1758 459 1809 relinquens,
502 1773 607 1810 quae
638 1767 774 1796 tamen
807 1760 850 1796 in
893 1760 1037 1798 ultimo
1081 1760 1260 1798 carmine
1299 1758 1345 1811 (l,
1379 1758 1435 1797 6),

84 1833 127 1870 in
158 1833 458 1881 castigationem
489 1834 742 1873 acerbiorem
773 1835 934 1883 transit,
966 1843 1005 1874 et
1035 1833 1201 1873 adhibet
1230 1834 1433 1888 quidquid

83 1909 415 1960 gravissimorum
446 1911 670 1949 verborum
704 1911 875 1951 amatori
913 1911 1103 1950 restabat.
1178 1911 1286 1950 Tum
1326 1912 1435 1949 enim

84 1998 234 2024 novam
262 1984 477 2036 perfidiam
506 1985 627 2023 Delia
658 1983 887 2033 admiserat,
917 2000 1022 2039 quae
1053 1987 1134 2024 iam
1166 1987 1286 2024 etiam
1317 1987 1435 2025 lasci-

84 2060 174 2099 vior
212 2069 296 2100 erat
337 2061 443 2100 facta
481 2056 583 2115 (neve
612 2063 719 2101 cubet
747 2064 836 2102 lacco
862 2071 989 2115 pectus
1020 2070 1155 2116 aperta
1183 2060 1303 2111 sinn),
1344 2077 1434 2102 suc-

84 2144 286 2175 cesserant
322 2135 409 2175 irae
440 2137 741 2191 frequentiores
783 2148 822 2178 et
860 2140 1114 2192 pulsationes
1145 2138 1246 2180 adeo
1278 2139 1433 2179 accide-

82 2220 189 2251 rant.
249 2212 406 2251 Tamen
437 2215 558 2253 etiam
587 2215 630 2254 in
654 2215 733 2254 hoc
764 2215 942 2254 carmine
973 2216 1101 2254 multa
1124 2216 1294 2266 vestigia
1321 2230 1434 2256 amo-

82 2288 137 2328 ris
166 2297 329 2340 patent,
373 2291 447 2343 qui
475 2305 585 2332 nova
618 2306 711 2332 cum
740 2293 782 2333 vi
815 2292 1130 2342 resurrexisset,
1170 2292 1204 2331 si
1235 2293 1435 2346 potuisset

82 2365 203 2406 Delia
232 2365 368 2433 redire
399 2365 450 2405 ad
479 2369 692 2409 meliorem
720 2370 893 2422 frugem.
954 2368 1076 2418 Quod
1100 2384 1191 2409 cum
1218 2384 1303 2410 non
1330 2380 1431 2411 esset

85 2441 245 2490 sactum,
287 2452 429 2496 postca
459 2445 598 2484 relicta
633 2455 704 2495 est,
736 2445 868 2495 credo,
898 2460 981 2486 non
1016 2447 1103 2486 sine
1135 2446 1277 2487 dolore
1307 2451 1433 2499 grati.

87 2518 345 2558 Absolvimns
374 2521 589 2560 historiam
622 2521 744 2560 huius
776 2522 947 2571 amoris;
987 2532 1171 2575 superest
1202 2526 1433 2564 observatio

86 2590 137 2629 ad
187 2595 508 2645 cognoscendam
556 2597 772 2649 pulchram
823 2596 1004 2638 indolem
1050 2598 1135 2638 eius
1183 2600 1433 2651 gravissima.
