1721 2953
253 141 318 186 32
669 136 910 184 TIBULLI
955 138 1064 185 Llss.
1094 138 1126 187 Ι.
1152 148 1185 184 9.

682 311 1023 355 ELEGIA
1090 314 1165 354 IX.

305 427 473 537 Quid
507 463 646 522 mihi,
696 465 731 511 si
768 465 919 513 fueras
955 465 1142 514 miseros
1179 464 1381 513 laesurus
1418 483 1606 522 amores,

370 550 575 599 Foedera
611 569 692 616 per
721 550 870 610 divos,
915 550 1028 600 clam
1064 551 1299 610 violanda,
1346 551 1519 600 dabas?

313 638 385 686 Ah
422 638 580 695 miser,
625 638 704 685 etsi
741 638 841 704 quis
877 638 1025 704 primo
1060 639 1258 705 periuria
1295 638 1432 697 celat,

378 726 490 773 Sera
518 737 666 774 tamen
702 725 845 773 tacitis
881 725 1033 773 Poena
1066 725 1186 773 venit
1219 725 1426 791 pedibus.

284 813 521 874 5Parcite,
568 811 798 861 caelestes:
850 831 1042 878 aequum
1079 823 1144 860 est
1177 813 1361 879 impune
1394 811 1527 860 licere

375 899 572 947 Numina
606 898 817 946 formosis
850 897 1027 946 laedere
1059 910 1202 946 vestra
1237 898 1384 946 semel.

305 987 452 1033 Lucra
488 997 642 1050 petens
677 983 818 1033 habili
852 996 1004 1033 tauros
1039 985 1244 1049 adiungit
1280 996 1427 1033 aratro

379 1073 436 1119 Et
473 1072 637 1119 durum
673 1084 815 1119 terrae
852 1072 1044 1120 rusticus
1078 1083 1206 1135 urget
1243 1090 1385 1137 opus,

313 1160 460 1206 Lucra
494 1158 709 1223 petituras
744 1157 856 1205 freta
885 1177 967 1223 per
1002 1158 1204 1223 parentia
1242 1157 1382 1204 ventis

263 1259 308 1292 10
388 1246 573 1293 Ducunt
609 1244 838 1292 instabiles
871 1243 1019 1291 sidera
1054 1255 1172 1291 certa
1209 1255 1350 1291 rates:

317 1330 584 1377 Muneribus
619 1349 745 1377 meus
782 1341 845 1376 est
881 1341 1037 1394 captus
1072 1348 1196 1395 puer.
1243 1341 1286 1377 at
1322 1329 1432 1376 deus
1467 1328 1541 1376 illa

383 1417 435 1463 In
475 1417 666 1464 cinerem
703 1428 744 1463 et
773 1415 967 1481 liquidas
1004 1433 1190 1462 munera
1222 1427 1362 1462 vertat
1397 1434 1547 1480 aquas.

315 1503 407 1549 Iam
445 1501 557 1549 mihi
590 1501 811 1567 persolvet
843 1520 1038 1567 poenas,
1086 1501 1320 1566 pulvisque
1342 1484 1564 1548 ’decorem

384 1586 600 1635 Detrahet
629 1598 668 1634 et
697 1587 837 1634 ventis
874 1585 1059 1634 horrida
1093 1587 1210 1634 facta
1239 1605 1390 1644 coma,

265 1677 490 1722 15Uretur
521 1673 682 1730 facies‚
727 1685 915 1720 urentur
945 1673 1036 1719 sole
1075 1673 1249 1738 capilli,

385 1760 567 1805 Deteret
595 1758 816 1805 invalidos
852 1769 891 1805 et
921 1759 989 1805 via
1024 1758 1159 1822 longa
1196 1758 1345 1823 pedes.

311 1845 542 1891 Admonui
579 1844 784 1910 quotiens
822 1852 956 1890 ‘auro
992 1862 1048 1890 ne
1085 1843 1234 1908 pollue
1266 1844 1484 1890 formam:

383 1931 527 1995 Saepe
557 1929 701 1977 solent
736 1948 845 1976 auro
880 1928 1018 1975 multa
1049 1929 1231 1975 subesse
1262 1929 1389 1976 mala.

319 2015 498 2063 Divitiis
533 2026 687 2079 captus
720 2014 860 2078 siquis
892 2013 1068 2060 violavit
1103 2033 1325 2071 amorem,

267 2111 314 2144 20
389 2100 652 2165 Asperaque
686 2111 748 2146 est
778 2099 840 2145 illi
876 2099 1167 2164 difficilisque
1201 2103 1367 2146 Venus.

327 2187 415 2233 Ure
450 2203 597 2231 meum
633 2185 782 2250 potius
819 2184 997 2232 flamma
1034 2197 1166 2250 eaput
1199 2196 1239 2232 et
1273 2196 1371 2250 pete
1407 2183 1526 2230 ferro

395 2272 568 2337 Corpus
607 2283 645 2318 et
679 2271 844 2318 intorto
877 2271 1058 2318 verbere
1093 2283 1216 2335 terga
1253 2289 1365 2318 seca.

365 2471 481 2505 V.13.
519 2473 755 2514 persolvet
792 2473 867 2505 libri
902 2473 1029 2516 optimi.
1080 2473 1254 2506 Puccms:
1291 2471 1374 2513 „vel
1405 2469 1616 2514 persolues?

271 2536 322 2569 lta
343 2536 466 2569 Annus
495 2538 597 2570 1502.
648 2538 726 2571 Quo
752 2547 818 2571 non
840 2547 945 2582 opus,
972 2537 1050 2571 licet
1074 2537 1265 2580 receperint
1283 2536 1433 2571 Vossuss
1454 2540 1490 2569 et
1505 2536 1617 2569 Wun-

273 2612 493 2636 mmmcmus
523 2606 557 2636 et
582 2601 751 2635 Bicums.
