1721 2953
330 176 426 204 ,κω-ι
868 157 944 197 DE
978 154 1136 198 POESI

330 280 426 319 alias
458 278 611 318 formas
650 270 847 321 induens,
888 269 1019 312 donec
1055 271 1100 311 in
1136 269 1252 309 exitu
1282 268 1461 324 quietem
1495 271 1677 324 qualem·

331 368 493 408 cunque
529 350 734 399 inveniat,
775 359 942 388 servans
979 359 1079 387 vero
1110 346 1266 399 ubique
1295 344 1452 385 unitate
1482 359 1555 385 sua
1583 346 1677 385 uni-

330 439 456 470 tatem
485 425 687 468 carminis.
744 424 802 464 Ut
827 437 911 463 uno
935 424 1066 464 verbo
1089 421 1316 462 describam
1340 430 1474 462 totum
1499 436 1676 473 cursum,

331 507 481 561 querela
509 504 656 543 exordii
680 504 812 540 transit
839 503 876 539 in
905 508 1077 540 conatum
1105 499 1254 537 tollendi
1281 501 1486 547 miseriam,
1526 505 1678 537 conatus

329 584 404 620 ezm't
431 584 467 619 in
496 581 655 632 requiem
686 591 865 615 curarum
895 577 1198 629 qualemcunque.
1255 571 1478 613 Videamus
1507 573 1678 623 singula.

331 657 515 695 Primum
544 654 672 692 affero
701 664 824 691 carm.
844 651 895 700 II,
911 650 950 689 4.
1006 648 1193 689 Nemesis
1216 646 1492 687 indissolubili
1511 647 1677 687 vinculo

332 737 495 782 ceperat
523 728 759 775 Tibullum,
800 722 873 764 sed
911 724 1016 764 male
1053 725 1234 764 habebat
1269 724 1376 762 fastu
1415 737 1468 762 ex
1506 722 1679 763 avaritIa

329 804 604 853 intolerabili,
647 810 769 855 atque
808 801 875 839 hic
913 812 1057 839 sensus
1098 799 1254 839 servitii
1292 798 1520 848 durissimi,
1565 811 1677 836 nunc

330 883 511 935 primum
535 877 671 920 vivide
697 886 916 930 penetrans
944 877 1147 925 animum,
1177 884 1236 915 est
1262 876 1430 915 affectus
1457 874 1678 926 primarius

332 957 545 1000 carminis,
582 951 696 1007 quod
723 953 944 993 vehemens
976 960 1016 991 et
1044 950 1310 1001 iracundum,
1350 951 1532 989 maximo
1563 956 1678 988 motu

332 1032 460 1071 animi
498 1029 781 1082 desperatione
823 1029 985 1068 oborto.
1050 1025 1196 1065 Prodit
1228 1033 1353 1064 status
1382 1025 1444 1064 rei
1471 1024 1606 1062 statim
1634 1022 1679 1061 in

333 1106 528 1157 exordio,
569 1115 615 1145 ut
642 1119 720 1158 par
749 1112 828 1146 est,
869 1105 944 1143 ubi
978 1102 1234 1141 lamentabili
1272 1102 1458 1140 oratione
1492 1098 1680 1152 queritur

331 1182 558 1231 miseriam,
596 1181 642 1218 in
672 1193 753 1232 qua
781 1186 983 1218 versatur.
1041 1178 1151 1216 Tum
1177 1176 1220 1214 in
1252 1175 1387 1215 medio
1418 1174 1598 1214 carmine
1629 1171 1680 1211 ad

333 1270 473 1297 causas
514 1264 552 1294 et
591 1255 729 1294 fontes
767 1253 955 1293 miseriae
994 1250 1101 1292 redit
1139 1249 1330 1304 querela,
1377 1259 1417 1290 et
1455 1249 1680 1289 detestatur

333 1333 547 1374 avaritiam
586 1339 624 1370 et
662 1330 874 1369 luxuriam
910 1330 1157 1381 puellarum.
1221 1329 1350 1379 Igitur
1387 1341 1498 1367 nunc
1537 1326 1680 1366 crescit

331 1417 488 1457 motus,
518 1407 707 1447 veniente
737 1404 799 1443 ira
830 1413 868 1443 et
897 1404 1202 1455 indignatione:
1234 1417 1358 1443 avara
1384 1404 1521 1455 puella
1552 1410 1611 1441 est
1642 1410 1681 1440 et

334 1484 515 1524 carmina
544 1482 648 1520 nihil
676 1487 873 1531 prosunt,
903 1479 1102 1517 iubentur
1129 1479 1275 1530 procul
1303 1479 1363 1516 ire
1385 1478 1531 1516 Musae
1554 1475 1681 1513 inuti-

332 1562 415 1610 les;
448 1564 570 1597 crunt
596 1563 742 1608 poetae
768 1569 844 1606 per
872 1554 956 1593 vim
985 1552 1089 1592 adeo
1116 1552 1226 1592 dona
1252 1551 1499 1606 quaerenda,
1530 1552 1680 1605 quibus

333 1634 554 1674 satisfaciat
590 1631 797 1672 avaritiae.
866 1629 947 1670 Sed
979 1629 1077 1669 dum
1117 1630 1173 1670 sic
1212 1628 1388 1669 ostendit
1427 1637 1465 1667 et
1505 1629 1682 1678 exagitat

333 1710 579 1764 pravitatem
604 1706 795 1747 avaritiae
824 1705 968 1755 huius,
998 1704 1123 1755 magis
1152 1705 1274 1743 etiam
1297 1703 1482 1742 irritatur
1506 1704 1680 1752 animus,

334 1787 527 1827 dicuntur
548 1786 630 1824 iam
656 1784 956 1822 exsecrationes
983 1781 1218 1821 auctoribus
1243 1781 1433 1819 luxuriae
1456 1788 1496 1819 et
1519 1781 1681 1832 puellae

335 1876 482 1904 avarae
507 1862 599 1913 ipsi,
630 1859 818 1911 opposita
840 1860 1078 1898 mollissima
1099 1856 1221 1897 laude
1243 1859 1459 1907 bonarum,
1485 1865 1532 1896 ut
1553 1856 1682 1895 aculei

333 1936 483 1977 fortius
511 1942 710 1987 pungant.
775 1934 910 1986 Atque
941 1933 999 1971 ita
1025 1931 1139 1972 vides
1172 1941 1265 1984 post
1295 1934 1505 1985 querelam
1535 1931 1682 1970 introi-

335 2021 401 2051 tus
438 2009 617 2051 vividam
652 2008 755 2048 duos
793 2023 923 2050 novos
962 2009 1111 2060 gradus
1147 2010 1225 2048 sibi
1256 2008 1472 2048 succedere
1511 2008 1681 2047 affectus

338 2086 520 2127 eiusdem
549 2086 745 2125 continuo
772 2085 1001 2123 crescentis.
1059 2083 1140 2123 Sed
1169 2098 1280 2123 nunc
1301 2092 1469 2124 revocat
1492 2097 1534 2122 se
1560 2092 1682 2135 poeta

339 2166 389 2203 ab
419 2165 494 2203 hac
523 2161 736 2202 iracundia
764 2176 839 2213 per
866 2163 1135 2200 mutationem
1158 2161 1381 2214 sententiae
1390 2190 1401 2210 ,
1431 2160 1550 2199 aliter
1573 2159 1681 2198 enim

338 2240 448 2279 finiri
483 2240 562 2277 hoc
604 2251 766 2276 carmen
805 2249 891 2275 non
930 2244 1113 2288 poterat,
1156 2245 1195 2275 et
1229 2235 1430 2275 submittit·
1469 2247 1510 2272 sc
1550 2242 1683 2272 totum

338 2315 542 2357 voluntati
582 2314 764 2366 puellae,
816 2321 982 2365 paratus
1027 2313 1164 2351 onmia
1207 2310 1317 2364 quod
1359 2311 1458 2351 velit
1495 2308 1681 2349 Nemesis

339 2392 473 2430 facere
512 2398 551 2429 et
590 2389 698 2441 pati,
742 2388 775 2428 si
812 2387 935 2427 modo
971 2389 1116 2428 faveat.
1174 2386 1240 2426 Sic
1270 2385 1447 2438 denique
1482 2383 1681 2436 obsequio

343 2478 600 2506 commovere
641 2462 794 2512 studet,
837 2477 960 2516 quam
991 2471 1082 2502 ante
1112 2461 1370 2501 vehementia
1401 2459 1570 2498 affectus
1600 2466 1681 2496 ter-

339 2548 491 2579 ruerat.
546 2540 773 2578 Veniamus
803 2539 854 2579 ad
885 2554 1048 2579 carmen
1078 2539 1136 2588 ΙΙ,
1167 2542 1206 2577 6.
1262 2536 1467 2575 Duritiam
1495 2533 1680 2573 Nemesis

342 2624 462 2667 poeta
490 2615 640 2654 iterum
670 2614 830 2654 flectere
870 2623 1062 2663 conatur,
1107 2611 1178 2653 sed
1206 2624 1316 2650 nunc
1345 2609 1472 2650 flebili
1503 2608 1678 2648 maxime
