1721 2953
478 119 723 166 TIBULLI
768 120 879 167 LIB.
907 121 982 167 III.
1009 132 1044 170 2.
1372 124 1434 171 63

141 245 293 291 Durus
332 254 373 290 et
405 243 478 290 ille
512 243 619 301 fuit,
666 244 744 309 qui
777 254 950 291 tantum
985 244 1101 292 ferre
1134 243 1358 304 dolorem,

205 330 360 377 Vivere
397 340 437 375 et
473 341 622 395 erepta
659 329 850 393 coniuge
890 331 966 395 qui
1004 331 1160 395 potuit.

109 417 248 463 5Non
278 434 360 478 ego
389 413 546 462 firmus
577 415 624 462 in
655 415 755 473 hoc⁷
786 435 879 463 non
906 415 1014 464 hacc
1041 418 1254 483 patientia
1280 429 1436 466 nostro

205 501 418 565 Ingenio:
462 501 632 565 frangit
667 502 799 550 fortia
837 503 974 550 corda
1012 504 1164 552 dolor:

143 589 234 635 Nec
270 587 380 633 mihi
417 606 520 634 vera
555 586 679 653 loqui
716 588 869 654 pudor
902 601 967 636 est
1001 590 1202 657 vitaeque
1238 591 1368 640 fateri

206 674 295 720 Tot
327 673 444 721 mala
484 692 724 739 perpessae
758 674 908 722 taedia
942 688 1047 723 nata
1080 679 1218 724 meae.

139 760 260 823 Ergo
298 779 399 806 cum
432 771 610 807 tenuem
645 760 773 807 fuero
810 772 1006 808 mutatus
1040 762 1087 809 in
1122 764 1331 811 umbram

85 856 131 891 10
209 845 503 911 Candidaque
539 864 640 894 ossa
677 865 814 912 super
847 848 979 911 nigra
1015 848 1164 897 favilla
1200 862 1339 914 teget,

135 932 252 978 Ante
287 950 435 978 meum
472 932 619 979 veniat
652 931 812 996 longos
848 933 1079 1000 incompta
1115 936 1301 1001 capillos

204 1017 262 1064 Et
294 1016 397 1064 fleat
432 1029 532 1064 ante
567 1037 717 1065 meum
752 1031 922 1066 maesta
955 1021 1128 1067 Neaera
1163 1040 1337 1085 rogum.

136 1101 226 1148 Sed
260 1102 407 1149 veniat
442 1122 569 1150 carae
602 1103 757 1150 matris
790 1104 999 1152 comitata
1031 1105 1212 1154 dolore:

206 1188 407 1234 Maereat
443 1187 552 1235 haec
588 1207 778 1252 genero,
825 1202 1021 1237 maereat
1051 1190 1127 1238 illa
1161 1191 1270 1239 viro.

85 1274 375 1320 15Praefatae
410 1285 510 1320 ante
548 1293 670 1321 meos
707 1276 866 1321 Manes
907 1275 1191 1341 animamque
1230 1291 1436 1343 precatae

204 1360 507 1424 Perfusaeque
543 1359 642 1424 pias
679 1371 780 1406 ante
818 1359 992 1425 liquore
1027 1380 1212 1420 manus,

138 1446 249 1492 Pars
287 1465 400 1511 quae
440 1445 534 1493 sola
569 1446 656 1493 mei
693 1447 925 1512 superabit
961 1449 1188 1513 corporis,
1234 1469 1336 1498 ossa

200 1533 426 1580 Incinctae
462 1533 593 1597 nigra
621 1529 823 1582 'candida
858 1546 976 1582 veste
1013 1534 1184 1599 legent,

137 1619 194 1665 Et
227 1619 425 1683 primum
463 1638 635 1666 annoso
671 1632 886 1685 spargent
922 1620 1105 1669 collecta
1136 1622 1309 1689 Lyaeo,

83 1715 131 1749 20
209 1706 317 1751 Mox
355 1706 484 1751 etiam
521 1706 650 1752 niveo
683 1706 874 1753 fundere
909 1706 1020 1754 lacte
1055 1720 1240 1772 parent,

136 1791 246 1837 Post
280 1790 390 1837 haec
426 1790 650 1837 carbaseis
689 1791 924 1840 humorem
959 1792 1112 1840 tollere
1151 1793 1291 1840 ventis

202 1875 349 1941 Atque
384 1875 433 1923 in
468 1895 721 1924 marmorea
756 1896 925 1943 ponere
961 1879 1080 1927 sicca
1117 1879 1264 1926 domo.

176 2117 288 2151 V.15.
322 2118 418 2151 Libri
451 2118 524 2153 fere
554 2124 678 2165 rogate
711 2120 764 2153 vel
798 2124 958 2165 rogatae.
1016 2119 1173 2153 Pnccms
1204 2122 1436 2163 precatae,

83 2182 138 2215 vel
163 2187 376 2227 precatae
402 2184 669 2228 ΕΒοιῐΑοΕΝεΙς,
694 2184 785 2228 quod
804 2185 985 2219 MURETUS
1011 2186 1152 2229 recepit.
1200 2185 1307 2228 quue
1330 2186 1434 2227 vulgo

84 2249 273 2292 probatum.
324 2250 382 2283 Sic
413 2251 591 2294 participia
620 2257 806 2295 precantes
840 2255 875 2284 et
902 2257 1069 2296 rogantes
1101 2251 1241 2284 confusa
1272 2250 1307 2283 in
1340 2250 1435 2283 libris

83 2315 213 2348 notavit
238 2315 434 2350 Bnmxffis.
455 2316 496 2349 ad
524 2316 658 2351 Anthol.
684 2317 760 2349 Lat.
776 2318 819 2351 V.
845 2329 878 2360 p.
894 2319 973 2350 150.
992 2335 1035 2341 —
1085 2317 1127 2351 V.
1143 2319 1199 2352 18.
1217 2318 1272 2351 19.
1298 2315 1432 2361 legant,

82 2387 276 2426 spargant,
316 2382 420 2424 vulgo
453 2393 472 2414 a
504 2382 666 2415 Mnnss‘ro
700 2382 798 2424 inde,
837 2382 929 2424 quod
962 2383 1154 2416 verisimile.
1214 2382 1432 2416 Praecedunt

83 2445 286 2479 coniunctis-i
321 2450 355 2479 et
382 2451 579 2490 sequuntur.
605 2466 651 2471 —-
708 2448 751 2482 V.
769 2449 827 2480 21.
862 2448 1011 2481 ventis
1045 2448 1135 2482 libri.
1190 2448 1295 2481 Imm
1328 2448 1433 2481 vittis

83 2509 137 2542 vel
162 2509 266 2552 velis,
299 2522 443 2554 quorum
466 2511 531 2546 hoc
557 2513 680 2557 placet.
729 2513 878 2548 Vossms
901 2512 1011 2546 minus
1036 2513 1124 2548 bene
1147 2512 1231 2547 linis
1258 2514 1311 2548 vel
1337 2512 1434 2547 villis

83 2575 251 2609 emendat.
