1721 2953
309 156 389 192 ‹lo-l
614 150 988 194 COMMEMAR.
1019 156 1076 195 IN
1110 157 1337 198 'summu

310 282 424 311 nsum,
462 278 561 311 quem
587 266 640 300 liic
667 267 823 301 Tibullus
847 271 974 312 tangit,
1013 270 1114 304 etiam
1139 270 1376 306 Priori-:arms
1402 274 1445 306 ab
1479 275 1554 308 aliis
1579 276 1647 309 iam

309 336 462 369 laudatus
487 333 588 366 offert
614 332 674 375 ΙΙΙ,
706 335 762 374 12,
791 335 853 367 10:
885 334 1027 379 potabis
1052 335 1159 382 galea
1184 337 1312 383 fessas
1335 339 1474 373 Araxis
1504 352 1648 386 aquam.

309 404 385 435 λου
412 404 463 434 est
487 410 568 432 vero
593 397 660 430 sibi
676 404 797 442 portet
823 398 948 433 dictum
975 412 1024 444 pr.
1048 407 1172 445 petat,
1197 403 1258 436 sed
1284 406 1485 447 cogitandus
1511 412 1563 440 est
1591 418 1648 441 se-

307 479 383 501 cum
417 471 554 511 portans
590 465 623 498 in
659 465 780 499 itinere
805 476 925 508 aquarn
960 468 1055 501 miles
1091 470 1190 512 galea
1225 472 1393 514 pendente
1427 474 1460 507 in
1495 479 1648 517 pectore.

306 534 472 569 Portabat
496 534 597 567 etiam
622 532 748 566 cibaria
773 533 888 575 miles,
926 538 965 567 ut
995 539 1134 578 notum,
1166 537 1227 570 sed
1254 544 1356 581 poeta
1381 539 1414 572 id
1439 551 1650 574 commemo-

307 614 382 636 rare
402 601 559 642 debebat,
585 599 676 642 quod
702 599 734 632 in
761 601 854 643 poesi
880 601 1057 635 iucundius
1084 607 1136 635 est
1161 604 1323 637 lectu.-
1348 606 1502 640 levem.
1544 606 1648 642 Quod

307 669 339 701 in
366 668 535 701 nonnullis
559 666 652 699 libris
677 667 802 709 legitur
827 666 914 704 levi,
946 669 1124 712 probatum
1150 669 1410 705 Bnoucmmsm
1436 677 1471 706 et
1495 674 1649 715 vomo,

307 735 496 768 sententiae
521 732 602 765 nihil
630 732 788 776 prodest,
826 734 907 766 talia
934 738 1048 767 autem
1074 733 1224 778 epitheta
1258 746 1324 768 non
1356 735 1458 770 habet
1481 737 1650 772 Tibullus,

307 802 433 835 Veram
459 800 639 832 lectionem
677 799 743 831 iam
771 799 945 833 anmns
971 805 1211 844 revocaverat,
1249 802 1433 837 defendens
1457 807 1572 837 tamen
1598 805 1650 838 in-

308 870 483 913 auspicato
508 868 575 900 sic:
610 867 792 908 „Debebat
819 868 1101 901 Bnoncrfflnsms
1129 873 1288 912 reputare
1312 881 1415 914 saepe
1438 871 1517 904 addi
1540 871 1651 904 nomi·-

308 936 406 968 nibus
432 933 600 978 epitheta,
639 943 726 976 quae
752 934 792 966 iis
819 936 953 978 propria
979 940 1013 968 et
1038 939 1204 979 perpetua
1229 937 1317 978 sint,
1351 947 1554 980 quamquam
1582 948 1648 970 nou

307 1000 394 1033 adeo
415 1009 569 1041 magnam
597 999 660 1031 vim
686 998 719 1030 in
745 1009 787 1031 eo
813 1000 949 1042 positu,
975 1010 1075 1042 quem
1100 1005 1288 1044 occupant,
1315 1001 1494 1036 lnabeantf‘
1545 1003 1647 1038 Quod

309 1068 408 1109 quale
445 1067 488 1099 sit
521 1067 621 1099 etiam
656 1064 709 1098 hie
745 1065 866 1099 disces.
926 1065 1113 1109 Epitheton
1139 1067 1225 1099 levis
1258 1078 1324 1100 non
1350 1068 1490 1101 eandem
1525 1069 1650 1111 ubique

308 1134 374 1165 iim
400 1131 500 1164 habet
525 1142 600 1164 cum
622 1141 708 1173 aqua
732 1131 893 1163 iunctum.
920 1130 1028 1163 Ovm.
1056 1132 1127 1164 Art.
1156 1132 1230 1164 Ani.
1259 1132 1285 1174 l,
1310 1136 1400 1166 761:
1427 1140 1535 1178 atque
1559 1133 1651 1165 laves

307 1200 460 1230 Psoteas
485 1196 582 1228 modo
608 1208 643 1227 se
669 1194 827 1227 tenuabit
855 1196 891 1228 in
915 1196 1051 1232 mulas,
1075 1197 1117 1230 de
1141 1198 1269 1231 Proteo
1296 1199 1328 1231 in
1349 1200 1489 1233 fluidum
1513 1211 1550 1234 se
1575 1211 1651 1233 mu-

308 1267 420 1305 tante,
459 1262 553 1295 vides
590 1272 689 1304 quam
725 1261 810 1294 bene
845 1262 1026 1294 conveniat
1059 1263 1162 1295 verbo
1196 1263 1369 1298 tenuabit.
1428 1266 1506 1299 Hoc
1537 1270 1651 1298 autem

309 1331 385 1362 loco
411 1328 496 1360 let-is
521 1338 610 1370 aqua
636 1328 760 1360 dicitur
786 1328 835 1361 sic
860 1328 982 1369 tenuis,
1015 1332 1053 1360 ut
1077 1330 1188 1362 vinum
1217 1331 1289 1363 leve
1316 1342 1366 1374 pr.
1393 1333 1487 1364 tenui
1514 1332 1650 1365 dicitur.

308 1394 372 1426 Est
405 1394 492 1426 enim
526 1393 568 1426 de
597 1398 680 1436 potu
712 1404 824 1426 serino
858 1398 893 1426 et
926 1395 1128 1436 intelligitur
1162 1396 1237 1427 vilis
1272 1401 1391 1438 potus,
1428 1402 1465 1430 ut
1490 1398 1650 1430 Smmus

309 1460 434 1500 sensit,
471 1468 674 1502 quamquam
700 1458 728 1490 is
758 1458 866 1500 ipsum
893 1456 981 1489 levis
1007 1468 1057 1500 pr.
1084 1459 1157 1491 vilis
1183 1460 1353 1502 accipiens
1379 1469 1481 1503 atque
1508 1462 1554 1494 ita
1578 1462 1651 1495 sine

311 1534 415 1557 causa
448 1535 468 1556 a
499 1525 659 1567 propiore
683 1524 930 1566 significatione
955 1524 1131 1559 recedens.
1181 1525 1237 1558 Tu
1262 1537 1349 1560 nune
1373 1528 1466 1561 vides
1491 1528 1571 1571 quid
1597 1539 1651 1562 res

309 1592 366 1623 sit.
418 1591 505 1623 Cum
530 1591 678 1623 tenuitas
696 1590 741 1622 sit
766 1600 785 1622 e
810 1594 929 1621 natura
954 1600 1073 1631 aquae,
1099 1590 1273 1633 epitheton
1298 1592 1385 1625 leuis
1411 1593 1487 1627 iude
1513 1594 1651 1630 ductum

309 1666 433 1688 revera
460 1665 503 1687 ex
529 1665 646 1687 eorum
673 1664 799 1696 genere
826 1657 877 1686 est
902 1664 988 1696 quae
1014 1658 1178 1697 perpetua
1204 1656 1366 1699 dicimus,
1392 1659 1451 1691 sed
1477 1661 1574 1693 aliter
1598 1666 1653 1693 ta-

311 1732 390 1755 men
417 1722 591 1762 Ovmms,
621 1721 720 1752 aliter
748 1719 905 1752 Tibullus
931 1722 1125 1764 usurpavit,
1158 1720 1212 1755 hic
1238 1727 1355 1766 potum
1383 1729 1516 1759 tenuem
1544 1731 1578 1760 et
1603 1729 1655 1761 vi-

316 1791 380 1821 lem
409 1788 624 1830 significans,
651 1787 707 1819 ille
732 1787 839 1818 undas
865 1790 983 1820 tenues
1009 1799 1049 1820 ac
1075 1788 1229 1822 mobiles.
1277 1790 1402 1823 Restat
1427 1795 1464 1824 ut
1494 1792 1651 1827 vossmu

320 1856 518 1896 audiamus,
555 1864 656 1896 quem
690 1854 900 1887 Huscnxms
936 1856 1101 1897 sequitur.
1157 1856 1225 1890 Hic
1259 1859 1406 1901 explieat
1441 1871 1583 1893 currens
1618 1867 1655 1893 et

311 1921 404 1957 siva,
430 1921 535 1953 veluti
561 1923 612 1952 est
638 1919 782 1952 HoRA'r.
805 1918 916 1962 Epod.
937 1920 1032 1961 XVI,
1054 1922 1117 1954 47:
1144 1921 1318 1954 montibus
1343 1923 1429 1955 altis
1453 1924 1557 1957 Levis
1579 1937 1655 1958 cre-

314 1991 426 2030 pante
463 1983 608 2029 lympha
646 1982 763 2014 desilit
793 1983 896 2026 pede,
935 1988 969 2017 et
999 1986 1106 2019 VIRG.
1135 1986 1209 2021 Cul.
1239 1990 1315 2021 146.
1356 1990 1464 2023 Ovm.
1490 1991 1581 2024 Fast.
1614 1992 1653 2034 V,

310 2055 390 2084 662.
440 2050 542 2083 Haud
573 2050 673 2082 dubie
698 2049 833 2091 quidem
860 2049 970 2083 hausit
995 2058 1187 2087 currentem
1213 2065 1333 2097 aquam
1361 2057 1479 2099 miles,
1507 2058 1562 2091 ubi
1588 2071 1652 2102 po-

312 2117 375 2149 tnit
401 2117 431 2149 in
458 2117 529 2157 via,
564 2115 625 2148 sed
653 2126 694 2148 ex
721 2126 783 2148 usu
810 2116 968 2158 loquendi
1004 2122 1114 2151 tamen
1141 2119 1185 2152 ibi
1217 2124 1345 2154 tantum
1372 2120 1454 2155 haec
1480 2123 1653 2166 siguifica-

311 2184 360 2215 tio
394 2183 537 2225 cogitari
575 2186 707 2225 potest,
743 2182 800 2215 ubi
838 2184 938 2216 etiam
977 2185 1008 2216 in
1052 2186 1175 2218 ceteris
1214 2187 1341 2229 aliquid
1380 2187 1423 2220 de
1462 2200 1562 2222 cursu
1600 2193 1652 2223 est

312 2249 451 2281 dictum.
501 2250 544 2281 At
578 2243 818 2292 in‘proposita
853 2251 1044 2293 locutione,
1084 2253 1191 2286 levem
1227 2264 1348 2296 aquam
1385 2259 1542 2299 portare,
1578 2258 1653 2299 quis

312 2317 502 2346 currentem
527 2323 648 2354 aquam
674 2314 902 2356 cogitaverit?
952 2317 1068 2351 Quare
1094 2318 1301 2352 redeundum
1327 2325 1379 2353 est
1407 2321 1447 2353 ad
1475 2321 1526 2362 id,
1560 2323 1650 2364 qnod

312 2391 414 2423 supra
444 2381 551 2423 posui.
611 2381 826 2424 Explicatius
852 2383 922 2416 dixi
949 2384 990 2417 de
1017 2384 1065 2418 llis
1092 2385 1216 2427 rebus,
1250 2388 1328 2429 quia
1355 2389 1386 2420 in
1419 2387 1648 2431 epithetorum

314 2447 592 2488 interpretatione
612 2457 714 2489 saepe
732 2449 819 2479 iusto
839 2449 1105 2490 negligentiores
1125 2456 1202 2483 sunt
1222 2451 1281 2483 viri
1299 2452 1400 2485 docti.
1414 2470 1460 2475 —-
1482 2453 1519 2486 V.
1537 2457 1569 2487 9.
1587 2457 1642 2487 10.

316 2512 434 2545 lx‘exus
460 2514 730 2547 antecedentium
766 2515 984 2549 distichorum
1018 2517 1071 2550 liic
1106 2522 1175 2550 est:
1215 2518 1377 2559 „Macer‚
1413 2530 1513 2561 quein
1547 2523 1652 2555 amori

315 2577 465 2611 deditum
484 2580 647 2620 norimus,
673 2584 782 2612 castra
807 2581 976 2623 seqnitur3
1002 2582 1082 2624 qnid
1110 2583 1174 2615 iani
1198 2581 1297 2614 saciet
1319 2582 1477 2626 Cupido?
1505 2585 1652 2628 Magno-

318 2655 397 2688 pere
423 2646 555 2689 cupiam
581 2646 678 2679 scire.
730 2648 849 2681 Utrum
876 2649 1092 2682 comitabitur
1118 2648 1269 2681 Macrum
1297 2652 1330 2680 et
1357 2649 1487 2682 labores
1515 2651 1652 2683 militiae
