1721 2953
611 134 856 176 TIBULLI.
1311 150 1405 176 cmx·

63 264 155 303 spes
187 249 319 290 omnis
353 257 392 288 et
419 249 588 287 fortuna
623 246 755 287 nostri
784 247 961 287 nominis
993 245 1252 287 Hasdrubale
1282 247 1409 288 inter-

64 334 193 377 emto,
225 332 295 364 aut
322 323 355 363 si
386 323 542 362 Graece
573 321 707 362 dicas:
749 316 891 371 δεινά,
934 317 1056 366 δεινοὶ
1087 315 1407 377 πεπόνθοιμεν,

65 402 206 455 quales
235 397 396 450 tragicis
431 407 649 450 tantopere
687 398 973 452 frequentatae
1013 397 1195 438 eiusdem
1223 399 1337 439 vocis
1365 399 1409 437 in

63 475 202 515 eadem
243 474 447 513 sententia
484 473 764 527 repetitiones.
841 473 1000 513 Alseras
1042 487 1063 513 e
1101 473 1268 513 Tibullo
1308 474 1408 513 haec

59 553 78 591 Ι
88 582 98 603 ‚
129 557 176 602 3,
206 555 286 590 27:

169 638 292 678 Nunc
324 637 422 688 dea,
460 651 571 677 nuno
604 649 796 677 succurre
830 635 954 685 mihi,

0 762 1 765 ,
58 731 98 763 et
128 725 201 773 IV,
235 728 282 774 3,
312 727 388 764 15:

173 800 292 839 Tunc
324 800 444 849 mihi,
485 808 582 839 tune
611 798 801 851 placeant
834 796 982 845 silvae,

60 900 194 939 neque
223 888 267 926 in
297 887 369 926 tali
400 886 603 928 vividiore
641 885 887 938 repetitione
920 883 1217 937 particularum
1250 890 1409 935 tempo-

58 962 208 1001 ralium
234 961 461 1016 quidquam
489 970 547 1001 est
573 960 686 1015 quod
710 975 795 1001 non
821 960 1039 1001 conveniat
1058 960 1121 999 his
1149 959 1411 1007 carminibus,

57 1051 156 1076 vera
186 1046 320 1076 autem
350 1039 411 1078 vis
442 1037 595 1089 figurae
624 1037 699 1076 ubi
729 1035 1002 1085 substantiva,
1033 1034 1253 1084 adiectiva,
1281 1034 1411 1073 verba

58 1112 114 1150 sic
150 1120 399 1164 repetuntur
435 1111 726 1163 significantia,
767 1112 931 1163 gravius
963 1120 1033 1150 aut
1061 1110 1227 1149 mollius
1257 1101 1412 1153 πάθος

57 1187 184 1226 habet
224 1201 349 1240 quam
388 1201 465 1239 pro
502 1188 757 1239 simplicitate
793 1188 969 1236 Tibulli,
1010 1186 1140 1228 veluti
1167 1183 1270 1225 illud
1305 1185 1410 1224 Pro-

55 1263 178 1315 pertii
207 1263 492 1302 mollissimum
526 1263 567 1313 I,
597 1268 674 1313 20,
705 1267 783 1302 32:

167 1350 233 1388 Ah
265 1348 384 1388 dolor
411 1350 497 1387 ibat
527 1349 676 1402 Hylas,
717 1350 824 1398 ibat,
863 1347 1190 1402 Hamadryasin,

57 1437 172 1476 nullo
202 1435 328 1475 modo
358 1443 522 1488 poterat
552 1435 687 1474 dicere
717 1435 921 1475 Tibullus.
977 1435 1065 1475 Nec
1096 1434 1274 1487 denique
1299 1449 1408 1488 pros-

54 1512 248 1564 apodosz's,
280 1511 411 1564 qualis
441 1526 480 1550 v.
503 1525 534 1550 c.
562 1511 609 1549 in·
636 1510 725 1550 his:
765 1506 884 1565 βοάν
915 1503 1057 1560 (iiim,
1093 1503 1229 1565 βοάν,
1263 1509 1409 1563 quaeri

55 1584 177 1625 debet
213 1587 257 1625 in
295 1586 372 1626 hac
413 1587 554 1638 poesi3
604 1599 689 1625 non
730 1586 868 1625 omnia
910 1586 1164 1626 conveniunt
1201 1587 1407 1625 omnibus.

54 1661 190 1713 Atque
233 1662 333 1700 haec
373 1661 541 1714 quidem
583 1660 632 1699 de
672 1661 750 1700 his.
819 1660 1011 1700 Vidimus
1050 1661 1154 1711 vim,
1208 1662 1404 1711 vigorem,

53 1737 290 1786 gravitatem
317 1738 469 1776 horum
500 1737 772 1785 schematum,
803 1745 841 1775 et
867 1735 965 1789 quid
992 1734 1231 1775 huiusmodi
1249 1734 1406 1774 Tibulli

52 1813 187 1862 poesis
218 1811 390 1859 habeat;
419 1809 708 1849 recordabitur
729 1824 830 1850 vero
861 1812 989 1850 lector
1018 1824 1104 1850 non
1130 1811 1264 1850 solum
1293 1805 1406 1863 πρὸς

53 1878 304 1937 δεινότητα,
337 1883 407 1923 sed
438 1886 559 1923 etiam
589 1884 661 1926 ἐπὶ
693 1879 892 1941 χάριτος,
924 1884 975 1924 ad
1001 1894 1256 1925 venustatem
1289 1884 1406 1924 adhi-

52 1961 143 1999 beri
183 1960 449 2012 repetitiones
493 1961 720 2000 verborum
767 1968 806 1999 et
852 1961 990 1999 lusum
1034 1975 1204 2000 suavem
1249 1961 1404 2000 habere

53 2048 171 2087 posse
210 2035 255 2073 in
295 2035 412 2074 certis
448 2036 550 2074 locis
591 2044 629 2075 et
668 2035 899 2085 sententiis,
943 2035 1059 2075 cuius
1089 2037 1149 2075 rei
1185 2037 1309 2089 plena
1345 2044 1406 2075 est·

52 2124 91 2148 v.
116 2125 148 2149 c.
177 2110 386 2162 Propertii
414 2111 551 2162 poesis
584 2118 623 2149 et
652 2112 859 2150 Bucolica.
928 2110 994 2150 Sic
1026 2111 1118 2164 quis
1149 2113 1278 2151 nescit
1309 2127 1347 2152 v.
1370 2125 1404 2150 c.

51 2185 152 2224 haec
182 2185 431 2224 Theocritea
460 2187 697 2238 anaphorae
731 2187 919 2238 exempla
948 2186 1071 2236 VIII,
1101 2191 1149 2226 3:

156 2266 326 2324 ”Ampio
365 2265 462 2325 τώγ’
498 2268 611 2326 ᾔτην
651 2271 943 2330 πυῤῥοτρίχω,
987 2269 1121 2326 ἄμφω
1160 2266 1340 2326 α’νάβω,

211 2341 381 2399 ”Αμφω
420 2344 619 2400 συρίσὸεν
659 2345 939 2401 ὃεδαημένω,
984 2344 1117 2402 ἄμφω
1159 2343 1326 2400 ἅείὸεν,

51 2429 88 2460 et
123 2434 162 2460 v.
189 2424 263 2460 11:

164 2490 381 2551 Χρῄσὸεις
409 2488 469 2537 ὦν
496 2493 665 2545 ἐσιδεῖν,
694 2489 892 2553 χρῄσὸεις
916 2500 1182 2539 καταθεῖναι
1205 2493 1399 2549 damma,-

219 2566 409 2624 Χρῄσὸω
428 2564 545 2612 τοῦτ’
564 2568 732 2621 ἐσιδεῖν,
747 2564 912 2627 χρῄοὸω
931 2575 1196 2615 καταθεῖναι
1215 2568 1400 2616 ἄεθλον.
