1721 2953
293 150 375 189 442
610 148 641 189 C
647 147 855 192 OMMEN
858 151 981 192 TAR.
1010 149 1070 191 IN
1100 151 1329 193 TIBULLI

294 267 346 296 tes
373 263 541 307 intelligit.
592 265 696 299 Dure.
746 265 872 301 Melius
896 268 1068 303 Hssmms
1091 266 1178 302 haud
1200 268 1301 302 dubie
1325 267 1419 301 sedet
1442 278 1492 314 pr.
1511 268 1636 302 assidet

293 329 493 374 (dasitzen)
519 331 654 376 accipit.
702 332 826 367 Solent
857 335 945 370 enim
975 336 1079 370 officii
1110 335 1249 369 nomine
1282 335 1428 369 invisere
1451 340 1635 378 aegrotan-

291 400 360 429 tem
394 396 618 430 admiratores
651 401 688 431 et
720 399 820 433 amici
845 405 881 434 et
904 401 1025 435 sedere
1050 401 1140 445 apud
1168 412 1254 435 eam.
1304 402 1455 436 Verbum
1480 401 1634 434 assidere

291 461 394 495 babes
421 473 450 495 v.
478 473 507 495 c.
540 463 648 498 Ovm.
673 463 786 508 Epist.
810 465 907 509 XXI,
934 470 1013 501 191.
1051 467 1210 501 laudante
1234 467 1397 503 Hanno.
1447 469 1561 511 Atque
1588 468 1633 501 ita

289 527 369 561 nihil
406 528 480 562 duri
517 529 626 563 video.
690 531 841 565 Vossrus
875 534 932 576 qui
967 532 1032 567 hoc
1067 534 1199 576 reiicit,
1235 533 1402 578 explicat:
1440 533 1537 567 sedet
1570 543 1632 566 ex-

288 600 458 639 spectans.
510 596 682 631 Ubinam?
732 598 835 633 Haud
871 599 974 633 dubie
1006 600 1098 634 domi
1135 599 1225 645 apud
1263 611 1301 634 se
1334 600 1490 644 quisque.
1540 600 1632 637 Quid

286 661 521 704 exspectans?
582 662 762 706 Tabellas,
805 664 947 709 opinor,
984 676 1072 708 quae
1109 676 1188 700 eum
1231 670 1354 701 vocent
1390 666 1432 700 ad
1474 667 1632 711 puellam.

287 727 419 761 Viderit
453 729 561 762 lector
592 728 686 772 ipse,
725 740 804 764 num
838 730 922 765 haec
949 732 1134 776 explicatio
1159 733 1280 766 melior
1305 736 1340 766 et
1364 732 1551 777 simplicior
1576 732 1630 765 sit.

285 793 364 837 Ego
388 794 469 828 nihil
495 796 683 839 simplicius
708 796 807 831 video
833 797 977 832 Hssmn
1011 798 1199 832 sententia:
1239 799 1352 843 puella
1385 803 1420 833 te
1443 799 1553 833 solum
1576 808 1633 832 se-

285 871 361 894 cum
388 862 538 904 cogitat,
563 861 805 897 admiratorum
831 865 932 898 turba
956 864 1082 899 frustra
1105 864 1204 898 adest
1229 869 1377 909 praesto.

378 929 419 963 V.
445 928 584 962 2l-ad
608 930 723 964 finem.
780 930 942 965 Exitus
979 932 1210 966 carminis.
1268 931 1470 966 Tertium
1509 930 1631 964 invo-

282 999 355 1029 cat
386 994 631 1038 Phoebum,
670 1001 715 1030 et
750 1007 860 1033 nunc
886 999 1064 1042 quidem
1088 1009 1170 1043 pro
1204 998 1418 1033 ambobus
1442 997 1631 1032 amanti-

282 1064 362 1097 bus
401 1074 562 1108 preces
594 1064 720 1099 facit.

376 1132 418 1165 V.
445 1134 488 1164 21
517 1141 591 1175 sqq.
618 1131 658 1164 in
685 1140 770 1164 uno
795 1147 842 1158 —
866 1131 1139 1165 restituisse
1164 1131 1285 1167 duos.
1333 1132 1441 1166 Duxit
1465 1129 1541 1164 hinc
1567 1140 1630 1165 co-

281 1200 387 1232 lorem
423 1199 576 1232 Ovmms
601 1198 734 1232 Amorr.
759 1198 804 1240 ΙΙ,
832 1201 890 1241 13,
916 1200 975 1234 15.
1012 1202 1152 1233 notante
1177 1199 1439 1233 Buoucxrmsro
1464 1202 1498 1232 et
1524 1197 1631 1231 Hm(-

279 1275 362 1297 Nlo:
402 1265 486 1297 Huc
509 1262 644 1301 ,adhibe
667 1263 793 1297 vultus
817 1270 853 1297 et
877 1264 915 1297 in
948 1277 1018 1299 uno
1049 1277 1157 1311 parce
1191 1264 1337 1299 duobus.
1386 1264 1490 1299 Addit
1514 1265 1629 1298 Wun-

278 1341 503 1364 DBRLICHIUS
528 1330 671 1364 Heroid.
697 1330 776 1372 XX,
802 1333 890 1365 234:
932 1330 1031 1375 Quid
1053 1330 1198 1364 dubitas
1231 1342 1339 1364 unam
1366 1329 1468 1376 ferre
1493 1328 1628 1363 duobus

278 1397 404 1442 opem?
451 1397 587 1431 Laudat
610 1397 756 1440 denique
781 1398 954 1431 Hermus
980 1399 1081 1430 etiam
1108 1398 1297 1431 Pnor‘ssn‘r.
1319 1397 1366 1438 ΙΙ,
1390 1399 1449 1438 28,
1478 1398 1535 1430 41.
1558 1399 1627 1430 42:

277 1463 318 1496 Si
341 1475 410 1496 non
434 1461 560 1498 unius,
590 1473 739 1507 quaeso,
764 1461 924 1493 miserere
945 1461 1112 1497 duorum,
1145 1460 1292 1497 Vivam,
1316 1461 1348 1494 ci
1371 1461 1485 1496 vivet,
1509 1460 1542 1494 δι’
1565 1472 1627 1492 ca-

277 1527 337 1560 det
363 1526 450 1569 illa,
475 1526 611 1561 cadam.
659 1525 757 1560 Adde
782 1525 927 1568 denique
953 1526 1059 1560 OVID.
1087 1526 1174 1559 Met.
1200 1525 1263 1567 XI,
1287 1528 1379 1559 388:
1419 1525 1625 1571 animasque

277 1593 370 1626 <luas
408 1598 450 1625 ut
488 1598 605 1625 servet
638 1590 676 1623 in
712 1601 797 1624 una.
844 1590 892 1623 Et
932 1592 1138 1624 contrarium
1173 1591 1303 1624 dictum
1338 1591 1419 1626 ibid.
1444 1591 1507 1633 111,
1531 1594 1622 1626 473:

275 1661 380 1693 Nunc
405 1659 474 1691 cluo
504 1657 687 1691 concordes
713 1655 832 1689 anima
866 1656 1053 1689 moriemur
1082 1656 1120 1689 in
1154 1668 1238 1692 una.
1264 1676 1308 1682 —
1345 1658 1468 1701 Pergit
1500 1663 1624 1702 poeta:

274 1727 362 1760 Iam
395 1724 602 1765 celeber,
641 1723 725 1755 iam
760 1722 907 1755 laetus
933 1723 1034 1756 eris.
1083 1723 1213 1756 Sensus
1238 1727 1398 1757 monente
1421 1724 1622 1767 Huscnmo,

275 1795 332 1836 qui
367 1794 469 1826 etiam
504 1791 703 1824 NAGssnmm
740 1789 854 1822 laudat
888 1790 978 1822 Actt.
1011 1790 1092 1822 Soc.
1125 1789 1276 1823 Traiect.
1310 1789 1353 1823 T.
1387 1790 1447 1824 IV.
1483 1802 1516 1834 p.
1539 1793 1621 1825 259.

274 1860 385 1893 clarus
411 1862 463 1892 est
488 1857 561 1891 bic:
594 1857 664 1890 lam
689 1856 918 1890 celebraberis
944 1860 978 1889 et
1004 1855 1067 1890 hac
1093 1856 1230 1890 laudum
1255 1860 1388 1890 tuarum
1414 1867 1621 1890 commemo-

273 1928 405 1960 ratione
431 1925 609 1968 gaudebis,
660 1923 851 1957 Laetantur
872 1924 960 1956 enim
984 1923 1029 1957 dii
1053 1923 1179 1957 laudati
1198 1924 1241 1956 ab
1263 1923 1464 1964 hominibus,
1489 1923 1619 1956 Eunu).

273 1992 414 2035 Hippol.
440 1994 483 2023 S:
523 1985 710 2028 Τιμώμενοι
740 1991 920 2032 χαίρουσιν
955 1985 1149 2034 ἀνθρώπων
1182 1984 1259 2023 ὕπο.
1285 2007 1331 2013 -
1366 1988 1541 2031 debita,
1578 2000 1621 2023 ex

272 2061 365 2090 voto.
408 2057 596 2090 Pnopssnr.
621 2053 667 2095 II,
692 2056 748 2095 28,
773 2057 829 2087 60.
865 2053 1023 2087 laudante
1048 2055 1367 2088 WUNDERLIcfflo:
1405 2065 1550 2087 munera
1573 2072 1619 2079 —

273 2123 392 2156 debita
425 2123 539 2156 redde.
589 2120 687 2155 Adde
724 2121 1079 2155 Mmscnunmcnmm
1119 2121 1162 2154 ad
1199 2122 1322 2156 Horat.
1355 2121 1383 2162 I,
1417 2123 1474 2162 36,
1509 2123 1545 2153 2.
1572 2139 1618 2145 —

271 2191 382 2225 Porro
408 2190 578 2230 laetus,
612 2191 670 2238 ut,
698 2188 829 2231 optime
854 2192 994 2222 notante
1021 2188 1194 2230 HssYmo,
1219 2193 1303 2220 vota
1329 2185 1496 2219 solvimus
1520 2185 1618 2223 laeti,

271 2255 361 2288 nnde
386 2255 545 2297 frequens
571 2256 623 2286 est
649 2253 681 2286 in
708 2254 953 2286 monumentis:
990 2253 1031 2287 V.
1057 2254 1094 2286 S.
1121 2253 1163 2286 L.
1190 2253 1241 2287 M.
1291 2253 1499 2286 Suavissima
1523 2263 1615 2295 vero,

272 2326 309 2355 ut
334 2322 416 2355 vidit
443 2322 611 2361 vossms,
638 2319 720 2354 haec
746 2322 929 2354 servatoris
955 2324 990 2354 et
1017 2324 1228 2353 servatorum
1255 2321 1404 2362 laetitia,
1431 2324 1465 2353 et
1492 2320 1616 2353 erravit

272 2389 445 2422 Hermus
479 2387 572 2430 prius
608 2386 726 2419 laetus
760 2387 792 2420 in
828 2386 947 2419 clarus
982 2390 1114 2420 mutare
1147 2387 1297 2430 cupiens.
1348 2387 1468 2429 Neque
1503 2390 1616 2419 tamen

272 2458 303 2489 in
330 2467 371 2489 eo
396 2456 561 2488 assentior
587 2455 734 2496 Vossw,
761 2455 852 2497 qnod
878 2456 1070 2498 sponsalia,
1097 2453 1178 2488 nibil
1205 2454 1317 2496 aliud,
1351 2453 1525 2487 contendit
1551 2453 1614 2487 boe

271 2522 416 2556 disticho
450 2523 616 2563 nuntiari,
652 2523 709 2555 nbi
744 2523 924 2556 manifesto
953 2522 995 2556 de
1028 2521 1170 2555 redditis
1206 2533 1268 2565 pro
1302 2522 1458 2554 restituta
1483 2521 1614 2554 valetu-

271 2591 349 2623 dine
385 2590 473 2621 votis
509 2589 631 2629 agitur.
660 2608 705 2612 —-
745 2590 923 2623 Postremo
962 2589 1095 2622 notabis
1132 2599 1231 2630 quam
1268 2588 1417 2621 suaviter
1455 2590 1556 2630 poeta
1594 2597 1612 2618 a

271 2656 357 2689 tristi
381 2655 474 2688 initio
500 2654 541 2687 ad
568 2653 705 2689 hilarem
732 2658 831 2690 tinem
858 2666 992 2690 carmen
1026 2655 1225 2694 deduxerit,
1265 2654 1407 2697 primum
1435 2653 1612 2686 consolans
