1721 2953
299 127 365 174 84
690 126 727 170 T
731 125 931 170 IBULLI
977 125 1087 171 LIB.
1117 124 1192 173 lv.
1220 135 1251 170 1.

378 251 466 297 Seu
497 249 686 314 propior
720 248 849 295 terris
881 249 1092 296 aestivum
1126 248 1268 295 fertur
1296 248 1343 294 in
1377 247 1532 294 orbem

302 337 468 384 mosen
507 334 622 382 celer
657 334 871 382 hibernas
905 347 1120 401 properat
1151 334 1390 382 decurrere
1419 332 1564 380 luces:

378 421 479 469 Non
516 421 654 483 igilur
687 439 844 486 presso
877 420 1005 468 tellus
1043 422 1218 484 exurgit
1249 432 1423 477 aratro,

376 509 467 555 Nec
503 506 681 570 frugem
715 519 884 570 segetes
921 507 1139 573 praebent
1174 525 1256 554 nec
1287 504 1456 572 pabula
1484 515 1651 551 terrae:

348 596 476 649 *Non
514 594 605 640 illic
650 593 756 640 colit
801 613 905 640 arva
949 594 1083 651 deus,
1125 592 1386 640 Bacchusve
1421 592 1620 648 Ceresve,

372 680 506 727 Nulla
536 698 618 727 nec
650 691 824 726 exustas
861 679 1067 726 habitant
1096 679 1305 726 animalia
1335 690 1497 744 partes.

297 766 551 814 165Fertilis
586 766 702 813 hanc
739 766 856 812 inter
887 765 1035 830 posita
1067 777 1131 812 est
1165 765 1369 829 interque
1403 763 1598 826 rigentes

373 855 626 918 Nostraque
652 864 692 899 et
713 852 819 899 huic
851 851 1037 898 adversa
1063 851 1158 898 solo
1179 869 1285 915 pars
1317 849 1454 897 altera
1481 860 1650 905 nostro,

372 941 500 1003 Quas
535 939 692 986 similis
728 939 939 1004 utrinque
975 950 1130 985 tenens
1165 936 1328 984 vicinia
1366 935 1475 983 caeli

370 1028 636 1092 Temperat,
684 1024 794 1072 alter
827 1036 869 1072 et
906 1024 1086 1072 alterius
1122 1023 1237 1071 vires
1270 1034 1400 1070 necat
1436 1041 1535 1069 aer:

370 1113 487 1159 Hinc
523 1111 729 1177 placidus
759 1111 892 1157 nobis
915 1129 997 1176 per
1029 1122 1233 1174 tempora
1267 1109 1453 1155 vertitur
1481 1127 1650 1155 annus:

297 1199 459 1245 170Hic
497 1210 538 1244 et
575 1197 687 1244 colla
720 1197 827 1260 iugo
866 1195 1025 1243 didicit
1060 1195 1334 1242 summittere
1370 1206 1526 1241 taurus

370 1284 426 1330 Et
461 1282 579 1329 lenta
617 1282 812 1329 excelsos
847 1282 947 1328 vitis
985 1281 1288 1329 conscendere
1323 1299 1498 1337 ramos,

371 1368 695 1432 Tondetnrque
727 1385 852 1430 seges
888 1378 1088 1413 maturos
1126 1386 1276 1413 annua
1306 1378 1488 1431 partuS,

371 1456 428 1502 Et
463 1455 582 1502 ferro
620 1453 772 1511 tellus,
814 1465 981 1518 pontus
1015 1451 1292 1500 confinditur
1327 1469 1451 1508 aere,

372 1542 497 1604 Quin
533 1541 663 1587 etiam
701 1539 880 1586 structis
917 1550 1139 1602 exurgunt
1172 1538 1341 1603 oppida
1376 1536 1530 1584 muris.

296 1641 363 1676 175
377 1628 513 1690 Ergo,
549 1626 629 1673 uhi
664 1625 918 1690 praeclaros
954 1625 1088 1671 ierint
1124 1637 1200 1671 tua
1232 1624 1350 1671 facta
1379 1621 1649 1688 triumphos,

372 1712 504 1760 Solus
542 1724 733 1776 utroque
769 1711 888 1757 idem
927 1710 1089 1757 diceris
1123 1729 1316 1774 magnus
1351 1708 1396 1756 in
1432 1709 1553 1755 orbe.

437 1800 539 1845 Non
576 1817 658 1861 ego
689 1816 788 1844 sum
822 1796 928 1843 salis
953 1795 1011 1842 ad
1040 1807 1186 1843 tantae
1214 1795 1457 1861 praeconia
1485 1793 1647 1851 laudiS,

370 1887 472 1951 Ipse
508 1884 619 1932 mihi
654 1902 748 1930 non
785 1882 822 1930 si
858 1883 1138 1947 praescribat
1185 1882 1385 1930 carmina
1419 1881 1644 1929 Phoebus.

329 2070 331 2072 .
388 2041 530 2076 V.161.
565 2041 714 2084 igitur
748 2040 828 2073 Cur.
855 2049 938 2073 vn'r.
1001 2038 1117 2072 Ceteri
1153 2049 1246 2084 ergo.
1271 2055 1316 2063 --
1372 2038 1431 2072 Pr.
1458 2037 1646 2080 exurgit

293 2105 397 2148 vulgo
428 2106 611 2152 consurgit
640 2107 773 2156 incerto
806 2108 956 2138 auctore.

387 2184 428 2218 V.
446 2187 525 2218 167.
557 2184 725 2218 similis
753 2184 967 2225 utrinque
994 2185 1175 2223 tenens,
1211 2179 1377 2224 producta
1401 2179 1491 2212 finali
1517 2177 1647 2220 syllaba

292 2260 322 2281 v.
358 2248 482 2281 similis
520 2250 553 2282 in
590 2260 743 2284 caesura.
803 2249 917 2291 Vulgo
955 2247 1123 2292 utrinque
1161 2251 1282 2278 teneus
1316 2244 1441 2277 similis
1476 2254 1519 2277 ex
1554 2243 1647 2275 libris

295 2315 461 2358 pessimis.
481 2334 527 2339 —
575 2316 617 2349 V.
636 2318 716 2349 168.
750 2318 881 2348 necat
912 2314 1044 2347 lutus
1078 2313 1110 2345 in
1135 2312 1288 2354 margine
1318 2310 1371 2344 ed.
1398 2310 1520 2344 Venet.
1541 2310 1646 2342 1475.

295 2380 386 2424 apud
417 2380 617 2414 Hssmsmnx.
667 2380 763 2413 Libri
796 2385 917 2424 negat.

387 2460 430 2493 V.
448 2462 526 2492 175.
559 2471 625 2502 per
654 2459 768 2491 claros
793 2459 982 2492 ScAmez
1009 2456 1052 2490 de
1082 2457 1296 2496 coniectura,
1330 2454 1457 2497 optima
1490 2456 1528 2486 ut
1552 2453 1647 2486 vide-

291 2528 365 2567 tur,
407 2536 457 2568 pr.
493 2525 773 2567 praeclaros.
804 2542 848 2550 --
907 2523 1051 2556 ierint
1087 2523 1166 2556 Cm.
1201 2531 1282 2554 vwr.
1343 2519 1457 2553 Ceteri
1491 2525 1645 2563 poscent.

291 2591 548 2625 LicumNNth
577 2600 658 2623 vero
688 2589 833 2622 coniecit
860 2587 995 2621 cierint.
