1721 2953
316 134 395 166 330
635 125 950 168 COMMENTA
959 130 1004 169 R.
1037 129 1094 169 ΙΝ
1125 129 1353 171 TIBULLI

317 248 373 286 ⁶24,
400 248 456 278 35.
487 245 596 277 Ovm.
623 243 718 277 Fast.
745 244 787 286 V,
811 246 893 278 426.
922 247 1063 280 Vnum.
1089 247 1222 281 FLAcc.
1247 248 1324 290 Vll,
1347 251 1428 282 203.
1479 252 1528 283 Ac
1554 252 1655 292 urigo

313 311 428 343 dicunt
452 309 564 342 Latini
591 321 789 354 componere
814 310 981 353 aliquem,
1020 312 1129 344 rarius
1156 323 1355 356 componere
1382 325 1482 349 ossa,
1519 319 1578 348 aut
1604 316 1651 345 ‹ri-

311 388 441 412 nerem,
474 376 565 418 quod
590 387 667 410 cum
691 377 882 411 PORSONUS
914 380 1041 411 Tracts
1066 378 1140 411 and
1163 378 1436 412 Miscellaneam
1463 378 1653 412 Criticisms

310 446 375 474 etc.
403 454 435 484 p.
459 444 542 476 381.
579 447 740 484 negasset
767 444 902 477 omnino
936 444 1083 487 factum,
1117 445 1190 478 iure
1216 445 1375 478 refutavit
1401 456 1477 479 eum
1504 446 1650 478 Huscn-

310 518 390 539 mus
425 511 459 540 et
494 509 735 541 PRoan'rmm
762 509 782 541 l.
809 509 866 542 cit.
900 510 1138 553 incorruptum
1172 510 1326 544 iudicans
1359 515 1394 544 et
1422 512 1531 546 Ovm.
1556 511 1650 544 Fast.

312 573 368 614 ΙΙΙ,
393 576 476 607 547.
513 585 701 618 opponens.
752 577 865 619 Atque
891 576 975 611 haec
1001 576 1175 611 hactenus.
1201 596 1247 601 -
1284 577 1356 610 Iam
1382 589 1414 611 v.
1438 578 1566 611 27-ad
1593 578 1650 611 fin.

308 639 474 682 praecipit
498 639 540 673 de
566 641 706 674 titulo
732 641 876 685 lapidi
903 642 1279 676 inscribendo.—
1305 644 1346 676 V.
1370 646 1415 676 27
1442 654 1515 687 sqq.
1541 654 1651 676 mor-

306 704 364 737 tis
388 715 435 738 ca
448 716 576 740 usam.
621 693 824 750 Inscriptam
844 718 918 741 eam
939 708 1043 750 vulgo
1065 709 1292 741 monumentis
1312 708 1493 741 ostendunt
1508 708 1649 741 chu-

305 781 419 805 MANN.
445 772 488 806 de
512 773 597 806 Fun.
623 773 686 816 ΙΙΙ,
711 776 768 807 20.
803 777 839 807 et
874 773 1162 806 Bnoncxunsrus
1197 773 1262 807 hoc
1298 775 1395 815 loco,
1435 774 1646 817 probantque

303 848 471 872 marmora
494 839 656 882 plurima,
689 844 828 874 notante
855 842 956 874 etiam
982 841 1150 876 HssYmo.
1199 841 1341 874 Factum
1369 840 1401 874 id
1428 841 1550 883 etiam,
1586 841 1646 873 ubi

303 904 378 946 quis
413 905 477 937 sibi
512 906 576 949 ipsi
609 916 745 940 manum
779 908 960 951 intulerat,
993 919 1094 951 quam
1120 918 1190 942 rem
1216 911 1327 940 tamen
1353 907 1416 940 hoc
1442 908 1518 940 loco
1543 912 1644 951 poeta

301 969 462 1003 laudabili
499 971 624 1005 iudicio
663 972 828 1007 indirecte
868 974 1084 1016 significabit.
1145 973 1345 1007 Tenendum
1383 984 1463 1006 vcro
1500 985 1645 1005 causam

302 1041 372 1079 est,
407 1049 495 1081 quae
520 1041 658 1083 propria
683 1039 736 1074 hic
763 1051 851 1082 vox,
884 1051 949 1074 nec
979 1051 1055 1074 cum
1081 1040 1274 1073 Huscnxro
1301 1051 1420 1072 casam
1446 1051 1490 1072 ex
1515 1040 1644 1082 aliquot

301 1103 394 1136 libris
431 1104 686 1147 reponendum,
734 1105 814 1138 licet
852 1105 885 1137 in
922 1105 988 1137 fine
1028 1105 1130 1138 etiarn
1170 1115 1291 1138 nomen
1333 1116 1443 1137 causa
1480 1111 1643 1140 recurrat.

297 1170 420 1213 Neque
452 1172 541 1204 enim
576 1170 639 1205 hoc
674 1175 778 1215 poeta
814 1171 914 1204 dicit:
960 1171 1174 1204 Occubuisse
1207 1181 1262 1205 nie
1296 1172 1384 1204 tristi
1413 1182 1494 1204 casu
1522 1172 1642 1204 mortis

297 1236 408 1269 littera
432 1237 578 1279 indicet,
620 1237 681 1271 sed
706 1249 794 1281 quae
819 1249 923 1272 causa
950 1239 1071 1272 mortis
1108 1239 1233 1280 fuerit,
1270 1237 1489 1271 demonstret.
1521 1257 1558 1263 -—-
1600 1239 1641 1271 in

297 1304 475 1337 celebri
511 1304 663 1338 fronte
697 1306 770 1338 scil.
807 1306 974 1350 sepulcri,
1013 1317 1119 1350 prope
1148 1307 1234 1339 viam
1271 1306 1461 1349 publicam,
1497 1309 1535 1338 ut
1570 1305 1641 1339 fere

294 1369 449 1402 solebant
475 1370 553 1413 poni
587 1371 764 1413 sepulcra,
802 1381 868 1413 qua
906 1370 1064 1413 frequens
1090 1370 1262 1403 hominum
1288 1371 1458 1403 transitus,
1507 1370 1639 1413 Depre-

293 1438 388 1468 catur
413 1434 477 1468 hoc
502 1436 738 1469 PROPER'rms
761 1436 822 1477 111,
849 1439 905 1477 16,
927 1439 993 1469 25:
1019 1435 1070 1468 Di
1087 1436 1236 1481 jaciant
1263 1447 1338 1468 mea
1363 1448 1404 1468 ne
1428 1442 1525 1469 terra
1550 1436 1639 1469 locet

292 1513 372 1534 ossa
389 1501 596 1548 frequenti,
630 1502 710 1546 Qua
728 1501 830 1547 jacit
864 1501 1009 1534 assiduo
1034 1502 1177 1534 tramite
1202 1502 1334 1548 vulgus
1359 1503 1438 1537 iter.
1495 1504 1638 1547 Lygda-

290 1578 364 1600 mus
388 1572 501 1601 autem
527 1578 626 1609 quam
659 1567 823 1610 plurimos
850 1568 966 1608 legere
1000 1568 1137 1601 titulum
1174 1569 1246 1602 vult
1273 1569 1418 1612 cupidus
1442 1570 1635 1605 miseratio-

290 1634 340 1666 nis
374 1633 685 1677 praetereuntium,
728 1637 762 1665 et
797 1632 930 1664 videtur
963 1633 1064 1665 etiam
1100 1633 1168 1665 alia
1202 1643 1303 1666 causa
1337 1633 1462 1676 fuisse,
1497 1636 1539 1668 de
1572 1649 1637 1679 qua

288 1708 377 1730 mox.
404 1715 448 1721 —-
490 1698 651 1730 littera
678 1695 790 1729 haec
815 1697 1016 1729 carmina
1042 1701 1192 1739 notet,
1230 1696 1260 1732 h.
1287 1709 1318 1732 e.
1345 1699 1477 1742 signet,
1512 1702 1633 1735 inscri-

288 1763 368 1803 bat,
402 1766 441 1794 ut
474 1767 578 1794 notae
612 1766 692 1795 sunt
724 1760 847 1794 ductus
881 1761 1072 1804 scripturae
1099 1773 1125 1796 s.
1160 1763 1317 1806 litterae,
1353 1766 1459 1799 veluti
1488 1766 1631 1801 Honxr.

285 1829 346 1870 lv,
372 1831 406 1870 8,
433 1831 497 1862 13:
521 1840 588 1860 non
613 1827 726 1860 incisa
751 1827 846 1860 notis
871 1840 1048 1860 marmora
1069 1827 1234 1873 publicis,
1261 1834 1296 1863 et
1320 1837 1446 1864 notare
1468 1838 1521 1866 est
1546 1835 1634 1867 scri-

285 1895 366 1926 bere
391 1897 428 1927 ut
453 1894 560 1926 OVID.
586 1892 696 1936 Epist.
722 1903 766 1926 ex
792 1893 904 1926 Ponto
929 1893 991 1935 ΠΙ,
1019 1896 1052 1936 4,
1077 1896 1144 1929 26:
1185 1895 1337 1928 venisset
1363 1896 1476 1930 verbis
1501 1898 1630 1932 charta

283 1966 412 1992 notata
438 1957 575 1996 tribas,
602 1959 742 1993 Metam.
770 1960 831 2002 IX,
856 1963 946 1994 522:
987 1960 1203 2008 (lmnnatque
1229 1960 1381 1995 tabellas
1409 1969 1443 1994 et
1468 1970 1571 1996 notat
1596 1972 1631 1996 et

284 2025 401 2064 ‹lelet5
428 2025 546 2058 CARM.
571 2025 702 2059 Pium».
728 2024 772 2058 ΙΙ.
799 2035 854 2069 ap.
881 2026 1067 2059 Burmann.
1094 2038 1128 2070 p.
1151 2029 1241 2060 480:
1275 2028 1373 2073 Ergo
1398 2028 1573 2074 quidquid
1594 2028 1634 2061 icl

282 2096 335 2123 est
369 2090 464 2136 quod
488 2090 622 2123 otiosus
652 2089 783 2134 Templi
817 2090 874 2122 tui
905 2090 1105 2135 parietibus
1139 2091 1275 2126 notavi.
1334 2092 1385 2126 Ad
1413 2104 1443 2125 v.
1471 2094 1630 2126 carmina

282 2154 371 2188 conf.
396 2155 505 2188 Ovm.
531 2154 617 2188 Met.
645 2155 690 2196 II,
715 2157 795 2187 326.
834 2155 944 2189 Vina.
971 2158 1055 2190 Aen.
1081 2156 1143 2198 ΙΙΙ,
1170 2159 1250 2191 287.
1284 2157 1404 2201 Eclog.
1432 2160 1473 2201 V,
1499 2162 1555 2193 42.
1581 2177 1627 2186 —

282 2231 421 2254 causa
455 2221 610 2264 perire
631 2222 855 2254 -constructio
881 2223 989 2255 aliena
1016 2234 1034 2255 a
1061 2224 1221 2266 Tibullo,
1260 2225 1458 2267 ceteroquin
1492 2226 1627 2268 saepius

284 2290 394 2330 lecta,
432 2292 470 2321 ut
495 2292 649 2330 constat,
688 2288 779 2332 apud
806 2293 926 2333 poetas
950 2294 1052 2332 atque
1079 2291 1179 2323 etiam
1206 2291 1239 2323 in
1265 2301 1366 2334 prosa
1392 2293 1547 2325 oratione
1572 2292 1624 2324 in-

281 2356 425 2389 terdum.
475 2356 608 2388 Iuvabit
642 2356 684 2389 de
718 2356 780 2390 liae
815 2358 958 2400 aliisque
993 2359 1174 2391 structuris
1201 2359 1355 2392 infinitivi
1385 2360 1500 2401 legere
1535 2370 1622 2401 quae

281 2421 439 2454 observat
464 2421 511 2453 M.
541 2422 712 2454 Scnmn'r
742 2422 774 2454 in
811 2422 1070 2464 Programmate
1095 2422 1298 2456 scholastico
1330 2424 1487 2457 Ratibor.
1517 2426 1620 2456 1826.

282 2491 392 2531 Atque
420 2488 502 2521 haec
528 2488 699 2522 hactenus.
750 2489 875 2521 Restat
900 2492 937 2521 ut
967 2488 1010 2522 de
1037 2493 1110 2523 toto
1137 2491 1232 2523 exitu
1258 2491 1414 2523 nonnulla
1444 2490 1620 2528 addamus,

281 2561 314 2588 et
350 2555 535 2588 indicemus
568 2555 647 2598 quid
685 2556 718 2588 in
757 2566 799 2589 eo
837 2555 1025 2599 displiceat.
1084 2557 1153 2589 Fac
1187 2568 1206 2589 a
1242 2555 1437 2599 propinquis
1472 2557 1617 2599 positum

285 2620 371 2654 inune
397 2621 550 2654 titulum:
593 2620 791 2665 Lygdamus
818 2621 871 2657 hic
896 2624 980 2657 situs
1006 2627 1076 2665 est,
1103 2624 1154 2657 cui
1181 2622 1277 2656 dolor
1302 2626 1335 2656 et
1361 2632 1439 2656 cura
1467 2624 1619 2665 coniugis
