1721 2953
222 133 272 168 76
527 122 896 166 COMMENTAR.
927 122 985 164 IN
1017 123 1245 166 TIBULLI

220 245 298 275 runt
320 242 522 286 interpretes
547 238 684 273 morbos
718 249 841 282 graves
875 243 910 274 et
934 243 1062 274 mortes
1088 241 1325 284 praematuras
1353 247 1415 282 pro
1448 237 1570 281 poenis

218 308 384 342 scelerum
420 305 553 339 habitos
588 303 685 347 (vide
721 305 823 339 etiam
858 305 1002 339 anru.
1038 304 1180 339 Advers.
1206 304 1333 346 XLIV,
1358 303 1448 347 26);
1493 313 1569 336 nam

219 374 358 416 dignum
389 381 426 405 se
461 369 601 403 haberet
628 373 738 403 morte
771 369 952 412 Tibullus,
987 371 1017 404 si
1050 370 1132 414 quid
1168 369 1394 404 commisisset
1421 369 1569 411 gravius.

220 438 319 471 Nune
344 434 422 469 nihil
448 433 638 469 huiusmodi
671 434 773 477 fecit,
810 445 874 468 nec
897 434 989 468 cadit
1022 435 1056 469 iu
1085 445 1163 469 eum
1196 446 1272 471 res:
1315 438 1429 479 potest
1455 438 1570 467 tamen

218 504 288 537 fato
314 501 517 537 constitutus
541 511 618 535 esse
643 500 719 534 finis
746 500 847 535 vitae.
897 501 1011 545 Atque
1035 502 1082 535 ita
1107 502 1171 534 sibi
1196 501 1374 534 transitum
1404 504 1504 545 parat
1527 498 1570 533 ad

222 574 423 614 sequentem
448 572 580 614 partem
605 568 773 603 carminis.
832 567 983 603 Mortem
1007 569 1133 611 timeo,
1155 569 1221 611 ait,
1250 572 1398 602 remotus
1421 579 1441 601 a
1463 568 1570 613 patria

221 646 297 669 cum
322 636 385 669 sim
411 638 446 668 et
469 634 588 680 procul
613 645 633 668 a
657 634 743 668 meis
768 634 802 667 in
827 634 1010 678 peregrina
1035 638 1137 677 terra,
1163 638 1198 668 et
1223 633 1299 668 hinc
1325 644 1446 679 preces
1470 633 1569 676 facio,

218 713 284 736 nou
312 702 436 737 timore
460 711 645 747 poenarum
669 701 936 743 imminentium,
971 701 1029 745 qui
1060 701 1094 735 iu
1125 700 1239 734 futura
1262 701 1331 734 vita
1356 699 1482 743 gaudia
1506 710 1570 744 po-

216 771 282 804 tius
308 773 485 814 exspecto.
534 768 668 805 Quodsi
693 773 806 802 tamen
828 768 893 802 iam
915 778 1004 802 nunc
1027 767 1161 812 explevi
1185 766 1308 800 fatales
1330 776 1449 808 annos,
1473 775 1568 799 mor-

216 837 260 870 tis
292 837 398 870 tristis
431 836 599 870 rationem
633 837 719 880 lapis
757 836 884 870 indicet
917 835 1127 874 viventibus,
1167 835 1241 880 ipse
1274 843 1357 868 vero
1388 844 1409 867 a
1433 833 1570 869 Venere

216 902 341 936 ductus
366 903 400 936 in
427 901 582 945 Elysium
608 903 677 937 ibo.
726 903 779 937 Ita
803 903 891 937 enim
918 901 1002 936 haec
1026 912 1115 936 nexa
1140 905 1230 935 sunt.

311 969 355 1004 V.
378 970 523 1003 53—82.
571 969 681 1002 Pars
715 968 863 1001 altera
899 967 1128 1002 carminis.
1178 964 1374 1009 Mythici
1399 965 1490 999 loci
1518 964 1570 999 de

218 1036 380 1079 Elysio
406 1040 449 1070 et
473 1035 686 1070 Tartaro.
736 1036 897 1077 Poeta,
934 1035 972 1068 si
1001 1032 1279 1068 moriendum
1304 1032 1382 1075 sit,
1408 1041 1569 1065 conso-

218 1102 343 1135 latur
376 1102 563 1136 animum
595 1100 878 1135 infernarum
912 1110 1058 1134 rerum
1092 1098 1395 1141 cogitatione.

313 1167 354 1202 V.
384 1170 528 1203 53—56.
575 1167 691 1201 Prima
728 1165 796 1198 duo
832 1163 974 1199 disticha
1008 1165 1041 1198 in
1080 1164 1224 1198 transitu
1259 1165 1339 1197 sunt
1375 1160 1418 1195 ad
1457 1161 1569 1194 locum

219 1233 341 1276 ipsum.
366 1252 413 1258 —-
444 1234 531 1267 Fac
556 1237 659 1268 stet.
708 1231 851 1266 Mandat
875 1231 959 1266 haec
983 1236 1022 1266 ut
1045 1231 1140 1265 vides
1165 1230 1248 1272 Iovi,
1273 1240 1350 1263 cum
1375 1229 1490 1269 alium,
1514 1227 1568 1261 cui

217 1301 416 1343 mandaret,
452 1288 519 1334 non
552 1300 694 1334 haberet
728 1301 760 1333 in
797 1299 977 1343 peregriua
1011 1302 1113 1332 terra.
1164 1298 1350 1341 Compar-at
1376 1295 1568 1330 Wun’nssn-

218 1376 364 1399 memus
400 1364 508 1410 Soph·
541 1365 594 1399 Ai.
618 1367 831 1405 &iza-831„
871 1364 929 1396 ubi
955 1363 1042 1397 Aiax
1069 1364 1134 1396 vim
1165 1363 1230 1396 sibi
1262 1363 1417 1396 illaturus
1442 1372 1462 1394 a
1486 1361 1569 1393 love

216 1433 375 1477 precibus
402 1432 552 1476 expetit,
589 1435 627 1464 ut
651 1431 824 1464 Teucrum
858 1429 901 1463 de
935 1434 1047 1463 morte
1080 1439 1142 1462 sua
1176 1429 1357 1462 certiorem
1381 1426 1495 1460 faciat.
1521 1444 1567 1450 -—

220 1501 362 1544 lapiS,
397 1509 546 1533 marmor
575 1497 639 1532 hoc
664 1498 765 1532 titulo
792 1497 1003 1541 inscriptum.
1053 1496 1091 1530 Si
1118 1495 1269 1540 praefers
1294 1493 1565 1528 emendationem

217 1566 385 1612 scriptus,
412 1567 476 1601 erit
499 1565 654 1610 scriptus
676 1564 770 1598 notis
796 1575 846 1610 pr.
871 1564 1073 1609 iuscriptuS,
1098 1563 1144 1597 cf.
1169 1563 1276 1596 Ovm.
1302 1561 1445 1595 Heroid.
1468 1560 1566 1603 XIV,

218 1636 317 1675 128„
343 1633 477 1676 aliaque
501 1633 605 1666 allata
630 1643 651 1666 a
674 1633 993 1672 Wrmnnnmcmo,
1021 1631 1078 1673 qui
1103 1630 1206 1663 etiam
1229 1630 1401 1663 Graecum
1425 1624 1566 1673 γράφειν

217 1700 348 1734 Eunu).
381 1699 557 1733 Plioeuiss.
583 1702 669 1733 583.
706 1703 892 1743 comparat.
948 1698 1095 1733 Notabis
1131 1702 1308 1743 praeterea
1341 1695 1490 1730 scribere
1523 1695 1567 1730 de

216 1768 392 1810 sculptura
417 1766 556 1807 dictum,
581 1764 650 1799 vid.
674 1764 869 1797 Dasxssnn.
895 1763 937 1796 ad
962 1763 1039 1799 Liv.
1066 1764 1124 1805 lV,
1150 1766 1208 1797 20.
1233 1767 1268 1797 et
1292 1763 1497 1807 interpretes
1522 1761 1565 1795 ad

217 1833 325 1866 Ovm.
360 1832 503 1866 Heroid.
533 1833 555 1865 l.
586 1832 643 1865 cit.
693 1830 746 1865 Ad
779 1842 851 1864 rem
892 1831 981 1865 conf.
1016 1830 1160 1865 HORAT.
1185 1830 1248 1872 111,
1276 1833 1330 1872 ll,
1355 1831 1413 1863 fin.
1451 1830 1563 1863 err.

216 1899 354 1940 Silv.1‚
378 1901 411 1940 3,
438 1901 471 1932 9.
497 1916 541 1922 -—·
578 1900 674 1931 stet
710 1906 845 1940 super
881 1907 994 1930 ossa.
1044 1897 1113 1930 Aut
1150 1896 1194 1930 de
1219 1893 1434 1940 sarcophago
1468 1895 1566 1937 cogi-

220 1966 360 1998 tandum
386 1975 461 1998 esse
486 1968 602 1998 monet
627 1964 798 1997 Hermus
823 1968 883 1996 aut
907 1963 950 1997 de
975 1963 1187 1997 columbario
1212 1963 1266 1996 vel
1291 1961 1469 2003 cinerario,
1494 1971 1563 2003 quo

216 2031 410 2075 reponenda
435 2041 536 2072 urna,
561 2031 720 2074 apposito
744 2031 845 2064 titulo
871 2031 904 2064 in
928 2041 1108 2065 marmore.
1134 2049 1180 2054 -—-
1219 2030 1261 2063 V.
1288 2032 1346 2063 55.
1384 2028 1565 2070 immiti,

219 2104 341 2144 utpote
374 2099 564 2132 immatura·
621 2098 752 2131 Dicitur
786 2098 905 2132 eadem
940 2098 1044 2141 vulgo
1077 2097 1220 2138 acerba,
1255 2093 1409 2132 θάνατος
1444 2092 1565 2140 ἄωρος,

217 2167 261 2201 cf.
296 2167 373 2200 IAN.
408 2167 659 2199 Gnssnsinnun.
691 2184 738 2190 —
784 2165 880 2198 dum
918 2166 1151 2208 sequitur,
1188 2163 1219 2197 h.
1255 2174 1286 2197 e.
1326 2164 1413 2197 fidus
1449 2173 1566 2197 comes

219 2232 388 2265 Messalae
420 2230 553 2275 patroni
577 2230 739 2264 occubuit
764 2230 924 2264 laudabili
951 2231 982 2263 in
1009 2230 1134 2264 officio.
1193 2229 1354 2263 Ceterum
1380 2228 1423 2263 de
1456 2229 1563 2263 collo-

218 2297 354 2331 catione
380 2297 474 2330 verbi
499 2295 542 2330 cf.
568 2296 611 2329 ad
636 2295 663 2338 1,
690 2297 722 2338 1,
747 2298 804 2329 51.
831 2313 877 2320 ·-
917 2296 960 2329 V.
983 2298 1029 2329 57
1054 2306 1128 2339 sqq.
1177 2295 1276 2329 Nunc
1301 2295 1494 2328 accedimus
1519 2292 1562 2325 ad

218 2363 401 2407 mythicum
426 2365 535 2398 locum
560 2364 681 2407 ipsum.
706 2382 753 2389 —
797 2363 974 2405 facilis,
1008 2363 1246 2406 obsequiosus.
1296 2365 1456 2394 tenero
1482 2367 1564 2391 vero

219 2441 285 2463 uon
321 2429 364 2462 ad
399 2429 529 2473 puerile
554 2439 677 2472 corpus
704 2429 838 2462 Amoris
863 2428 973 2470 refer,
1011 2429 1100 2471 quod
1127 2429 1272 2462 otiosum
1299 2426 1351 2460 hic
1375 2428 1466 2458 esset
1491 2425 1563 2468 epi—

218 2494 356 2536 theton,
394 2494 453 2528 sed
479 2494 520 2527 ad
554 2495 654 2528 animi
681 2505 822 2535 seusus,
848 2494 891 2528 cf.
918 2494 958 2527 ad
986 2494 1018 2535 1,
1042 2498 1070 2535 1,
1097 2497 1152 2527 46.
1183 2510 1223 2518 -
1264 2492 1365 2536 Ipsa
1402 2492 1560 2524 Venus.

221 2564 331 2606 Vulgo
364 2563 553 2595 Mercurius
583 2562 729 2595 ducebat
764 2562 960 2603 det'nuctos,
999 2566 1109 2595 tamen
1144 2560 1244 2594 etiam
1278 2559 1334 2592 alii
1362 2559 1406 2592 dii
1433 2563 1563 2592 amatos

217 2629 355 2670 ducunt,
380 2634 414 2663 ut
441 2629 491 2664 hic
520 2630 644 2667 venus,
673 2628 715 2663 cf.
746 2629 936 2663 Commcut.
962 2632 1068 2662 nostr.
1092 2626 1134 2659 ad
1163 2626 1269 2660 Piso.
1300 2625 1352 2658 Ol.
1380 2625 1423 2658 11.
1451 2638 1482 2670 p.
1504 2627 1560 2657 38.
