<?xml version="1.0" encoding="UTF-8"?>
<!DOCTYPE html PUBLIC "-//W3C//DTD XHTML 1.0 Transitional//EN"
    "http://www.w3.org/TR/xhtml1/DTD/xhtml1-transitional.dtd">
<html xmlns="http://www.w3.org/1999/xhtml" xml:lang="en" lang="en">
 <head>
  <title>
</title>
<meta http-equiv="Content-Type" content="text/html;charset=utf-8" />
  <meta name='ocr-system' content='tesseract 3.04.00' />
  <meta name='ocr-capabilities' content='ocr_page ocr_carea ocr_par ocr_line ocrx_word'/>
</head>
<body>
  <div class='ocr_page' id='page_1' title='image "./carminaexrecensi00tibuuoft_0020.png"; bbox 0 0 1721 2953; ppageno 0'>
   <div class='ocr_carea' id='block_1_1' title="bbox 268 107 1064 149">
    <p class='ocr_par' dir='ltr' id='par_1_1' title="bbox 268 107 1064 149">
     <span class='ocr_line' id='line_1_1' title="bbox 268 107 1064 149; baseline 0 -1"><span class='ocrx_word' id='word_1_1' title='bbox 268 124 293 148; x_wconf 81' lang='lat' dir='ltr'>x</span> <span class='ocrx_word' id='word_1_2' title='bbox 301 123 339 148; x_wconf 80' lang='lat' dir='ltr'><strong>tv</strong></span> <span class='ocrx_word' id='word_1_3' title='bbox 825 107 899 149; x_wconf 87' lang='lat' dir='ltr'><strong>DE</strong></span> <span class='ocrx_word' id='word_1_4' title='bbox 931 107 1064 149; x_wconf 74' lang='lat' dir='ltr'>VITA</span> 
     </span>
    </p>
   </div>
   <div class='ocr_carea' id='block_1_2' title="bbox 264 217 1624 2557">
    <p class='ocr_par' dir='ltr' id='par_1_2' title="bbox 264 217 1622 1559">
     <span class='ocr_line' id='line_1_2' title="bbox 268 217 1620 263; baseline -0.001 0"><span class='ocrx_word' id='word_1_5' title='bbox 268 237 364 263; x_wconf 81' lang='lat' dir='ltr'><strong>ann.</strong></span> <span class='ocrx_word' id='word_1_6' title='bbox 397 225 490 261; x_wconf 72' lang='lat'><strong>689.</strong></span> <span class='ocrx_word' id='word_1_7' title='bbox 521 227 638 261; x_wconf 82' lang='lat' dir='ltr'><strong>natus</strong></span> <span class='ocrx_word' id='word_1_8' title='bbox 669 219 880 260; x_wconf 81' lang='lat' dir='ltr'>Tibullum</span> <span class='ocrx_word' id='word_1_9' title='bbox 912 217 1129 261; x_wconf 82' lang='lat' dir='ltr'><strong>candidum</strong></span> <span class='ocrx_word' id='word_1_10' title='bbox 1169 219 1343 261; x_wconf 82' lang='lat' dir='ltr'><strong>iudicem</strong></span> <span class='ocrx_word' id='word_1_11' title='bbox 1384 235 1620 263; x_wconf 79' lang='lat' dir='ltr'>sermonum</span> 
     </span>
     <span class='ocr_line' id='line_1_3' title="bbox 267 294 1620 351; baseline -0.001 -11"><span class='ocrx_word' id='word_1_12' title='bbox 267 313 436 341; x_wconf 80' lang='lat' dir='ltr'><strong>suorum</strong></span> <span class='ocrx_word' id='word_1_13' title='bbox 476 297 652 351; x_wconf 86' lang='lat' dir='ltr'><strong>appellat</strong></span> <span class='ocrx_word' id='word_1_14' title='bbox 690 294 816 347; x_wconf 83' lang='lat' dir='ltr'><strong>Epist.</strong></span> <span class='ocrx_word' id='word_1_15' title='bbox 847 294 886 343; x_wconf 88' lang='lat' dir='ltr'><strong>I,</strong></span> <span class='ocrx_word' id='word_1_16' title='bbox 919 297 980 343; x_wconf 80' lang='grc'><strong>4.,</strong></span> <span class='ocrx_word' id='word_1_17' title='bbox 1022 308 1108 334; x_wconf 84' lang='lat' dir='ltr'><strong>nou</strong></span> <span class='ocrx_word' id='word_1_18' title='bbox 1151 296 1331 336; x_wconf 81' lang='lat' dir='ltr'><strong>facturus</strong></span> <span class='ocrx_word' id='word_1_19' title='bbox 1374 299 1478 337; x_wconf 82' lang='lat' dir='ltr'><strong>tanti</strong></span> <span class='ocrx_word' id='word_1_20' title='bbox 1513 296 1620 338; x_wconf 77' lang='lat' dir='ltr'><strong>iudi-</strong></span> 
     </span>
     <span class='ocr_line' id='line_1_4' title="bbox 267 371 1620 425; baseline -0.005 -8"><span class='ocrx_word' id='word_1_21' title='bbox 267 379 374 418; x_wconf 86' lang='lat' dir='ltr'><strong>cium</strong></span> <span class='ocrx_word' id='word_1_22' title='bbox 402 374 579 414; x_wconf 83' lang='lat' dir='ltr'><strong>hominis</strong></span> <span class='ocrx_word' id='word_1_23' title='bbox 610 371 738 411; x_wconf 88' lang='lat' dir='ltr'><strong>multo</strong></span> <span class='ocrx_word' id='word_1_24' title='bbox 770 385 811 411; x_wconf 88' lang='lat' dir='ltr'><strong>se</strong></span> <span class='ocrx_word' id='word_1_25' title='bbox 841 371 1036 419; x_wconf 77' lang='lat' dir='ltr'><strong>iunioris,</strong></span> <span class='ocrx_word' id='word_1_26' title='bbox 1080 385 1328 425; x_wconf 78' lang='lat' dir='ltr'><strong>quamquam</strong></span> <span class='ocrx_word' id='word_1_27' title='bbox 1361 372 1518 425; x_wconf 81' lang='lat' dir='ltr'>aliquot</span> <span class='ocrx_word' id='word_1_28' title='bbox 1548 385 1620 410; x_wconf 80' lang='lat' dir='ltr'><strong>nn-</strong></span> 
     </span>
     <span class='ocr_line' id='line_1_5' title="bbox 267 445 1619 499; baseline -0.004 -7"><span class='ocrx_word' id='word_1_29' title='bbox 267 453 329 492; x_wconf 63' lang='grc'><strong>1113</strong></span> <span class='ocrx_word' id='word_1_30' title='bbox 369 451 508 492; x_wconf 83' lang='lat' dir='ltr'><strong>iunior</strong></span> <span class='ocrx_word' id='word_1_31' title='bbox 545 461 631 487; x_wconf 83' lang='lat' dir='ltr'><strong>esse</strong></span> <span class='ocrx_word' id='word_1_32' title='bbox 673 448 809 499; x_wconf 83' lang='lat' dir='ltr'><strong>potuit</strong></span> <span class='ocrx_word' id='word_1_33' title='bbox 848 448 1049 489; x_wconf 80' lang='lat' dir='ltr'>Tibullus.</span> <span class='ocrx_word' id='word_1_34' title='bbox 1120 445 1279 496; x_wconf 78' lang='lat' dir='ltr'><strong>Quodsi</strong></span> <span class='ocrx_word' id='word_1_35' title='bbox 1319 448 1411 488; x_wconf 76' lang='lat' dir='ltr'><strong>cire.</strong></span> <span class='ocrx_word' id='word_1_36' title='bbox 1441 447 1492 487; x_wconf 86' lang='lat' dir='ltr'><strong>ab</strong></span> <span class='ocrx_word' id='word_1_37' title='bbox 1523 461 1619 487; x_wconf 85' lang='lat' dir='ltr'><strong>ann.</strong></span> 
     </span>
     <span class='ocr_line' id='line_1_6' title="bbox 268 520 1621 575; baseline -0.004 -8"><span class='ocrx_word' id='word_1_38' title='bbox 268 531 361 568; x_wconf 78' lang='grc'><strong>695.</strong></span> <span class='ocrx_word' id='word_1_39' title='bbox 392 524 443 565; x_wconf 81' lang='lat' dir='ltr'><strong>ad</strong></span> <span class='ocrx_word' id='word_1_40' title='bbox 475 538 571 564; x_wconf 89' lang='lat' dir='ltr'><strong>ann.</strong></span> <span class='ocrx_word' id='word_1_41' title='bbox 604 525 697 563; x_wconf 77' lang='lat'><strong>736,</strong></span> <span class='ocrx_word' id='word_1_42' title='bbox 727 522 851 571; x_wconf 82' lang='lat' dir='ltr'><strong>vixit,</strong></span> <span class='ocrx_word' id='word_1_43' title='bbox 885 522 1136 562; x_wconf 82' lang='lat' dir='ltr'><strong>conveniunt</strong></span> <span class='ocrx_word' id='word_1_44' title='bbox 1168 523 1305 562; x_wconf 84' lang='lat' dir='ltr'>onmia</span> <span class='ocrx_word' id='word_1_45' title='bbox 1336 522 1511 575; x_wconf 83' lang='lat' dir='ltr'><strong>optime:</strong></span> <span class='ocrx_word' id='word_1_46' title='bbox 1542 520 1621 562; x_wconf 86' lang='lat' dir='ltr'><strong>diei</strong></span> 
     </span>
     <span class='ocr_line' id='line_1_7' title="bbox 264 597 1620 657; baseline -0.004 -15"><span class='ocrx_word' id='word_1_47' title='bbox 264 603 400 657; x_wconf 80' lang='lat' dir='ltr'><strong>potuit</strong></span> <span class='ocrx_word' id='word_1_48' title='bbox 437 600 598 642; x_wconf 85' lang='lat' dir='ltr'><strong>iuvenis</strong></span> <span class='ocrx_word' id='word_1_49' title='bbox 643 597 860 639; x_wconf 78' lang='lat' dir='ltr'><strong>decessisse</strong></span> <span class='ocrx_word' id='word_1_50' title='bbox 903 606 1003 638; x_wconf 85' lang='lat' dir='ltr'><strong>noto</strong></span> <span class='ocrx_word' id='word_1_51' title='bbox 1047 612 1122 638; x_wconf 86' lang='lat' dir='ltr'><strong>usu</strong></span> <span class='ocrx_word' id='word_1_52' title='bbox 1163 598 1299 648; x_wconf 83' lang='lat' dir='ltr'><strong>verbi,</strong></span> <span class='ocrx_word' id='word_1_53' title='bbox 1337 597 1620 651; x_wconf 66' lang='lat' dir='ltr'>imprimisque</span> 
     </span>
     <span class='ocr_line' id='line_1_8' title="bbox 266 671 1621 728; baseline -0.005 -9"><span class='ocrx_word' id='word_1_54' title='bbox 266 682 406 721; x_wconf 74' lang='lat' dir='ltr'><strong>favent</strong></span> <span class='ocrx_word' id='word_1_55' title='bbox 435 677 530 717; x_wconf 82' lang='lat' dir='ltr'><strong>huic</strong></span> <span class='ocrx_word' id='word_1_56' title='bbox 560 676 714 716; x_wconf 86' lang='lat' dir='ltr'><strong>calculo</strong></span> <span class='ocrx_word' id='word_1_57' title='bbox 747 687 853 728; x_wconf 78' lang='lat' dir='ltr'><strong>quae</strong></span> <span class='ocrx_word' id='word_1_58' title='bbox 883 671 933 714; x_wconf 86' lang='lat' dir='ltr'><strong>de</strong></span> <span class='ocrx_word' id='word_1_59' title='bbox 965 675 1070 714; x_wconf 80' lang='lat' dir='ltr'><strong>vitae</strong></span> <span class='ocrx_word' id='word_1_60' title='bbox 1113 689 1210 715; x_wconf 81' lang='lat' dir='ltr'><strong>suae</strong></span> <span class='ocrx_word' id='word_1_61' title='bbox 1251 688 1373 716; x_wconf 86' lang='lat' dir='ltr'><strong>cursu</strong></span> <span class='ocrx_word' id='word_1_62' title='bbox 1413 681 1621 727; x_wconf 83' lang='lat' dir='ltr'><strong>comperta</strong></span> 
     </span>
     <span class='ocr_line' id='line_1_9' title="bbox 266 749 1619 804; baseline -0.004 -9"><span class='ocrx_word' id='word_1_63' title='bbox 266 756 464 796; x_wconf 84' lang='lat' dir='ltr'><strong>habemus</strong></span> <span class='ocrx_word' id='word_1_64' title='bbox 495 761 566 792; x_wconf 79' lang='lat' dir='ltr'><strong>aut</strong></span> <span class='ocrx_word' id='word_1_65' title='bbox 596 752 794 793; x_wconf 81' lang='lat' dir='ltr'><strong>eoniicere</strong></span> <span class='ocrx_word' id='word_1_66' title='bbox 824 751 940 800; x_wconf 80' lang='lat' dir='ltr'><strong>licet,</strong></span> <span class='ocrx_word' id='word_1_67' title='bbox 971 764 1047 804; x_wconf 86' lang='lat' dir='ltr'><strong>per</strong></span> <span class='ocrx_word' id='word_1_68' title='bbox 1077 764 1208 790; x_wconf 86' lang='lat' dir='ltr'><strong>annos</strong></span> <span class='ocrx_word' id='word_1_69' title='bbox 1239 749 1402 803; x_wconf 81' lang='lat' dir='ltr'><strong>digesta.</strong></span> <span class='ocrx_word' id='word_1_70' title='bbox 1459 750 1509 790; x_wconf 91' lang='lat' dir='ltr'><strong>In</strong></span> <span class='ocrx_word' id='word_1_71' title='bbox 1542 750 1619 790; x_wconf 87' lang='lat' dir='ltr'><strong>hoc</strong></span> 
     </span>
     <span class='ocr_line' id='line_1_10' title="bbox 265 823 1620 884; baseline -0.007 -12"><span class='ocrx_word' id='word_1_72' title='bbox 265 834 388 884; x_wconf 77' lang='lat' dir='ltr'><strong>igitur</strong></span> <span class='ocrx_word' id='word_1_73' title='bbox 411 827 765 884; x_wconf 75' lang='lat' dir='ltr'><strong>acquiescemlum.</strong></span> <span class='ocrx_word' id='word_1_74' title='bbox 824 827 1043 867; x_wconf 83' lang='lat' dir='ltr'><strong>Paldamus</strong></span> <span class='ocrx_word' id='word_1_75' title='bbox 1073 842 1164 880; x_wconf 84' lang='lat' dir='ltr'><strong>pag.</strong></span> <span class='ocrx_word' id='word_1_76' title='bbox 1190 829 1258 867; x_wconf 80' lang='lat'><strong>49.</strong></span> <span class='ocrx_word' id='word_1_77' title='bbox 1289 823 1500 867; x_wconf 83' lang='lat' dir='ltr'>contendit</span> <span class='ocrx_word' id='word_1_78' title='bbox 1525 838 1620 864; x_wconf 87' lang='lat' dir='ltr'><strong>ann.</strong></span> 
     </span>
     <span class='ocr_line' id='line_1_11' title="bbox 270 900 1620 960; baseline -0.007 -13"><span class='ocrx_word' id='word_1_79' title='bbox 270 913 364 947; x_wconf 80' lang='lat'><strong>700.</strong></span> <span class='ocrx_word' id='word_1_80' title='bbox 392 913 558 960; x_wconf 83' lang='lat' dir='ltr'><strong>poetam</strong></span> <span class='ocrx_word' id='word_1_81' title='bbox 588 912 742 943; x_wconf 86' lang='lat' dir='ltr'><strong>natum.</strong></span> <span class='ocrx_word' id='word_1_82' title='bbox 798 900 882 943; x_wconf 83' lang='lat' dir='ltr'><strong>Sed</strong></span> <span class='ocrx_word' id='word_1_83' title='bbox 910 903 1116 942; x_wconf 72' lang='lat' dir='ltr'><em>nutriculae</em></span> <span class='ocrx_word' id='word_1_84' title='bbox 1145 903 1300 941; x_wconf 74' lang='lat' dir='ltr'><strong>mentio</strong></span> <span class='ocrx_word' id='word_1_85' title='bbox 1342 910 1382 941; x_wconf 89' lang='lat' dir='ltr'><strong>et</strong></span> <span class='ocrx_word' id='word_1_86' title='bbox 1419 901 1536 940; x_wconf 64' lang='lat' dir='ltr'><strong>dulcis</strong></span> <span class='ocrx_word' id='word_1_87' title='bbox 1575 913 1620 938; x_wconf 83' lang='grc' dir='ltr'><strong>α-</strong></span> 
     </span>
     <span class='ocr_line' id='line_1_12' title="bbox 266 975 1619 1033; baseline -0.007 -9"><span class='ocrx_word' id='word_1_88' title='bbox 266 988 381 1024; x_wconf 80' lang='grc' dir='ltr'><em>Ιιιιηηι·</em></span> <span class='ocrx_word' id='word_1_89' title='bbox 402 985 447 1023; x_wconf 85' lang='lat' dir='ltr'><strong>in</strong></span> <span class='ocrx_word' id='word_1_90' title='bbox 475 984 567 1023; x_wconf 88' lang='lat' dir='ltr'><strong>loco</strong></span> <span class='ocrx_word' id='word_1_91' title='bbox 597 981 760 1020; x_wconf 79' lang='lat' dir='ltr'><strong>Horatii</strong></span> <span class='ocrx_word' id='word_1_92' title='bbox 787 980 917 1032; x_wconf 81' lang='lat' dir='ltr'><strong>Epist.</strong></span> <span class='ocrx_word' id='word_1_93' title='bbox 947 979 1058 1033; x_wconf 11' lang='lat'>1‚74.</span> <span class='ocrx_word' id='word_1_94' title='bbox 1103 978 1238 1017; x_wconf 77' lang='lat' dir='ltr'><strong>statim</strong></span> <span class='ocrx_word' id='word_1_95' title='bbox 1277 975 1490 1018; x_wconf 80' lang='lat' dir='ltr'><strong>afferendo</strong></span> <span class='ocrx_word' id='word_1_96' title='bbox 1535 988 1619 1015; x_wconf 88' lang='lat' dir='ltr'><strong>non</strong></span> 
     </span>
     <span class='ocr_line' id='line_1_13' title="bbox 265 1050 1620 1105; baseline -0.01 -3"><span class='ocrx_word' id='word_1_97' title='bbox 265 1060 418 1102; x_wconf 81' lang='lat' dir='ltr'><strong>indicat</strong></span> <span class='ocrx_word' id='word_1_98' title='bbox 446 1058 674 1099; x_wconf 85' lang='lat' dir='ltr'><strong>necessario</strong></span> <span class='ocrx_word' id='word_1_99' title='bbox 704 1057 832 1095; x_wconf 83' lang='lat' dir='ltr'><strong>multo</strong></span> <span class='ocrx_word' id='word_1_100' title='bbox 862 1056 1069 1095; x_wconf 82' lang='lat' dir='ltr'><strong>iuniorem.</strong></span> <span class='ocrx_word' id='word_1_101' title='bbox 1097 1061 1276 1105; x_wconf 78' lang='lat' dir='ltr'><strong>poetam.</strong></span> <span class='ocrx_word' id='word_1_102' title='bbox 1333 1050 1456 1092; x_wconf 77' lang='lat' dir='ltr'><strong>Ridet</strong></span> <span class='ocrx_word' id='word_1_103' title='bbox 1484 1052 1620 1090; x_wconf 86' lang='lat' dir='ltr'><strong>iocose</strong></span> 
     </span>
     <span class='ocr_line' id='line_1_14' title="bbox 266 1126 1622 1181; baseline -0.007 -5"><span class='ocrx_word' id='word_1_104' title='bbox 266 1136 462 1177; x_wconf 71' lang='lat' dir='ltr'><strong>Horatius</strong></span> <span class='ocrx_word' id='word_1_105' title='bbox 491 1134 678 1181; x_wconf 83' lang='lat' dir='ltr'><strong>mollem,</strong></span> <span class='ocrx_word' id='word_1_106' title='bbox 709 1145 796 1170; x_wconf 86' lang='lat' dir='ltr'><strong>non</strong></span> <span class='ocrx_word' id='word_1_107' title='bbox 827 1131 920 1170; x_wconf 71' lang='lat' dir='ltr'><strong>satis</strong></span> <span class='ocrx_word' id='word_1_108' title='bbox 943 1131 1168 1170; x_wconf 86' lang='lat' dir='ltr'><strong>masculum</strong></span> <span class='ocrx_word' id='word_1_109' title='bbox 1193 1129 1377 1167; x_wconf 85' lang='lat' dir='ltr'><strong>animum</strong></span> <span class='ocrx_word' id='word_1_110' title='bbox 1397 1127 1520 1176; x_wconf 57' lang='lat' dir='ltr'><strong>Auni,</strong></span> <span class='ocrx_word' id='word_1_111' title='bbox 1550 1126 1622 1180; x_wconf 88' lang='lat' dir='ltr'><strong>qui</strong></span> 
     </span>
     <span class='ocr_line' id='line_1_15' title="bbox 266 1202 1620 1258; baseline -0.008 -5"><span class='ocrx_word' id='word_1_112' title='bbox 266 1210 390 1253; x_wconf 87' lang='lat' dir='ltr'><strong>modo</strong></span> <span class='ocrx_word' id='word_1_113' title='bbox 420 1209 671 1249; x_wconf 78' lang='lat' dir='ltr'>miserabiles</span> <span class='ocrx_word' id='word_1_114' title='bbox 703 1209 837 1258; x_wconf 79' lang='lat' dir='ltr'>elegos</span> <span class='ocrx_word' id='word_1_115' title='bbox 869 1205 1157 1247; x_wconf 77' lang='lat' dir='ltr'><strong>decantaverat</strong></span> <span class='ocrx_word' id='word_1_116' title='bbox 1189 1212 1360 1257; x_wconf 85' lang='lat' dir='ltr'><strong>propter</strong></span> <span class='ocrx_word' id='word_1_117' title='bbox 1391 1202 1620 1256; x_wconf 84' lang='lat' dir='ltr'><strong>Glyceram.</strong></span> 
     </span>
     <span class='ocr_line' id='line_1_16' title="bbox 265 1279 1621 1330; baseline -0.007 -3"><span class='ocrx_word' id='word_1_118' title='bbox 265 1287 322 1327; x_wconf 74' lang='lat' dir='ltr'><strong>Ut</strong></span> <span class='ocrx_word' id='word_1_119' title='bbox 351 1287 414 1326; x_wconf 85' lang='lat' dir='ltr'><strong>his</strong></span> <span class='ocrx_word' id='word_1_120' title='bbox 440 1283 577 1325; x_wconf 87' lang='lat' dir='ltr'><strong>verbis</strong></span> <span class='ocrx_word' id='word_1_121' title='bbox 598 1282 765 1321; x_wconf 86' lang='lat' dir='ltr'><strong>minime</strong></span> <span class='ocrx_word' id='word_1_122' title='bbox 790 1293 1062 1321; x_wconf 83' lang='lat' dir='ltr'><strong>commovear.</strong></span> <span class='ocrx_word' id='word_1_123' title='bbox 1122 1280 1187 1318; x_wconf 90' lang='lat' dir='ltr'><strong>De</strong></span> <span class='ocrx_word' id='word_1_124' title='bbox 1209 1279 1376 1318; x_wconf 83' lang='lat' dir='ltr'><strong>fortuna</strong></span> <span class='ocrx_word' id='word_1_125' title='bbox 1397 1290 1497 1319; x_wconf 86' lang='lat' dir='ltr'><strong>vero</strong></span> <span class='ocrx_word' id='word_1_126' title='bbox 1520 1290 1621 1330; x_wconf 89' lang='lat' dir='ltr'><strong>poe-</strong></span> 
     </span>
     <span class='ocr_line' id='line_1_17' title="bbox 267 1352 1620 1406; baseline -0.008 -3"><span class='ocrx_word' id='word_1_127' title='bbox 267 1374 331 1404; x_wconf 73' lang='lat' dir='ltr'><strong>tae</strong></span> <span class='ocrx_word' id='word_1_128' title='bbox 360 1362 614 1403; x_wconf 83' lang='lat' dir='ltr'><strong>luculentum</strong></span> <span class='ocrx_word' id='word_1_129' title='bbox 646 1366 705 1398; x_wconf 82' lang='lat' dir='ltr'><strong>est</strong></span> <span class='ocrx_word' id='word_1_130' title='bbox 735 1356 1014 1397; x_wconf 81' lang='lat' dir='ltr'><strong>testimonium</strong></span> <span class='ocrx_word' id='word_1_131' title='bbox 1043 1355 1110 1396; x_wconf 87' lang='lat' dir='ltr'><strong>ille</strong></span> <span class='ocrx_word' id='word_1_132' title='bbox 1141 1355 1276 1406; x_wconf 81' lang='lat' dir='ltr'><strong>loeus;</strong></span> <span class='ocrx_word' id='word_1_133' title='bbox 1306 1367 1403 1392; x_wconf 87' lang='lat' dir='ltr'><strong>nam</strong></span> <span class='ocrx_word' id='word_1_134' title='bbox 1429 1352 1620 1392; x_wconf 88' lang='lat' dir='ltr'><strong>omnibus</strong></span> 
     </span>
     <span class='ocr_line' id='line_1_18' title="bbox 267 1427 1621 1489; baseline -0.009 -9"><span class='ocrx_word' id='word_1_135' title='bbox 267 1441 387 1481; x_wconf 86' lang='lat' dir='ltr'><strong>bonis</strong></span> <span class='ocrx_word' id='word_1_136' title='bbox 430 1445 620 1478; x_wconf 83' lang='lat' dir='ltr'><strong>ornatum</strong></span> <span class='ocrx_word' id='word_1_137' title='bbox 674 1433 904 1489; x_wconf 83' lang='lat' dir='ltr'><strong>praedicat,</strong></span> <span class='ocrx_word' id='word_1_138' title='bbox 954 1433 1102 1488; x_wconf 82' lang='lat' dir='ltr'><strong>quibus</strong></span> <span class='ocrx_word' id='word_1_139' title='bbox 1149 1443 1253 1484; x_wconf 82' lang='lat' dir='ltr'><strong>opus</strong></span> <span class='ocrx_word' id='word_1_140' title='bbox 1303 1428 1354 1469; x_wconf 78' lang='lat' dir='ltr'><strong>ad</strong></span> <span class='ocrx_word' id='word_1_141' title='bbox 1399 1427 1621 1470; x_wconf 85' lang='lat' dir='ltr'><strong>iucundam</strong></span> 
     </span>
     <span class='ocr_line' id='line_1_19' title="bbox 267 1519 416 1559; baseline -0.007 -1"><span class='ocrx_word' id='word_1_142' title='bbox 267 1519 416 1559; x_wconf 72' lang='lat' dir='ltr'><strong>vitam:</strong></span> 
     </span>
    </p>

    <p class='ocr_par' dir='ltr' id='par_1_3' title="bbox 382 1584 1592 1644">
     <span class='ocr_line' id='line_1_20' title="bbox 382 1584 1592 1644; baseline -0.008 -11"><span class='ocrx_word' id='word_1_143' title='bbox 382 1592 482 1634; x_wconf 86' lang='lat' dir='ltr'><strong>Non</strong></span> <span class='ocrx_word' id='word_1_144' title='bbox 510 1598 555 1632; x_wconf 85' lang='lat' dir='ltr'><strong>tu</strong></span> <span class='ocrx_word' id='word_1_145' title='bbox 588 1604 736 1644; x_wconf 81' lang='lat' dir='ltr'><strong>corpus</strong></span> <span class='ocrx_word' id='word_1_146' title='bbox 767 1604 857 1631; x_wconf 87' lang='lat' dir='ltr'><strong>eras</strong></span> <span class='ocrx_word' id='word_1_147' title='bbox 888 1590 975 1630; x_wconf 85' lang='lat' dir='ltr'><strong>siue</strong></span> <span class='ocrx_word' id='word_1_148' title='bbox 1006 1596 1194 1642; x_wconf 75' lang='lat' dir='ltr'><strong>pectore3</strong></span> <span class='ocrx_word' id='word_1_149' title='bbox 1230 1584 1272 1626; x_wconf 84' lang='lat' dir='ltr'><strong>di</strong></span> <span class='ocrx_word' id='word_1_150' title='bbox 1302 1585 1376 1625; x_wconf 74' lang='lat' dir='ltr'><strong>libi</strong></span> <span class='ocrx_word' id='word_1_151' title='bbox 1405 1584 1592 1633; x_wconf 85' lang='lat' dir='ltr'><strong>formam,</strong></span> 
     </span>
    </p>

    <p class='ocr_par' dir='ltr' id='par_1_4' title="bbox 380 1659 1418 1716">
     <span class='ocr_line' id='line_1_21' title="bbox 380 1659 1418 1716; baseline -0.009 -8"><span class='ocrx_word' id='word_1_152' title='bbox 380 1668 439 1708; x_wconf 89' lang='lat' dir='ltr'><strong>Di</strong></span> <span class='ocrx_word' id='word_1_153' title='bbox 467 1668 542 1708; x_wconf 75' lang='lat' dir='ltr'><strong>tibi</strong></span> <span class='ocrx_word' id='word_1_154' title='bbox 571 1666 730 1707; x_wconf 76' lang='lat' dir='ltr'><strong>divitias</strong></span> <span class='ocrx_word' id='word_1_155' title='bbox 762 1664 965 1705; x_wconf 86' lang='lat' dir='ltr'><strong>dederunt</strong></span> <span class='ocrx_word' id='word_1_156' title='bbox 995 1672 1206 1716; x_wconf 81' lang='lat' dir='ltr'><strong>artemque</strong></span> <span class='ocrx_word' id='word_1_157' title='bbox 1237 1659 1418 1700; x_wconf 83' lang='lat' dir='ltr'><strong>fruendi.</strong></span> 
     </span>
    </p>

    <p class='ocr_par' dir='ltr' id='par_1_5' title="bbox 383 1738 1422 1792">
     <span class='ocr_line' id='line_1_22' title="bbox 383 1738 1422 1792; baseline -0.009 -9"><span class='ocrx_word' id='word_1_158' title='bbox 383 1741 494 1792; x_wconf 84' lang='lat' dir='ltr'><strong>Quid</strong></span> <span class='ocrx_word' id='word_1_159' title='bbox 522 1750 671 1783; x_wconf 80' lang='lat' dir='ltr'><strong>voveat</strong></span> <span class='ocrx_word' id='word_1_160' title='bbox 700 1741 809 1781; x_wconf 86' lang='lat' dir='ltr'><strong>dulci</strong></span> <span class='ocrx_word' id='word_1_161' title='bbox 841 1740 1046 1779; x_wconf 82' lang='lat' dir='ltr'><strong>nutricula</strong></span> <span class='ocrx_word' id='word_1_162' title='bbox 1073 1738 1204 1778; x_wconf 86' lang='lat' dir='ltr'><strong>maius</strong></span> <span class='ocrx_word' id='word_1_163' title='bbox 1235 1738 1422 1784; x_wconf 86' lang='lat' dir='ltr'><strong>alumno,</strong></span> 
     </span>
    </p>

    <p class='ocr_par' dir='ltr' id='par_1_6' title="bbox 382 1809 1471 1870">
     <span class='ocr_line' id='line_1_23' title="bbox 382 1809 1471 1870; baseline -0.007 -13"><span class='ocrx_word' id='word_1_164' title='bbox 382 1815 465 1867; x_wconf 86' lang='lat' dir='ltr'><strong>Qui</strong></span> <span class='ocrx_word' id='word_1_165' title='bbox 493 1830 635 1870; x_wconf 83' lang='lat' dir='ltr'><strong>sapere</strong></span> <span class='ocrx_word' id='word_1_166' title='bbox 666 1824 707 1855; x_wconf 80' lang='lat' dir='ltr'><strong>et</strong></span> <span class='ocrx_word' id='word_1_167' title='bbox 736 1815 815 1856; x_wconf 85' lang='lat' dir='ltr'><strong>sari</strong></span> <span class='ocrx_word' id='word_1_168' title='bbox 842 1815 972 1867; x_wconf 83' lang='lat' dir='ltr'><strong>possit</strong></span> <span class='ocrx_word' id='word_1_169' title='bbox 1000 1826 1106 1866; x_wconf 81' lang='lat' dir='ltr'><strong>quae</strong></span> <span class='ocrx_word' id='word_1_170' title='bbox 1136 1811 1304 1860; x_wconf 80' lang='lat' dir='ltr'><strong>sentiat,</strong></span> <span class='ocrx_word' id='word_1_171' title='bbox 1337 1818 1376 1850; x_wconf 86' lang='lat' dir='ltr'><strong>et</strong></span> <span class='ocrx_word' id='word_1_172' title='bbox 1406 1809 1471 1850; x_wconf 85' lang='lat' dir='ltr'><strong>cui</strong></span> 
     </span>
    </p>

    <p class='ocr_par' dir='ltr' id='par_1_7' title="bbox 383 1883 1383 1940">
     <span class='ocr_line' id='line_1_24' title="bbox 383 1883 1383 1940; baseline -0.01 -7"><span class='ocrx_word' id='word_1_173' title='bbox 383 1893 546 1939; x_wconf 79' lang='lat' dir='ltr'><strong>Gratia,</strong></span> <span class='ocrx_word' id='word_1_174' title='bbox 576 1892 706 1940; x_wconf 82' lang='lat' dir='ltr'><strong>sama,</strong></span> <span class='ocrx_word' id='word_1_175' title='bbox 737 1887 929 1930; x_wconf 79' lang='lat' dir='ltr'><strong>valetudo</strong></span> <span class='ocrx_word' id='word_1_176' title='bbox 960 1888 1168 1937; x_wconf 81' lang='lat' dir='ltr'><strong>contingat</strong></span> <span class='ocrx_word' id='word_1_177' title='bbox 1197 1883 1383 1934; x_wconf 81' lang='lat' dir='ltr'><strong>abunde,</strong></span> 
     </span>
    </p>

    <p class='ocr_par' dir='ltr' id='par_1_8' title="bbox 270 1955 1624 2557">
     <span class='ocr_line' id='line_1_25' title="bbox 381 1955 1414 2011; baseline -0.012 -1"><span class='ocrx_word' id='word_1_178' title='bbox 381 1970 433 2011; x_wconf 80' lang='lat' dir='ltr'><strong>Et</strong></span> <span class='ocrx_word' id='word_1_179' title='bbox 460 1967 641 2010; x_wconf 84' lang='lat' dir='ltr'><strong>mundus</strong></span> <span class='ocrx_word' id='word_1_180' title='bbox 670 1967 800 2007; x_wconf 86' lang='lat' dir='ltr'><strong>victus</strong></span> <span class='ocrx_word' id='word_1_181' title='bbox 830 1979 919 2005; x_wconf 86' lang='lat' dir='ltr'><strong>non</strong></span> <span class='ocrx_word' id='word_1_182' title='bbox 948 1962 1158 2004; x_wconf 87' lang='lat' dir='ltr'><strong>deficiente</strong></span> <span class='ocrx_word' id='word_1_183' title='bbox 1190 1955 1414 2002; x_wconf 77' lang='lat' dir='ltr'><strong>crumena?</strong></span> 
     </span>
     <span class='ocr_line' id='line_1_26' title="bbox 270 2038 1622 2099; baseline -0.014 -9"><span class='ocrx_word' id='word_1_184' title='bbox 270 2052 327 2090; x_wconf 77' lang='lat' dir='ltr'><strong>Ac</strong></span> <span class='ocrx_word' id='word_1_185' title='bbox 369 2049 525 2088; x_wconf 78' lang='lat' dir='ltr'><strong>formae</strong></span> <span class='ocrx_word' id='word_1_186' title='bbox 564 2042 886 2099; x_wconf 79' lang='lat' dir='ltr'><strong>pulcritudinem</strong></span> <span class='ocrx_word' id='word_1_187' title='bbox 926 2041 1048 2082; x_wconf 82' lang='lat' dir='ltr'><strong>etiam</strong></span> <span class='ocrx_word' id='word_1_188' title='bbox 1085 2040 1184 2079; x_wconf 77' lang='lat' dir='ltr'><strong>Vita</strong></span> <span class='ocrx_word' id='word_1_189' title='bbox 1224 2038 1393 2090; x_wconf 79' lang='lat' dir='ltr'><strong>antiqua</strong></span> <span class='ocrx_word' id='word_1_190' title='bbox 1432 2041 1622 2084; x_wconf 57' lang='lat' dir='ltr'><strong>testatum</strong></span> 
     </span>
     <span class='ocr_line' id='line_1_27' title="bbox 270 2107 1623 2174; baseline -0.015 -10"><span class='ocrx_word' id='word_1_191' title='bbox 270 2123 547 2165; x_wconf 78' lang='lat' dir='ltr'><strong>valetudinem</strong></span> <span class='ocrx_word' id='word_1_192' title='bbox 574 2129 744 2174; x_wconf 85' lang='lat' dir='ltr'><strong>poetae,</strong></span> <span class='ocrx_word' id='word_1_193' title='bbox 787 2118 860 2172; x_wconf 83' lang='lat' dir='ltr'><strong>qui</strong></span> <span class='ocrx_word' id='word_1_194' title='bbox 888 2131 975 2157; x_wconf 86' lang='lat' dir='ltr'><strong>non</strong></span> <span class='ocrx_word' id='word_1_195' title='bbox 1003 2117 1179 2157; x_wconf 88' lang='lat' dir='ltr'><strong>multum</strong></span> <span class='ocrx_word' id='word_1_196' title='bbox 1217 2115 1325 2153; x_wconf 87' lang='lat' dir='ltr'><strong>ultra</strong></span> <span class='ocrx_word' id='word_1_197' title='bbox 1355 2107 1623 2164; x_wconf 78' lang='lat' dir='ltr'><strong>quadraginta</strong></span> 
     </span>
     <span class='ocr_line' id='line_1_28' title="bbox 271 2183 1622 2251; baseline -0.016 -10"><span class='ocrx_word' id='word_1_198' title='bbox 271 2214 401 2240; x_wconf 81' lang='lat' dir='ltr'><strong>anuos</strong></span> <span class='ocrx_word' id='word_1_199' title='bbox 439 2200 563 2249; x_wconf 80' lang='lat' dir='ltr'><strong>vixit,</strong></span> <span class='ocrx_word' id='word_1_200' title='bbox 602 2197 801 2251; x_wconf 76' lang='lat' dir='ltr'><strong>imprimis</strong></span> <span class='ocrx_word' id='word_1_201' title='bbox 839 2193 1026 2235; x_wconf 80' lang='lat' dir='ltr'><strong>Nemesis</strong></span> <span class='ocrx_word' id='word_1_202' title='bbox 1067 2204 1182 2232; x_wconf 85' lang='lat' dir='ltr'><strong>amor</strong></span> <span class='ocrx_word' id='word_1_203' title='bbox 1223 2188 1426 2229; x_wconf 76' lang='lat' dir='ltr'><strong>infaustus</strong></span> <span class='ocrx_word' id='word_1_204' title='bbox 1456 2183 1622 2235; x_wconf 74' lang='lat' dir='ltr'><strong>fregisse</strong></span> 
     </span>
     <span class='ocr_line' id='line_1_29' title="bbox 270 2261 1624 2324; baseline -0.012 -8"><span class='ocrx_word' id='word_1_205' title='bbox 270 2276 448 2317; x_wconf 80' lang='lat' dir='ltr'><strong>videtur.</strong></span> <span class='ocrx_word' id='word_1_206' title='bbox 519 2275 694 2315; x_wconf 82' lang='lat' dir='ltr'><strong>Divitias</strong></span> <span class='ocrx_word' id='word_1_207' title='bbox 724 2272 920 2312; x_wconf 82' lang='lat' dir='ltr'><strong>Horatius</strong></span> <span class='ocrx_word' id='word_1_208' title='bbox 950 2270 1089 2324; x_wconf 86' lang='lat' dir='ltr'><strong>paullo</strong></span> <span class='ocrx_word' id='word_1_209' title='bbox 1120 2275 1214 2320; x_wconf 80' lang='lat' dir='ltr'><strong>post</strong></span> <span class='ocrx_word' id='word_1_210' title='bbox 1241 2263 1443 2306; x_wconf 89' lang='lat' dir='ltr'><strong>mundum</strong></span> <span class='ocrx_word' id='word_1_211' title='bbox 1471 2261 1624 2302; x_wconf 81' lang='lat' dir='ltr'><strong>victum</strong></span> 
     </span>
     <span class='ocr_line' id='line_1_30' title="bbox 273 2341 1624 2405; baseline -0.013 -12"><span class='ocrx_word' id='word_1_212' title='bbox 273 2353 389 2400; x_wconf 84' lang='lat' dir='ltr'><strong>dicit,</strong></span> <span class='ocrx_word' id='word_1_213' title='bbox 431 2352 503 2405; x_wconf 78' lang='lat' dir='ltr'><strong>qui</strong></span> <span class='ocrx_word' id='word_1_214' title='bbox 543 2359 602 2390; x_wconf 90' lang='lat' dir='ltr'><strong>est</strong></span> <span class='ocrx_word' id='word_1_215' title='bbox 642 2365 776 2405; x_wconf 75' lang='lat' dir='ltr'><strong>neque</strong></span> <span class='ocrx_word' id='word_1_216' title='bbox 818 2347 1009 2390; x_wconf 84' lang='lat' dir='ltr'><strong>sordidus</strong></span> <span class='ocrx_word' id='word_1_217' title='bbox 1048 2359 1184 2398; x_wconf 82' lang='lat' dir='ltr'><strong>neque</strong></span> <span class='ocrx_word' id='word_1_218' title='bbox 1226 2343 1345 2382; x_wconf 85' lang='lat' dir='ltr'><strong>nimis</strong></span> <span class='ocrx_word' id='word_1_219' title='bbox 1385 2341 1542 2391; x_wconf 84' lang='lat' dir='ltr'><strong>amplus</strong></span> <span class='ocrx_word' id='word_1_220' title='bbox 1584 2345 1624 2375; x_wconf 87' lang='lat' dir='ltr'><strong>et</strong></span> 
     </span>
     <span class='ocr_line' id='line_1_31' title="bbox 274 2414 1622 2481; baseline -0.013 -14"><span class='ocrx_word' id='word_1_221' title='bbox 274 2428 481 2481; x_wconf 85' lang='lat' dir='ltr'><strong>opiparus‚</strong></span> <span class='ocrx_word' id='word_1_222' title='bbox 513 2434 633 2478; x_wconf 80' lang='lat' dir='ltr'><strong>atque</strong></span> <span class='ocrx_word' id='word_1_223' title='bbox 663 2426 718 2465; x_wconf 78' lang='lat' dir='ltr'><strong>ita</strong></span> <span class='ocrx_word' id='word_1_224' title='bbox 747 2427 938 2465; x_wconf 87' lang='lat' dir='ltr'><strong>Tibullus</strong></span> <span class='ocrx_word' id='word_1_225' title='bbox 967 2425 1054 2475; x_wconf 82' lang='lat' dir='ltr'><strong>ipse</strong></span> <span class='ocrx_word' id='word_1_226' title='bbox 1084 2422 1116 2472; x_wconf 84' lang='lat' dir='ltr'><strong>I,</strong></span> <span class='ocrx_word' id='word_1_227' title='bbox 1142 2426 1177 2471; x_wconf 85' lang='lat'><strong>1,</strong></span> <span class='ocrx_word' id='word_1_228' title='bbox 1207 2420 1278 2459; x_wconf 83' lang='lat' dir='ltr'><strong>fin.</strong></span> <span class='ocrx_word' id='word_1_229' title='bbox 1309 2417 1468 2457; x_wconf 85' lang='lat' dir='ltr'><strong>scribit:</strong></span> <span class='ocrx_word' id='word_1_230' title='bbox 1511 2414 1622 2463; x_wconf 75' lang='lat' dir='ltr'><strong>„De-</strong></span> 
     </span>
     <span class='ocr_line' id='line_1_32' title="bbox 274 2493 1622 2557; baseline -0.013 -12"><span class='ocrx_word' id='word_1_231' title='bbox 274 2506 440 2557; x_wconf 84' lang='lat' dir='ltr'><strong>spiciam</strong></span> <span class='ocrx_word' id='word_1_232' title='bbox 460 2502 573 2552; x_wconf 80' lang='lat' dir='ltr'><strong>dites,</strong></span> <span class='ocrx_word' id='word_1_233' title='bbox 604 2501 903 2556; x_wconf 79' lang='lat' dir='ltr'><strong>despiciamque</strong></span> <span class='ocrx_word' id='word_1_234' title='bbox 924 2500 1108 2541; x_wconf 76' lang='lat' dir='ltr'><strong>samem.&#39;’</strong></span> <span class='ocrx_word' id='word_1_235' title='bbox 1166 2496 1355 2538; x_wconf 81' lang='lat' dir='ltr'><strong>Habebat</strong></span> <span class='ocrx_word' id='word_1_236' title='bbox 1372 2493 1481 2531; x_wconf 86' lang='lat' dir='ltr'><strong>enim</strong></span> <span class='ocrx_word' id='word_1_237' title='bbox 1502 2503 1622 2543; x_wconf 80' lang='lat' dir='ltr'><strong>prae-</strong></span> 
     </span>
    </p>
   </div>
   <div class='ocr_carea' id='block_1_3' title="bbox 276 2569 1621 2629">
    <p class='ocr_par' dir='ltr' id='par_1_9' title="bbox 276 2569 1621 2629">
     <span class='ocr_line' id='line_1_33' title="bbox 276 2569 1621 2629; baseline -0.01 -9"><span class='ocrx_word' id='word_1_238' title='bbox 276 2581 386 2622; x_wconf 88' lang='lat' dir='ltr'><strong>dium</strong></span> <span class='ocrx_word' id='word_1_239' title='bbox 410 2580 560 2621; x_wconf 79' lang='lat' dir='ltr'><strong>avitum</strong></span> <span class='ocrx_word' id='word_1_240' title='bbox 590 2579 631 2617; x_wconf 89' lang='lat' dir='ltr'><strong>in</strong></span> <span class='ocrx_word' id='word_1_241' title='bbox 663 2579 827 2629; x_wconf 80' lang='lat' dir='ltr'><strong>regione</strong></span> <span class='ocrx_word' id='word_1_242' title='bbox 860 2577 1046 2628; x_wconf 75' lang='lat' dir='ltr'><strong>Pedana,</strong></span> <span class='ocrx_word' id='word_1_243' title='bbox 1087 2585 1132 2616; x_wconf 81' lang='lat' dir='ltr'><strong>ut</strong></span> <span class='ocrx_word' id='word_1_244' title='bbox 1163 2582 1221 2614; x_wconf 77' lang='lat' dir='ltr'><strong>est</strong></span> <span class='ocrx_word' id='word_1_245' title='bbox 1252 2570 1360 2625; x_wconf 77' lang='lat' dir='ltr'><strong>apud</strong></span> <span class='ocrx_word' id='word_1_246' title='bbox 1396 2569 1621 2616; x_wconf 77' lang='lat' dir='ltr'><strong>Horatium,</strong></span> 
     </span>
    </p>
   </div>
  </div>
 </body>
</html>
