1721 2953
249 129 303 167 44
561 124 930 168 COMMENTAR.
959 125 1017 167 IN
1048 126 1276 168 TIBULLI

247 243 344 288 ripit.
404 241 572 286 imprimis
609 251 714 285 saepe
748 240 792 274 de
828 243 906 276 luna
945 241 1088 284 dicitur,
1125 241 1216 284 quod
1254 242 1389 275 Graece
1425 237 1594 281 κατάγειν,

250 312 447 348 καθέλκειν,
484 307 681 346 κατασπᾶν,
719 310 901 353 καθαιρεῖν
925 307 988 353 τήν
1013 305 1154 353 σελήνην
1188 312 1259 350 est,
1299 308 1422 341 Latine
1446 306 1592 347 trahere,

250 377 448 416 detrahere,
473 374 662 415 devocare,
687 373 865 417 deripere,
899 373 1069 408 deducere
1093 374 1192 407 coelo
1216 377 1275 406 aut
1299 384 1318 406 e
1343 382 1444 406 curru
1467 373 1594 412 lunam,

249 445 291 477 cf.
318 443 476 475 mem.
509 440 552 473 ad
579 439 699 473 Horat.
726 440 747 472 1.
774 440 834 473 eit.
872 441 1070 473 Anisa-omi.
1104 438 1196 471 Nub.
1230 440 1311 471 746.
1348 438 1462 480 ibique
1487 438 1593 470 inter-

247 512 347 552 prett.
375 507 479 540 SUID.
505 516 532 539 s.
555 516 586 537 v.
613 506 665 536 ini
691 505 806 547 σαυτῷ
830 501 892 547 τήν
918 499 1057 547 σελήνην
1082 504 1270 540 καθέλκεις.
1320 503 1405 536 Add.
1429 503 1528 537 Voss.
1550 502 1592 534 ad

247 575 341 615 virg.
377 572 499 615 Eclog.
536 571 628 613 VIII,
653 574 710 604 69.
746 571 811 604 vid.
845 571 973 604 Tibull.
998 571 1025 612 I,
1051 573 1084 612 8,
1111 573 1168 604 21.
1211 571 1398 604 PRor’ssR'r.
1425 568 1451 611 1,
1478 572 1509 610 1,
1534 571 1594 601 21.

246 639 377 672 Huius.
411 639 454 672 ad
489 638 590 675 Ovid.
623 638 766 671 Heroid.
793 638 853 679 VJ,
878 639 937 671 88.
963 656 1008 662 -
1054 637 1292 671 ducentem
1323 637 1397 670 scil.
1433 636 1595 678 carmine,

245 707 304 740 sed
340 705 405 739 hoc
437 706 557 740 melius
583 706 616 738 in
642 709 888 749 pentametrum
920 704 1058 745 reiecit,
1094 708 1131 736 ut
1157 714 1261 747 saepe
1287 713 1430 742 moneo,
1463 712 1506 734 ne
1532 701 1592 735 de—

246 776 377 806 crescat
402 773 500 815 vigor
524 771 698 812 orationis,
734 771 767 803 in
796 769 966 811 secundis,
991 770 1102 802 tertiis
1127 768 1286 802 membris
1311 767 1388 800 addi
1414 767 1506 810 quod
1530 777 1592 800 uo-

244 851 320 873 vam
352 841 419 873 vim
452 839 586 872 afferat.
634 838 735 871 Nunc
768 838 812 871 cf.
839 838 947 870 Ovm.
974 838 1108 869 Amorr.
1134 836 1160 877 Ι,
1196 839 1230 877 8,
1268 838 1323 869 18.
1352 851 1396 859 --
1435 834 1596 868 ducen-

244 911 330 940 tem
356 905 459 939 vidi.
508 904 636 941 Quidni
672 904 760 937 enim
798 903 919 936 viderit
956 901 1102 936 caducas
1136 902 1270 942 stellas,
1305 897 1472 944 ἀστέρας,
1509 909 1594 942 quas

244 982 327 1015 saga
352 971 523 1005 deducere
546 982 584 1004 se
609 971 774 1004 dicebat?
823 971 946 1004 Cetera
973 979 1078 1011 vero,
1103 979 1191 1012 quae
1216 972 1423 1010 sequuntur,
1447 977 1513 1000 non
1539 967 1591 999 vi-

243 1040 304 1082 dit,
330 1039 390 1073 sed
415 1039 524 1073 credit
548 1040 698 1072 narranti
720 1049 896 1081 sagae.—
922 1038 964 1071 V.
992 1039 1048 1071 46.
1074 1037 1301 1070 Fluminis
1327 1035 1469 1068 vertit
1493 1035 1595 1075 iter,

245 1105 275 1139 h.
311 1116 343 1139 e.
378 1105 459 1138 facit
491 1108 530 1138 ut
566 1115 684 1138 versus
718 1108 821 1148 caput
855 1107 1048 1136 revertatur
1083 1103 1217 1135 flumen.
1279 1101 1470 1134 Probalnus
1503 1101 1592 1134 enim

242 1174 424 1207 lectionem
439 1171 625 1217 fluminis,
650 1177 688 1204 ut
711 1182 815 1215 saepe
841 1171 978 1203 flumina
1000 1171 1034 1203 in
1059 1169 1121 1203 hac
1145 1179 1183 1203 re
1208 1173 1449 1202 memorantur.
1484 1168 1591 1202 Ovm.

245 1241 376 1273 Amorr.
399 1238 427 1280 I,
451 1240 486 1280 8,
511 1240 552 1271 6:
594 1236 668 1269 Illa
693 1248 819 1282 magas
844 1242 942 1269 artes
966 1236 1158 1282 Aeaeaque
1184 1234 1341 1267 carmina
1367 1235 1465 1267 novit
1489 1235 1595 1280 inque

244 1311 352 1349 caput
378 1303 525 1349 rapidas
549 1309 628 1336 arte
653 1308 821 1335 recurvat
847 1313 974 1348 aquas.
1000 1301 1089 1335 Add.
1114 1301 1258 1334 Luem.
1279 1300 1339 1342 Vl,
1366 1303 1447 1333 473.
1473 1301 1594 1334 CLAU-

244 1381 347 1404 ΜΛΝ.
372 1371 405 1403 in
431 1369 591 1411 Rufin.1,
611 1372 690 1403 159.
714 1371 881 1403 PETRON.
907 1369 1011 1402 Satir.
1037 1379 1067 1401 c.
1090 1369 1168 1401 134.
1220 1367 1270 1400 Ad
1297 1368 1486 1400 orationem
1510 1378 1592 1401 vero

244 1439 331 1471 bene
365 1437 539 1471 confertur
577 1437 684 1470 Ovm.
713 1435 804 1480 Epp.
830 1446 873 1469 ex
900 1436 1011 1469 Ponto
1046 1435 1107 1476 lv,
1131 1438 1165 1476 6,
1190 1436 1255 1467 45:
1299 1436 1393 1466 Ister
1417 1433 1455 1466 in
1480 1441 1591 1478 caput

242 1504 384 1536 Euxino
418 1503 459 1535 de
493 1514 587 1536 mare
623 1507 736 1535 vertet
771 1501 850 1534 iter.
910 1501 1065 1542 Denique
1099 1499 1212 1532 sidera
1249 1504 1283 1532 et
1319 1499 1454 1532 flumina
1489 1500 1591 1532 etiam

241 1572 475 1604 Pnupanrms
500 1570 528 1612 Ι,
555 1572 586 1611 1,
611 1572 668 1602 23.
696 1570 730 1602 in
756 1569 874 1602 eadem
902 1578 939 1601 re
965 1568 1161 1610 coniungit:
1189 1572 1275 1598 tunc
1299 1578 1363 1611 ego
1388 1566 1592 1599 crediderim

240 1637 336 1670 vohis
359 1643 394 1669 et
425 1636 542 1669 sidera
568 1642 603 1668 et
629 1647 747 1668 amnes
769 1647 871 1679 posse
899 1634 1087 1680 Cytaeaeis
1112 1634 1235 1665 ducere
1265 1632 1491 1667 carminibus.
1540 1633 1591 1667 lbi

240 1702 364 1734 ducere
397 1702 604 1744 generaliter
639 1706 691 1735 est
726 1701 853 1733 dictum
887 1711 938 1744 pr.
965 1699 1008 1732 ad
1046 1699 1223 1732 arbitrium
1248 1709 1345 1731 suurn
1371 1698 1499 1732 ducere
1523 1709 1591 1742 quo

240 1774 316 1815 quis
337 1772 428 1814 velit,
455 1782 495 1804 ac
515 1770 627 1804 sidera
648 1770 691 1803 de
714 1771 812 1804 coelo
834 1770 1050 1803 deducuntur
1069 1774 1128 1803 aut
1148 1773 1238 1802 retro
1259 1773 1437 1802 vertuntur
1463 1769 1592 1811 (Vina.

241 1841 323 1872 Aen.
349 1839 408 1880 lv,
439 1837 547 1881 489),
583 1838 719 1871 flumina
744 1837 786 1871 ad
812 1842 915 1882 caput
940 1841 1164 1879 revocantur,
1189 1840 1226 1870 ut
1252 1836 1409 1869 vidimus.
1460 1837 1590 1872 Quam-

239 1915 338 1946 quam
364 1903 455 1946 quod
482 1904 593 1936 obiter
617 1913 757 1944 mone0‚
792 1903 868 1936 aliis
893 1903 977 1936 locis
1014 1903 1115 1936 etiam
1141 1901 1324 1934 sistuntur
1347 1902 1481 1944 magica
1506 1906 1591 1943 arte,

238 1975 275 2002 ut
305 1972 438 2003 Aponi„
462 1970 586 2003 Rflon.
613 1968 673 2009 111,
698 1970 781 2002 552.
816 1968 859 2001 de
884 1967 1027 2001 Medea:
1053 1970 1111 1999 καὶ
1135 1963 1311 2005 ποταμοῦς
1341 1964 1471 2010 ἵστησιν
1497 1963 1589 2011 ἄφαρ

239 2032 414 2068 zei-(cornui
446 2035 603 2079 ῥέοντας,
648 2031 761 2078 ἄστρα
792 2046 828 2065 τε
866 2036 922 2065 καὶ
950 2030 1058 2078 μήνης
1092 2030 1200 2076 ἶεροιῗς
1234 2033 1373 2076 ἐπέδησε
1408 2031 1590 2069 ulmo-od,-

241 2102 317 2143 (ubi
344 2101 456 2134 obiter
482 2101 584 2134 etiam
618 2100 756 2132 flumina
790 2104 826 2133 et
858 2099 971 2132 sidera
996 2101 1177 2133 coniuncta
1202 2099 1386 2142 observa),
1422 2104 1457 2132 et
1481 2100 1590 2134 Ovm.

240 2168 324 2200 Met.
351 2167 425 2208 Vll,
455 2168 534 2200 154.
561 2171 596 2199 et
619 2165 763 2199 Heroid.
782 2165 840 2207 VI,
858 2169 924 2199 87:
951 2164 1017 2197 illa
1042 2165 1205 2210 refrenat
1231 2177 1347 2211 aquas
1373 2163 1590 2211 obliquaque

231 2232 390 2277 flumina
423 2231 544 2268 sistit,
584 2231 642 2264 ubi
677 2242 720 2264 ne
736 2230 902 2276 fulmina
927 2241 1073 2275 reponas
1102 2242 1146 2265 ex
1173 2232 1303 2274 aliquot
1327 2231 1442 2273 libris,
1479 2236 1531 2265 est
1554 2232 1588 2264 in

239 2303 313 2331 toto
347 2296 491 2331 disticho
523 2298 655 2330 nonnisi
690 2297 734 2331 de
767 2297 985 2330 terrestribus
1019 2297 1122 2330 rebus
1155 2307 1281 2330 sermo·
1340 2300 1454 2340 Atque
1485 2297 1586 2329 etiam

242 2364 304 2397 hoc
332 2365 406 2397 loco
433 2364 465 2396 in
491 2374 558 2396 uno
585 2367 637 2396 est
663 2362 782 2399 sistit,
809 2363 901 2406 quod
925 2367 1038 2396 tamen
1062 2363 1188 2396 frustra
1213 2363 1444 2407 reponendum
1469 2363 1587 2396 credas

241 2435 381 2474 propter
418 2430 622 2463 adiectivum
661 2430 820 2474 rapidi·
881 2430 1048 2464 Convenit
1075 2430 1162 2463 enim
1190 2430 1291 2463 etiam
1316 2429 1454 2462 verbnm
1482 2429 1588 2461 vertit

239 2498 378 2542 rapido,
420 2496 537 2540 rapide
563 2498 775 2540 procui-renti
811 2497 935 2538 fluvio,
975 2496 1032 2539 qui
1059 2506 1125 2529 non
1151 2494 1305 2527 videatur
1331 2494 1446 2527 reduci
1473 2500 1505 2528 et
1533 2505 1586 2527 re-

239 2563 324 2596 trahi
346 2573 456 2607 posse,
483 2574 522 2596 ac
548 2563 634 2596 dixit
659 2563 746 2596 idem
770 2564 925 2595 Ovmws
953 2564 1087 2596 Amorr.
1114 2561 1139 2599 l,
1163 2562 1198 2601 8,
1226 2563 1259 2593 7.
1287 2561 1361 2593 loco
1389 2560 1488 2594 modo
1513 2562 1584 2594 lau·

239 2632 331 2665 dato.
383 2632 470 2666 Nam
497 2630 578 2664 illud
607 2631 741 2673 quidem
769 2641 810 2664 nc
836 2630 963 2668 dubita,
990 2628 1193 2663 adiectivum
1227 2628 1291 2661 vim
1318 2626 1440 2662 habere
1466 2629 1497 2661 in
1524 2626 1584 2660 iia(-
