1721 2953
595 146 836 186 TIBULLI.
1222 162 1383 187 Lxxxin

35 266 96 306 bis
128 264 296 306 eandem
325 264 500 303 formam
531 269 574 300 ut
607 259 733 301 vides.
801 259 883 299 Sed
914 260 1037 300 etiam
1065 260 1207 300 tertius
1238 261 1379 301 similis

34 344 148 383 locus
178 348 308 381 exstat
345 340 388 378 in
422 340 501 379 hoc
532 339 710 378 carmine
745 352 785 379 v.
804 342 856 377 83
875 360 930 367 —
961 336 1010 377 ad
1034 338 1178 387 finem,
1207 338 1279 377 ubi
1309 337 1380 385 ad-

35 427 202 460 ventum
232 432 253 457 e
279 417 462 470 Corcyra
486 425 695 469 speratum
722 415 926 456 describit.
981 417 1039 456 Ac
1064 417 1244 469 primum
1272 416 1378 467 dicit,

34 497 79 534 in
109 508 191 548 quo
222 502 328 533 statu
351 494 537 533 invenire
564 493 702 546 cupiat
723 496 928 546 puellam:
961 493 1098 534 sedeat
1124 495 1245 534 Delia
1273 502 1379 533 casta

35 585 203 623 vespere
243 585 334 610 cum
364 578 493 609 matre
529 570 638 609 inter
676 569 856 610 ancillas.
913 570 1020 609 Tum
1051 578 1294 622 praeparata
1325 569 1381 608 sic

36 648 231 688 suavitate
271 646 492 696 adventus,
536 646 723 701 sequitur
758 647 824 687 hic
863 647 950 700 ipse
989 655 1028 686 et
1061 645 1280 685 laetissima
1316 659 1381 684 re-

36 723 189 775 ceptio,
236 723 349 776 quod
388 723 593 774 fastigium
634 723 928 776 descriptionis.
1002 723 1049 761 In
1094 735 1177 774 quo
1218 720 1380 760 attende

37 799 158 836 etiam
189 799 387 838 orationis
418 799 657 839 alacriorem
685 799 883 838 formam:
920 805 1008 836 tum
1035 797 1199 838 veniam
1231 798 1381 846 subito,

36 882 133 914 tunc
172 875 273 914 mihi
312 875 476 916 obviam
519 890 651 915 curre.
728 875 801 916 Est
841 889 987 926 magna
1029 871 1294 927 pulchritudo
1337 874 1381 913 in

37 966 162 1003 parva
196 951 484 1004 descriptione.
541 953 678 1006 Atque
708 953 808 992 haec
840 951 889 992 de
920 953 998 992 his.
1055 950 1206 991 Vidisti
1233 951 1278 990 in
1309 965 1382 989 an-

37 1027 315 1067 tecedentibus
356 1037 643 1081 praeparatam
684 1030 852 1068 alteram
892 1036 1053 1081 partem
1098 1025 1383 1079 descriptionis

37 1104 189 1154 priore.
248 1104 403 1143 Contra
423 1104 467 1143 in
484 1103 670 1158 sequenti
693 1106 882 1156 exemplo
906 1105 957 1153 II,
974 1104 1183 1153 4,27-38.
1204 1101 1383 1143 secunda

40 1193 133 1230 pars
161 1178 241 1218 loci
268 1188 440 1232 propter
464 1179 645 1232 priorem
674 1178 800 1218 adest.
858 1179 1047 1219 Habetur
1071 1180 1130 1219 ibi
1155 1179 1382 1219 exsecratio

39 1255 254 1306 luxuriae,
307 1265 346 1295 et
386 1255 552 1296 damnat
593 1255 761 1296 affectus
801 1256 936 1295 statim
972 1255 1112 1305 initio,
1164 1264 1212 1294 ut
1250 1254 1381 1305 debet,

38 1332 128 1383 ipsa
169 1340 410 1370 ornamenta
449 1332 617 1371 vestitus
659 1344 925 1380 enumerans,
982 1338 1072 1369 tum
1107 1331 1234 1370 malas
1278 1339 1384 1370 artes

37 1408 272 1460 puellarum
304 1415 342 1445 et
378 1420 594 1445 aerumnas
630 1406 803 1444 amantis
841 1405 1124 1458 persequitur,
1168 1406 1385 1446 absolvens

39 1484 340 1537 querimoniam
385 1482 483 1522 dum
523 1483 724 1522 rationem
767 1481 903 1522 reddit
942 1482 1041 1521 irae.
1122 1482 1256 1522 Etiam
1294 1484 1385 1523 talis

37 1560 144 1598 ratio
186 1561 310 1599 bona.
388 1557 471 1598 Sed
509 1559 611 1598 haec
653 1558 774 1597 allata
813 1559 1003 1610 exempla
1042 1566 1088 1597 ut
1126 1558 1287 1609 suavia,
1329 1559 1386 1598 ita

0 1645 1 1675 t
39 1637 238 1689 simplicia
279 1636 438 1686 omnia3
491 1637 630 1688 paullo
671 1634 922 1673 luculentior
967 1643 1025 1673 est
1066 1636 1103 1685 I,
1136 1641 1183 1685 2,
1215 1636 1385 1676 16-42.

38 1713 163 1751 trium
184 1711 505 1764 descriptionum
525 1711 760 1751 coniunctIO
783 1712 845 1750 his
870 1711 1078 1750 interioris
1099 1713 1385 1752 cohaerentiae

27 1788 215 1828 ,vinculis
258 1801 391 1836 nexa,
451 1801 555 1839 quae
598 1788 815 1837 pulchram
860 1785 1049 1836 peritiam
1094 1787 1189 1825 artis
1235 1787 1387 1839 prodit.

41 1865 187 1916 Agitur
215 1864 274 1903 ibi
303 1863 352 1902 de
381 1865 508 1901 tutela
537 1863 733 1911 Veneris,
773 1861 817 1900 in
848 1876 930 1913 qua
960 1861 1041 1900 sint
1071 1870 1273 1912 amantes,
1317 1863 1387 1902 tri-

40 1941 202 1993 pliciter
236 1940 315 1979 sic:
355 1939 521 1987 Venus,
562 1937 636 1987 ait,
680 1944 785 1975 artes
822 1935 995 1975 furtivas
1032 1934 1172 1987 docet,
1212 1940 1390 1989 protegit

43 2025 207 2056 euntem
234 2000 362 2063 ‚noctu
389 2015 434 2053 in
464 2013 549 2062 via,
587 2021 626 2051 et
653 2009 886 2063 proditores
916 2012 1109 2064 loquaces
1136 2013 1271 2064 punit.
1328 2015 1389 2053 Ita

42 2107 141 2133 vero
174 2092 300 2131 iuncti
337 2099 433 2131 sunt
462 2091 507 2129 hi
537 2090 637 2138 loci,
678 2087 1027 2142 quemadmodum
1060 2088 1388 2129 Commentarius

45 2169 180 2218 docet,
209 2177 256 2208 ut
277 2167 434 2207 medius
459 2175 497 2206 et
518 2167 698 2218 primum
723 2165 936 2205 confirmet
958 2165 1172 2216 proposito
1197 2167 1386 2218 exemplo

43 2244 170 2296 ipsius
201 2251 368 2295 poetae,
407 2251 445 2282 et
478 2242 589 2281 tertii
618 2241 873 2281 hortationes
904 2240 945 2280 vi
976 2254 1049 2279 sua
1080 2240 1265 2291 adiuvet,
1307 2256 1388 2294 qua

46 2319 341 2371 compositione
384 2318 487 2356 nihil
530 2317 684 2357 firmius
727 2325 766 2355 et
807 2316 1036 2355 nervosius.
1117 2316 1209 2354 Alia
1253 2325 1389 2356 tamen

48 2395 234 2446 exempla
265 2408 349 2433 non
380 2392 542 2432 adsunt.

132 2471 356 2524 Postquam
387 2469 619 2520 singulatim
649 2466 851 2519 persecuti
883 2480 1022 2506 sumus
1052 2467 1203 2506 formas
1236 2479 1390 2516 omnes,

50 2547 197 2598 quibus
227 2561 324 2586 usus
355 2548 545 2586 Tibullus
573 2547 617 2585 in
647 2544 989 2597 descriptionibus
1020 2542 1287 2593 adornandis,
1325 2558 1391 2582 re-

50 2628 127 2658 stat
161 2629 203 2659 ut
234 2623 433 2661 nonnulla
467 2622 690 2671 generatiin
730 2619 939 2660 addamus.
1018 2618 1122 2658 Sunt
1153 2627 1389 2671 argumenta

925 2694 994 2732 f2
