1721 2953
289 149 432 175 Lxxxu
826 135 901 174 DE
935 133 1094 177 POESI

289 251 420 303 ipsam
459 248 525 287 dci
565 248 709 287 laetam
748 245 929 287 indolem
969 250 1176 290 illustrans
1218 249 1421 302 fastigium
1462 249 1636 303 imponit·

290 326 379 366 toti.
435 325 628 364 Diximus
660 321 709 361 de
739 322 990 374 gradationis
1020 326 1176 365 formis.

375 402 560 455 Quartum
595 413 721 451 genus
752 401 1058 452 compositionis
1089 401 1212 440 orbem
1236 415 1305 454 per
1337 404 1635 454 interposz'lzbnem

290 480 441 529 dicam,
480 479 554 517 ubi
579 477 672 516 finis
703 476 753 517 ad
777 479 1028 531 principium
1053 477 1182 529 redit,
1213 476 1339 531 idque
1369 479 1635 517 continuatur

288 563 326 593 et
356 554 585 593 absolvitur
613 553 809 603 graviter,
849 554 894 593 in
929 547 1246 606 medio‘positis
1287 554 1374 592 aliis
1410 562 1448 592 et
1482 552 1580 605 ipsis
1611 566 1634 591 a

289 629 459 669 consilio
497 628 578 668 loci
616 629 783 667 minime
822 629 979 668 alienis.
1050 628 1117 668 Sic
1156 629 1367 682 praeclara
1407 627 1634 668 exsecratio

286 709 402 746 lenae
426 706 457 755 Ι,
480 708 518 754 5,
540 706 704 744 49-56.
737 703 937 744 adornata
964 712 1044 755 est,
1077 706 1151 744 ubi
1179 714 1303 757 poeta
1331 718 1448 745 orsus
1479 706 1529 744 ab
1557 704 1633 743 im-

286 783 524 835 precatione
548 782 677 830 samis,
708 780 854 822 deinde
875 781 1018 834 positis
1044 782 1132 820 aliis
1154 782 1395 832 terroribus,
1423 790 1632 834 postremo

287 873 395 899 nova
426 872 519 898 cum
546 859 589 899 vi
622 856 671 896 ad
703 858 821 897 samis
855 858 1191 911 imprecationem
1219 857 1327 898 redit
1357 872 1529 911 eamque
1562 859 1633 896 ab·

284 937 422 977 solvit.
479 931 727 988 Interpretes
757 937 876 976 latuit
904 949 992 988 res,
1024 944 1082 976 est
1106 949 1206 976 vero
1231 936 1365 987 gravis
1392 944 1432 975 et
1459 948 1633 975 nervosa

284 1015 432 1052 fornia.
489 1011 685 1051 Similiter
718 1013 968 1064 compositus
996 1013 1110 1051 locus
1133 1012 1165 1060 Ι,
1190 1015 1225 1060 1,
1246 1014 1408 1050 61—68.
1439 1009 1489 1048 de
1518 1011 1633 1049 luctu

284 1089 324 1128 in
357 1090 503 1128 funere
534 1089 691 1128 Tibulli
730 1090 897 1128 futuro:
940 1102 1055 1128 orsus
1087 1103 1109 1127 a
1138 1088 1283 1126 Deliae
1317 1088 1413 1126 fletu
1444 1086 1552 1125 redit
1581 1085 1633 1126 ad

283 1168 495 1218 planctum
529 1166 713 1217 puellae,
751 1165 796 1203 in
825 1162 962 1204 medio
993 1164 1166 1205 disticho
1198 1164 1370 1203 aliarum
1399 1165 1632 1216 puellarum

283 1249 323 1280 et
352 1243 551 1281 iuvenum
579 1240 756 1279 lacrimis
786 1228 1035 1279 memoratis.

369 1317 502 1370 Quinto
531 1314 711 1368 denique
740 1316 831 1354 loco
861 1313 964 1353 illud
996 1313 1302 1365 compositionis
1331 1326 1460 1364 genus
1492 1311 1631 1363 laudo,

283 1391 356 1430 ubi
390 1405 483 1444 pars
519 1393 625 1443 parti
663 1390 826 1428 subiecta
864 1397 917 1429 est
955 1391 1078 1443 aliquo
1111 1390 1220 1428 modo
1257 1402 1333 1429 nec
1370 1386 1630 1428 solummodo

281 1477 456 1521 propter
491 1482 533 1507 se
572 1467 703 1519 ipsam
739 1465 874 1515 adest,
915 1464 986 1504 sed
1017 1464 1134 1504 alteri
1163 1463 1494 1517 praeparandae,
1534 1464 1630 1503 illu-

281 1543 492 1592 strandae,
520 1540 766 1591 firmandae,
795 1539 1036 1594 probandae
1061 1540 1232 1581 inservit
1259 1536 1433 1596 (Fet-men
1459 1541 1528 1580 der
1549 1542 1630 1580 Ab·

281 1620 506 1670 lzc‘c'ngiglteit,
547 1621 792 1668 Illolz'oirung,
833 1619 1093 1667 I'orbereitzmg
1121 1621 1215 1656 eines
1246 1618 1382 1656 Uzeiles
1409 1619 1530 1656 durch
1559 1619 1630 1657 den

282 1693 464 1747 andern).
535 1694 741 1746 Exquisiti
779 1693 875 1732 hinc
916 1694 1108 1732 oriuntur
1147 1690 1282 1741 modi,
1338 1694 1488 1745 quibus
1529 1693 1628 1732 alias

281 1769 541 1810 describendi
582 1784 646 1809 ars
690 1770 845 1820 egregie
884 1769 1040 1819 utitur3
1097 1767 1207 1820 apud
1246 1769 1459 1808 Tibullum
1498 1783 1629 1809 unum

282 1856 414 1887 exstat
442 1847 572 1886 maius
601 1847 724 1886 huius
749 1844 1056 1897 compositionis
1083 1845 1339 1896 exemplum,
1373 1853 1508 1885 cetera
1531 1846 1628 1885 sim-

280 1923 403 1975 plicIa
432 1929 527 1960 sunt
557 1929 596 1960 et
624 1934 767 1971 pauca.
827 1918 945 1957 Talia
973 1919 1100 1957 habes
1129 1919 1173 1958 in
1205 1920 1382 1959 carmine
1413 1921 1444 1969 Ι,
1471 1924 1510 1959 3.
1564 1920 1629 1960 lbi

278 2001 428 2051 legitur
463 1997 591 2050 Elysii
631 2005 669 2036 et
701 1995 864 2035 Tartari
903 1994 1142 2047 descriptio,
1187 2003 1362 2048 utraque
1403 1998 1629 2049 composita

280 2079 361 2126 sic,
417 2084 462 2115 ut
502 2076 616 2127 prior
657 2086 752 2125 pars
797 2080 968 2125 propter
1011 2072 1283 2124 posteriorem
1324 2073 1439 2114 adsit.
1519 2074 1627 2115 Nam

280 2152 410 2206 Elysii
444 2151 624 2203 primum
664 2148 912 2188 describitur
950 2161 1123 2188 amoena
1158 2149 1335 2189 suavitas
1368 2151 1490 2202 plane
1522 2151 1627 2191 sacta

280 2229 329 2269 ad
359 2229 568 2267 molliores
599 2227 768 2266 affectus
799 2225 989 2276 alendos,
1027 2233 1072 2264 ut
1099 2223 1244 2264 deinde
1273 2225 1459 2277 ipsorum
1486 2239 1626 2265 aman-

280 2305 380 2343 tium
411 2303 521 2341 bcati
552 2304 666 2341 lusus
696 2302 737 2340 in
768 2302 846 2340 hoc
878 2303 965 2340 solo
996 2300 1165 2339 exerciti
1191 2315 1315 2353 quani
1342 2300 1626 2341 iucundissimi

280 2378 508 2419 videantur.
576 2377 771 2416 Similiter
810 2377 850 2414 in
886 2377 1048 2415 Tartari
1081 2375 1354 2430 descr1ptione
1392 2377 1503 2430 quod
1539 2379 1625 2431 pri-

280 2468 392 2493 mum
433 2452 614 2492 omnino
645 2452 803 2491 tristitia
842 2452 922 2491 loci
961 2450 1217 2504 depingitur,
1265 2453 1624 2505 factttn1.propter

280 2528 565 2567 damnatorum
601 2528 962 2567 celeberrimorum
997 2542 1150 2581 poenas
1189 2527 1335 2568 deinde
1367 2538 1622 2580 memoratas,

280 2618 379 2658 quas
411 2604 527 2642 etiam
557 2603 753 2643 rivalibus
782 2604 989 2656 obtingere
1017 2607 1117 2646 vult.
1175 2606 1268 2657 Ipsa
1293 2619 1357 2645 res
1381 2606 1447 2645 hic
1475 2607 1623 2646 obtulit
