1721 2953
477 153 620 193 [ABR.
654 152 725 190 ΙΙΙ.
783 150 941 191 ELEG.
976 152 1027 191 II.
1340 155 1419 189 329

81 270 167 303 illic.
215 271 363 304 Sensus:
406 269 475 302 illic
508 268 540 300 in
576 266 734 309 sepulcro
759 262 855 308 (auf
878 263 949 296 dem
977 261 1108 307 Grabe)
1135 262 1337 304 fundantur,
1370 262 1422 295 ef-

82 336 264 369 fundantur
285 334 407 368 odores
432 333 589 377 pretiosi,
624 331 853 372 lacrimaeque
877 331 983 363 nostri
1008 341 1176 364 memores
1201 329 1344 370 eodem,
1370 329 1423 361 le—

86 403 173 434 niter
203 402 235 434 in
261 402 327 433 fine
350 402 479 432 mutata
505 398 660 430 oratione
694 406 757 440 per
788 396 878 428 aliud
915 407 1108 439 pronomen.
1158 396 1286 429 Statuit
1309 398 1423 427 autem

87 467 236 500 Vossms
270 469 448 508 postquam
483 466 619 495 rentum
654 465 746 494 esset
778 460 820 493 ad
854 462 1045 503 sepulcrum
1091 472 1167 494 cum
1208 471 1310 501 urna,
1355 459 1425 492 illic

86 532 256 563 vasculum
291 530 471 572 unguentis
505 528 681 571 impletum
716 527 814 558 simul
853 526 1025 559 conditum
1060 527 1092 558 in
1129 537 1169 559 ea
1203 529 1238 558 et
1273 524 1423 557 additum

85 598 218 630 ossibus
243 607 339 639 esse,
365 600 399 629 et
427 596 581 628 lacrimas
608 596 639 627 in
665 595 812 627 cinerem
838 593 950 633 fusas,
977 597 1047 625 tum
1074 594 1222 638 clausam
1248 601 1364 623 urnam
1391 593 1426 622 et

86 663 280 706 repositam.
338 663 384 695 At
417 662 505 694 euim
540 661 623 693 mire
658 665 760 703 poeta
788 659 831 692 de
864 660 1001 707 vasculo
1028 659 1250 700 unguentario
1276 658 1308 690 in
1341 667 1426 689 urna

88 729 224 762 condito
249 729 394 762 dixerit:
433 728 554 761 odores
587 726 771 760 fundantur
795 726 829 758 in
854 735 994 765 urnam,
1032 729 1065 758 et
1090 735 1166 757 cum
1192 725 1281 756 sicca
1306 722 1427 766 reponi

87 796 170 828 velit
203 805 279 828 ossa
322 796 355 827 in
398 795 575 838 sepulcro,
620 803 687 826 non
722 795 775 825 est
810 791 988 834 probabile
1024 791 1179 823 lacrimas
1213 790 1245 821 in
1278 789 1428 821 cinerem

87 862 190 895 fusas.
241 863 356 897 Quare
389 872 454 904 ego
488 861 678 893 Husemao
713 860 880 892 assentior
905 858 947 890 de
974 858 1122 901 sepulcri
1148 857 1260 901 potius
1286 856 1429 899 adsper—

89 929 184 961 sione
217 928 272 970 agi
306 927 523 960 contendenti
557 930 592 960 et
625 925 780 958 lacrimas
814 925 917 957 etiam
952 924 984 956 in
1018 923 1209 966 sepulcrum
1237 922 1326 954 fusas
1352 925 1430 954 ante

92 995 279 1028 discessum
304 999 387 1038 puto
412 994 555 1035 intelligi
583 992 709 1025 debere
733 995 771 1024 ut
795 990 823 1032 I,
848 993 881 1031 3,
907 993 941 1022 8.
998 989 1207 1022 Describitur
1233 987 1350 1020 eadem
1376 997 1431 1019 res

90 1061 124 1093 in
160 1065 304 1103 utroque
338 1061 425 1093 loco.
475 1062 586 1102 Atque
613 1058 695 1092 haec
729 1058 865 1100 quidem
891 1057 934 1089 de
960 1055 1021 1089 his.
1073 1055 1255 1088 Videamus
1289 1054 1431 1095 reliqua.

92 1126 276 1158 mittere
302 1129 353 1158 est
381 1129 461 1158 nota
485 1135 551 1157 vox
577 1124 619 1157 de
645 1123 834 1166 peregrinis
861 1121 1030 1154 mercibus
1057 1125 1090 1153 et
1117 1120 1231 1152 laudat
1259 1120 1432 1152 Hermus

93 1191 275 1224 Burmann.
308 1190 350 1223 ad
386 1191 484 1224 Ovid.
521 1193 594 1224 Art.
620 1192 693 1222 Am.
720 1190 782 1229 ΙΙΙ,
809 1191 889 1221 213.
916 1207 959 1212 -
997 1187 1241 1228 Panchaia,
1279 1186 1434 1219 fabulosa

95 1257 202 1288 insula
227 1256 420 1298 Euuussru,
454 1258 549 1290 cuius
582 1257 728 1290 carmina
762 1256 981 1289 transtulerat
1016 1254 1180 1296 ENNms,
1219 1254 1363 1287 Arabiae
1392 1254 1434 1285 ab

95 1324 237 1355 Oriente
257 1325 402 1363 obiecta,
426 1324 509 1354 turis
531 1326 564 1355 et
582 1321 737 1363 myrrhae
759 1322 853 1354 ferax
875 1321 1087 1362 aliorumque
1108 1324 1296 1352 aromatum
1320 1319 1437 1352 odori-

94 1387 264 1429 ferorum,
290 1388 331 1420 cf.
359 1389 511 1420 Gmmc..
537 1388 578 1420 ad
606 1388 705 1420 Ovid.
733 1388 818 1420 Met.
844 1387 888 1427 X,
915 1390 984 1418 307
1009 1396 1081 1427 sqq.
1110 1389 1144 1417 et
1164 1386 1368 1428 interpretes
1395 1385 1438 1417 ad

95 1453 206 1486 Vmc.
234 1454 362 1495 Georg.
388 1453 432 1495 Il,
458 1455 538 1486 139.
588 1452 652 1484 Est
677 1451 822 1492 dives,
858 1454 1000 1494 propter
1033 1449 1208 1493 copiosum
1236 1452 1438 1492 proventum

95 1518 214 1551 talium
240 1529 362 1551 rerum.
389 1536 431 1542 —
457 1517 540 1550 Eoi
565 1516 754 1556 Arabes,
780 1515 812 1549 h.
839 1525 867 1548 e.
894 1514 1037 1548 odorati.
1088 1514 1174 1547 Cum
1200 1514 1288 1547 enim
1316 1514 1439 1545 Oriens

98 1585 239 1619 odorum
275 1587 480 1629 optimorum
514 1585 558 1617 sit
590 1584 703 1624 dives,
740 1584 775 1615 iu
810 1583 867 1615 tali
902 1592 994 1615 nexu
1023 1583 1153 1615 clarum
1189 1586 1242 1614 est
1267 1582 1348 1623 quid
1377 1581 1442 1614 sibi

100 1652 181 1684 velit
207 1650 380 1694 epitheton
406 1651 523 1684 ans,
555 1649 692 1681 minime
718 1647 800 1680 illud
827 1648 985 1681 otiosum.
1009 1665 1054 1671 —
1092 1648 1275 1690 pinguis
1311 1648 1443 1689 Assy-

99 1718 185 1759 ria,
222 1716 251 1749 h.
276 1727 304 1749 e.
332 1716 453 1758 Syria,
487 1715 575 1748 unde
600 1724 787 1754 amomum,
813 1713 999 1745 balsamum
1026 1716 1061 1745 et
1086 1714 1177 1745 mille
1199 1713 1264 1745 alia
1287 1723 1442 1754 unguen—

102 1788 214 1817 torum
239 1795 365 1827 genera
390 1784 622 1824 mittebantur,
657 1783 778 1825 partim
806 1781 840 1813 in
865 1791 905 1813 ea
931 1784 1021 1821 nata,
1049 1781 1170 1823 partim
1197 1781 1229 1813 in
1257 1786 1443 1814 mercatum

103 1851 269 1893 adducta,
295 1855 332 1883 ut
361 1851 503 1883 Hermi
532 1849 644 1882 verbis
672 1851 768 1888 utar,
801 1847 857 1889 qui
883 1847 932 1879 sic
959 1845 1112 1878 defendit
1136 1845 1339 1879 adiectimm
1362 1846 1444 1890 pin-

101 1915 195 1961 guis.
253 1916 535 1948 Bnoucxuusms
561 1913 722 1946 audacter
746 1912 961 1945 commutatis
994 1910 1152 1954 epithetis
1173 1911 1320 1956 pinguis
1345 1913 1446 1942 Pan-

104 1982 210 2014 clzoia
236 1986 271 2015 et
296 1981 390 2014 clives
417 1982 573 2025 Assyria
598 1980 770 2024 reposuit,
803 1983 904 2021 atque
931 1979 978 2011 ita
1005 1978 1124 2010 saltem
1152 1977 1267 2010 dicere
1298 1977 1444 2010 debebat

104 2047 326 2090 Lygdamus,
362 2048 389 2080 si
424 2057 488 2079 non
523 2046 619 2079 dixit.
669 2045 831 2078 Ceterum
856 2044 899 2078 cf.
925 2043 968 2076 ad
993 2043 1019 2084 1,
1043 2046 1077 2084 3,
1104 2047 1137 2077 7.
1188 2044 1266 2078 Quo
1293 2043 1368 2075 loco
1395 2043 1448 2075 in-

105 2116 224 2156 specto
249 2112 444 2145 observabis
478 2112 576 2144 simul
602 2114 728 2153 quanto
761 2109 947 2153 simplicius
973 2109 1131 2141 Tibullus
1166 2107 1250 2141 haec
1276 2112 1448 2141 tractave-

105 2179 169 2219 rit,
204 2180 261 2220 qui
286 2190 361 2212 cum
391 2180 471 2211 satis
500 2178 653 2211 habuerit
679 2178 837 2219 Assyrios
872 2177 995 2209 odores
1032 2176 1226 2217 nominare,
1264 2174 1318 2208 hic
1347 2180 1449 2219 poeta

108 2248 226 2277 contra
251 2246 382 2287 quaerit
407 2246 543 2278 nimium
569 2249 724 2278 ornatum
750 2245 932 2278 nominum.
958 2261 1003 2266 --
1029 2243 1106 2275 Sic
1133 2252 1216 2283 ego
1242 2241 1450 2285 componi

110 2311 257 2344 velim.
307 2310 444 2343 Claudit
473 2310 523 2343 his
548 2311 660 2343 verbis
685 2311 951 2354 descriptionem
977 2309 1255 2349 antecedentem,
1291 2312 1328 2340 ut
1356 2308 1449 2339 simi-

110 2376 188 2408 liter
212 2386 315 2419 supra
350 2378 380 2417 l,
416 2378 470 2409 14.
522 2376 731 2409 Dicebantur
768 2379 884 2408 autem
920 2375 1077 2417 componi
1112 2375 1268 2418 proprie,
1306 2384 1450 2416 quorum

111 2441 240 2473 cineres
275 2444 308 2474 et
341 2451 418 2473 ossa
452 2441 700 2483 colligebantur
733 2444 767 2473 et
801 2440 947 2472 vasculis
974 2440 1235 2473 includebantur
1261 2444 1295 2472 et
1322 2438 1450 2471 conde-

112 2506 233 2539 bantur
266 2507 298 2539 in
333 2508 502 2551 sepulcro.
553 2508 639 2541 Vide
674 2507 916 2540 KIRCHMANN.
952 2505 995 2538 de
1030 2506 1113 2539 Fun.
1149 2506 1210 2547 lll,
1245 2508 1277 2538 8.
1329 2504 1449 2537 Hum-

114 2583 221 2606 nour.
257 2573 298 2606 ad
333 2573 454 2608 Horat.
488 2576 560 2607 Sat.
596 2575 620 2616 l,
649 2578 682 2615 9,
717 2577 775 2607 28.
811 2573 1042 2616 imprimisque
1080 2574 1371 2606 Bnoucxuusmu
1409 2571 1449 2603 ad

115 2643 263 2672 nostrum
287 2640 417 2681 locum,
446 2642 503 2683 qui
529 2652 559 2675 v.
586 2653 615 2674 c.
642 2641 757 2674 laudat
782 2641 947 2674 Carum.
975 2640 1082 2681 LXV,
1109 2642 1165 2673 95.
1194 2641 1382 2675 Pnornnr.
1409 2638 1453 2678 ll,
