1721 2953
556 175 591 213 T
594 173 801 215 IBULLI.
1280 189 1371 215 chx

24 302 152 340 genus
191 288 466 336 schematum,
514 299 597 340 quo
637 286 743 326 sorte
778 285 894 327 istius
936 285 1220 340 descriptionis
1265 287 1370 326 ratio

25 365 213 405 duxerat.
265 363 468 415 Exempla
507 362 748 415 ceteroquin
781 362 905 415 plura
932 363 1147 403 schematis
1176 361 1219 402 in
1251 361 1373 403 Com-

25 438 225 479 mentario
263 435 358 477 vide
402 436 522 478 etiam
563 450 615 476 ex
655 435 825 487 ovidio,
873 437 946 492 qui
983 451 1103 491 saepe
1142 437 1374 491 usurpavit.

27 516 162 568 Atque
190 514 291 552 haec
322 511 490 565 quidem
519 511 568 551 de
597 512 683 563 his;
730 526 865 566 neque
898 513 1007 553 enim
1037 512 1132 553 data
1159 526 1285 567 opera
1308 522 1374 554 to-

28 599 115 630 tum
154 591 291 629 locum
329 587 379 627 de
410 589 591 628 venustis
631 589 847 630 schematis
879 590 1171 643 repetitionum
1202 598 1374 630 tractare

28 667 146 714 volo,
183 665 255 718 qui
284 665 522 714 Tibullum,
564 678 650 704 non
681 665 782 704 alios
811 674 950 719 poetas
981 666 1045 706 hic
1077 667 1291 719 explicem.
1320 686 1378 696 —-

28 742 198 780 Praeter
226 739 347 779 allata
373 740 577 792 pathetica
618 741 823 781 schemata
863 754 956 780 cum
988 742 1107 781 etiam
1137 741 1216 781 alia
1250 743 1379 781 multa

31 817 139 870 apud
164 818 383 870 scriptores
410 818 659 867 habeantur,
693 819 759 857 hic
789 817 957 870 quidem
986 818 1166 870 primum
1196 826 1379 870 praeter-

29 895 89 933 ire
118 906 205 932 non
239 892 369 933 debeo
400 886 756 948 συναθροισμὸν,
793 894 878 933 sive
909 896 1111 943 congeriem
1143 908 1268 933 rerum
1296 907 1379 933 ner-

30 984 178 1018 vosam,
221 983 351 1022 aeque
389 977 526 1021 aptam
565 968 608 1007 in
649 968 934 1020 obiurgatione
975 977 1015 1008 et
1050 970 1220 1023 querela
1257 978 1381 1024 atque

31 1044 75 1084 in
104 1045 211 1084 laeto
242 1052 508 1096 argumento,
547 1043 591 1083 in
621 1058 703 1097 qua
733 1044 884 1084 eximia
916 1044 976 1084 vis
1006 1037 1081 1084 est.
1152 1044 1287 1085 Huius
1314 1059 1384 1097 ge-

33 1119 144 1159 neris
177 1118 287 1172 apud
316 1120 528 1159 Tibullum
560 1128 618 1159 est
652 1120 886 1172 praeclarus
921 1120 1036 1159 locus
1063 1120 1105 1165 1,
1138 1125 1174 1171 7,
1205 1122 1256 1161 43
1290 1135 1379 1175 sqq.

35 1193 85 1234 de
117 1192 252 1235 Osiri:

149 1269 245 1309 Non
278 1268 354 1308 tibi
382 1277 480 1308 sunt
503 1269 635 1308 tristes
667 1283 788 1308 curae
823 1283 896 1309 nec
924 1270 1081 1317 luctus,
1121 1267 1252 1320 Osiri,

205 1343 287 1384 Sed
317 1344 467 1382 chorus
498 1352 537 1383 et
571 1351 713 1383 cantus
743 1352 783 1383 et
810 1344 911 1384 levis
942 1352 1060 1396 aptus
1089 1358 1228 1395 amor,

147 1417 228 1458 Sed
258 1418 362 1459 varii
391 1417 512 1458 flores
543 1426 583 1458 et
611 1418 727 1457 frons
754 1417 944 1458 redimita
972 1419 1200 1473 corymbis,

208 1493 319 1533 Fusa
348 1492 420 1533 sed
450 1492 502 1532 ad
531 1501 696 1533 teneros
723 1494 835 1533 lutea
863 1495 973 1546 palla
1001 1493 1149 1547 pedes,

151 1570 201 1609 Et
233 1569 384 1623 Tyriae
413 1578 544 1609 vestes
576 1577 614 1609 et
645 1568 773 1609 dulcis
802 1569 903 1610 tibia
933 1579 1077 1621 cantu,

208 1645 260 1683 Et
288 1644 390 1685 levis
421 1644 589 1684 occultis
619 1645 779 1684 conscia
811 1645 910 1684 cista
937 1645 1076 1684 sacris.

42 1717 82 1756 in
115 1732 196 1771 quo
228 1719 353 1758 sentis
388 1727 587 1773 quantum
617 1719 668 1759 sit
696 1719 914 1759 alacritatis
945 1727 985 1759 et
1016 1718 1190 1771 vigoris,
1225 1730 1393 1758 succur-

42 1802 157 1834 rente
187 1795 368 1833 suaviter
397 1794 519 1833 etiam
548 1794 792 1846 repetitione
816 1794 1066 1847 anaphorica
1098 1793 1394 1846 particularum

43 1872 110 1909 sed
137 1879 259 1923 atque
289 1877 336 1909 et.
366 1892 421 1898 —
478 1868 585 1909 Vide
614 1883 742 1922 porro
773 1868 876 1908 illud
907 1870 1038 1909 alacre
1068 1870 1254 1920 schema,
1283 1868 1397 1923 quod

45 1949 232 1984 omissione
273 1946 483 1999 particulae
519 1948 554 1984 si
590 1945 745 1995 oritur,
791 1952 978 1984 notatum
1009 1943 1059 1983 ad
1089 1945 1129 1994 Ι,
1161 1948 1212 1995 6,
1244 1947 1312 1984 53.
1340 1966 1396 1974 -

46 2022 261 2061 Postremo
291 2033 499 2070 memoro,
538 2033 591 2059 ne
634 2019 735 2073 quid
763 2019 927 2071 gravius
960 2019 1165 2069 omittam,
1203 2022 1398 2060 transitum

45 2098 204 2136 subitum
245 2096 294 2135 ab
332 2099 495 2135 oratione
532 2096 681 2150 obliqua
719 2096 774 2135 ad
812 2096 1016 2146 directam,
1062 2089 1152 2138 ἆπὸ
1185 2093 1266 2137 τοῦ
1304 2094 1400 2148 διη-

48 2169 302 2226 γηματικοῦ
349 2171 413 2218 εἰς
459 2167 509 2211 τὸ
556 2165 802 2225 μιμητικὸν
843 2169 996 2225 γένος,
1050 2168 1100 2210 de
1148 2184 1232 2224 quo
1278 2171 1399 2222 plura

50 2245 144 2287 vide
181 2245 232 2284 ad
265 2247 305 2293 Ι,
336 2248 382 2295 5,
414 2248 483 2284 21.
550 2244 666 2285 Nihil
701 2243 968 2285 iniucundius
1007 2245 1059 2285 sit
1094 2254 1133 2285 et
1164 2244 1399 2297 languidius

51 2321 96 2361 in
135 2320 251 2374 poesi
293 2321 554 2368 narratione,
602 2335 707 2374 quae
750 2321 943 2374 obliquae
985 2320 1182 2361 orationis
1224 2320 1399 2360 formam

53 2398 226 2448 habeat3
271 2411 400 2450 quare
438 2398 546 2436 ultro
580 2409 622 2436 se
661 2397 811 2436 obtulit
845 2398 945 2437 haec
981 2396 1156 2437 mutatio
1194 2404 1275 2436 tam
1306 2410 1402 2437 ner-

54 2487 156 2514 vosa
196 2481 234 2513 et
275 2471 438 2521 vivida,
498 2471 620 2510 etiam
666 2485 687 2510 a
730 2485 854 2524 prosa
897 2472 1084 2512 oratione
1126 2485 1212 2512 non
1258 2471 1404 2512 aliena.

56 2536 452 2601 Tibullusypullchra
485 2547 674 2601 exempla
707 2547 842 2588 habet.
912 2547 964 2587 Et
1002 2561 1113 2587 nunc
1153 2548 1403 2589 absolvimus

57 2624 135 2663 hoc
167 2631 287 2676 caput
319 2636 473 2663 rerum.

1003 2696 1015 2733 l
