1721 2953
369 686 1090 743 COLLATIO

101 836 485 886 EDITIONIS
531 838 829 885 TIBULLI
875 830 1364 884 PINELLIANAE

483 981 636 1022 CUM
679 979 985 1020 ALDINA

715 1125 756 1150 A.

652 1220 700 1254 Μ.
750 1219 825 1253 DII.

439 1549 1034 1625 PRAEFATIQ

68 1737 271 1823 Praeter
310 1779 510 1820 editiones
547 1780 753 1832 principes
786 1780 942 1819 Tibulli
975 1779 1174 1819 maiorem
1210 1787 1249 1819 et
1286 1780 1421 1820 mino-

68 1870 157 1895 rem
188 1870 283 1895 ann.
308 1857 442 1906 1472„
480 1869 658 1908 quarum
684 1855 879 1895 lectiones
902 1855 1141 1895 Hoscflmus
1166 1856 1210 1895 in
1241 1855 1421 1896 editione

70 1945 143 1970 sua
189 1939 226 1970 et
268 1944 344 1970 nos
388 1931 432 1969 in
469 1930 762 1969 SUPPLEMENTO
809 1929 1000 1970 editionis
1040 1932 1197 1970 Tibulli
1235 1932 1422 1985 Heynio-

70 2004 466 2045 Wunderlichianae
499 2006 783 2055 exhibuimus,
820 2004 924 2045 duae
955 2007 1055 2045 aliae
1081 2008 1288 2060 principes
1316 2007 1424 2046 eius-

73 2079 165 2118 dem
187 2080 338 2119 saeculi
359 2080 583 2133 descriptae
605 2090 700 2120 sunt
725 2082 774 2120 ab
797 2081 1012 2120 Hoscmuo
1042 2082 1206 2121 Tom.I.
1235 2098 1274 2134 p.
1291 2096 1426 2121 xxxin

74 2168 163 2207 sqq.
199 2162 236 2193 et
267 2169 291 2193 a
330 2156 449 2194 nobis
491 2156 535 2194 in
569 2155 863 2196 SUPPLEMENTO
903 2155 1026 2197 modo
1067 2156 1173 2196 dicto
1211 2162 1294 2209 p.8
1323 2170 1425 2210 sqq„

74 2229 281 2268 Pinelliana
319 2231 369 2268 ab
405 2230 620 2270 Husemuo
658 2231 784 2281 dicta,
827 2246 921 2270 cum
959 2232 1002 2271 in
1037 2232 1296 2272 Bibliotheca
1330 2232 1427 2270 MA-

73 2317 193 2342 PHAEI
232 2305 396 2343 PmELLt
433 2306 593 2345 VENETI
634 2306 732 2346 olim
772 2308 1021 2356 haberetur,
1076 2314 1116 2345 et
1155 2309 1427 2348 Bartoliniana.

77 2380 135 2419 Ac
183 2382 463 2420 Bar-tolinianae
517 2382 776 2422 collationem
828 2396 919 2421 cum
964 2381 1114 2420 Aldina
1167 2396 1262 2421 ann.
1305 2386 1428 2422 1502.

78 2456 314 2495 Huscmzms
349 2456 393 2495 in
428 2458 508 2497 fine
545 2457 668 2497 Tomi
705 2457 874 2497 secundi
910 2456 1100 2497 editionis
1137 2472 1234 2497 suae
1272 2472 1428 2511 propo-

79 2531 178 2579 suit,
209 2533 452 2581 maenianae,
487 2546 592 2585 quae
624 2533 711 2572 sola
741 2534 919 2572 restabat
948 2532 1134 2573 nondum
1165 2549 1188 2572 a
1217 2548 1429 2587 quoquam

80 2606 247 2652 collata,
279 2619 352 2645 nos
384 2621 493 2646 nunc
520 2608 699 2660 primum
732 2609 974 2649 exhibemus
1002 2610 1079 2649 hoc
1105 2610 1195 2649 loco
1226 2610 1432 2659 lectiones,

989 2682 1051 2724 ῃ
