1721 2953
303 95 384 133 240
610 87 980 131 COMMENTAR.
1015 91 1073 130 IN
1106 92 1157 131 ’Π
1166 92 1335 134 BULLI

305 206 412 251 Epist.
448 205 489 247 V,
528 206 606 238 151.
645 208 680 238 et
719 204 869 239 imitatus
907 210 961 240 est
997 206 1141 241 Vama.
1177 207 1310 242 Falco.
1348 206 1376 251 1,
1410 209 1492 242 447.
1554 206 1652 243 Adde

303 271 470 314 Lygdam.
503 269 567 312 ΙΙΙ,
601 272 635 313 4,
671 274 727 306 67.
763 272 861 307 infra.
885 291 932 298 —
977 279 1147 312 tauros.
1198 275 1426 308 Masculinum
1463 284 1572 318 genus
1609 275 1653 309 de

302 347 411 380 grege
435 340 600 380 usurpat,
625 341 664 370 ut
688 341 803 370 amant
827 338 962 382 Latini,
988 341 1093 374 veluti
1119 340 1221 373 etiam
1247 341 1483 374 Pnopmwms
1508 340 1570 382 111,
1596 342 1653 381 12,

301 405 359 435 29.
394 401 475 435 fecit
510 406 648 436 notante
684 402 875 436 Huscmuo
909 404 952 437 ad
977 404 1039 446 ΙΙΙ,
1069 407 1103 446 4,
1131 408 1189 438 67.
1214 405 1320 447 infra,
1354 405 1413 438 ubi
1438 409 1550 438 tamen
1577 404 1654 438 vide

303 477 390 509 quae
421 467 521 502 addo.
545 486 589 491 -
629 477 707 512 pro
720 467 924 511 suerunt,
952 474 1034 513 puta
1063 470 1106 503 ad
1132 471 1280 504 animum
1306 472 1442 504 Admeti
1469 471 1655 504 concilian-

302 534 394 577 dum,
421 534 463 569 cf.
487 535 515 577 Ι,
538 538 572 577 8,
597 538 630 569 9.
657 536 702 578 ΙΙ,
727 538 760 578 4,
789 539 844 571 15.
893 537 1054 570 Ceterum
1081 536 1213 570 confert
1238 538 1416 571 HssYmus
1443 538 1544 572 Ovid.
1567 538 1652 570 Met.

302 601 348 643 X,
370 604 439 635 170
454 612 528 645 sqq.
555 605 590 635 et
615 603 792 636 ALmNov.
818 601 862 644 ΙΙ,
882 604 1000 634 79.-
1026 602 1067 635 V.
1094 603 1146 634 13.
1174 604 1230 635 14.
1267 603 1319 635 De
1346 603 1518 637 medico
1545 602 1654 646 Apol-

302 669 370 701 line
403 668 552 712 disputat
585 668 790 701 Mfinmznns
825 668 857 701 in
891 669 965 702 libr.
999 668 1042 702 de
1071 669 1278 711 Doriens.1‚
1304 681 1337 713 p.
1363 671 1445 703 407.
1495 669 1547 703 Ad
1573 679 1653 702 sen-

303 736 444 768 tentiam
469 735 597 768 Tibulli
625 734 700 767 vide
727 744 803 768 cum
828 734 1088 767 Bnoucxnnsm
1115 734 1217 768 Ovid.
1240 734 1325 768 Met.
1351 734 1380 777 Ι,
1403 736 1486 767 521.
1509 733 1652 767 Heroid.

302 803 346 844 V,
373 803 452 835 149.
501 801 649 834 Attende
675 800 820 843 denique
845 800 888 833 ad
913 801 1176 834 collocationem
1201 800 1383 833 verborum
1407 810 1484 834 cum
1509 800 1651 834 VULPIO

304 873 339 903 et
373 869 575 903 Huscmuo.
623 869 686 903 Ille
721 869 853 903 confert
889 869 996 903 Ovrn.
1032 870 1166 903 Amorr.
1205 869 1230 911 I,
1259 872 1292 911 6,
1317 872 1383 902 58:
1421 869 1537 913 Quam
1564 867 1654 912 face

303 935 462 968 sustineo
487 941 583 967 tecta
607 934 758 980 superba
777 941 916 979 petam,
952 934 985 968 h.
1012 946 1043 970 e.
1077 935 1152 969 face
1175 945 1276 978 quam
1300 936 1463 969 sustineo.
1506 934 1653 968 HonA'r·

305 1002 379 1035 Sat.
407 1001 452 1043 ΙΙ,
483 1003 512 1042 l,
536 1004 604 1034 83:
629 1002 730 1037 Esto,
754 1000 786 1033 si
813 1000 892 1046 quis
918 1000 1036 1033 mala:
1061 1000 1124 1034 sed
1147 1000 1236 1034 bona
1261 1002 1293 1033 si
1318 1001 1397 1046 quis
1423 1000 1545 1032 Iudice
1570 1012 1654 1033 con-

305 1065 435 1099 diderit
469 1065 644 1099 laudatus
680 1065 857 1099 Caesare?
906 1066 953 1100 Et
984 1068 1151 1102 Lamum.
1175 1067 1235 1107 VI,
1270 1069 1347 1101 174.
1397 1067 1473 1100 Alia
1507 1067 1654 1100 Huscn-

305 1145 389 1168 mus
422 1134 516 1168 addit
550 1133 604 1168 hic
638 1138 672 1168 et
697 1134 738 1167 ad
765 1133 792 1176 Ι,
817 1137 852 1176 9,
876 1137 935 1168 25.
971 1135 1029 1168 ubi
1067 1135 1135 1168 iam
1169 1134 1316 1167 diximus
1350 1132 1394 1167 de
1428 1132 1494 1168 hoc
1526 1144 1654 1177 genere

304 1201 524 1236 traiectionis.
572 1200 640 1234 Ubi
666 1199 733 1233 duo
759 1204 838 1234 sunt
865 1204 1055 1242 commata,
1094 1210 1162 1233 non
1186 1210 1264 1233 raro
1288 1209 1390 1233 unam
1416 1210 1534 1233 vocem
1561 1200 1593 1232 in
1620 1199 1653 1232 id

305 1277 440 1300 comma
474 1267 713 1310 transpositam
747 1266 899 1308 videbis,
938 1266 1034 1306 cuius
1069 1276 1136 1299 non
1170 1270 1223 1299 est
1255 1277 1334 1310 pars
1366 1276 1467 1300 sensu
1502 1270 1537 1300 et
1570 1277 1653 1299 con-

304 1334 513 1374 structione,
548 1332 608 1366 sed
639 1333 829 1365 conflantur
852 1332 953 1365 ambo
978 1331 1129 1365 membra
1156 1332 1188 1364 in
1216 1342 1327 1364 unum.
1354 1350 1400 1356 —-
1438 1332 1482 1365 V.
1511 1334 1554 1364 15
1577 1342 1651 1373 sqq.

304 1401 412 1445 Ipse
449 1400 559 1434 deus
595 1400 797 1433 stabulis
825 1404 890 1433 etc.
948 1399 1114 1442 Sequitur
1147 1400 1241 1432 locus
1275 1399 1514 1440 suavissimus,
1552 1409 1653 1441 quem

305 1467 460 1501 dolemus
485 1467 680 1500 lacunosum
707 1476 793 1499 esse.
843 1465 897 1499 Ad
915 1465 1039 1499 verba:
1063 1463 1217 1498 stabulis
1244 1466 1482 1509 expellere
1508 1465 1655 1498 Huscn-

307 1545 390 1568 mus
427 1533 560 1568 confert
600 1533 724 1575 Odyss.
762 1532 824 1574 IX,
860 1535 943 1566 227.
978 1535 1068 1566 312:
1121 1533 1252 1576 σηκῶν,
1297 1529 1424 1576 ἄντρου
1461 1529 1653 1569 ἐξελαύνειν.

305 1601 417 1635 VIRG.
439 1601 514 1633 Cul.
531 1601 586 1632 44.
607 1599 709 1632 dicit:
735 1597 902 1641 Propulit
922 1603 964 1629 ut
982 1595 1138 1629 stabulis
1156 1596 1205 1628 acl
1220 1595 1357 1641 pabula
1380 1596 1479 1628 laeta
1499 1597 1656 1641 capellas

299 1671 448 1710 pastor,
482 1675 560 1698 nam
591 1664 638 1698 ibi
663 1663 800 1697 additur
832 1664 928 1697 locus
960 1662 1003 1696 ad
1037 1673 1150 1705 quem.
1174 1680 1221 1687 -
1257 1663 1479 1696 Pentameter
1504 1664 1594 1697 varie
1620 1665 1655 1698 iu

305 1731 401 1764 libris
424 1731 602 1775 suppletus
628 1734 691 1773 est,
715 1735 750 1764 et
774 1740 842 1763 nou
867 1730 982 1773 inepte
1008 1729 1148 1773 quidem
1175 1729 1218 1762 ab
1245 1730 1405 1763 Amasim
1430 1729 1499 1763 sic:
1525 1730 1574 1762 Et
1587 1741 1656 1774 po-

306 1802 383 1828 tum
413 1802 545 1840 pastas
580 1795 703 1827 ducere
726 1793 960 1840 fluminibus,
997 1806 1098 1838 quem
1132 1806 1267 1828 versum
1293 1795 1504 1828 Huscuxms
1529 1795 1656 1830 factum

307 1862 467 1896 observat
492 1861 534 1895 ad
561 1861 753 1904 exemplum
779 1861 888 1894 Vina.
914 1859 1036 1903 Eclog.
1062 1860 1126 1902 IX,
1149 1863 1213 1894 23:
1265 1860 1407 1904 Tityre,
1447 1859 1528 1892 dum
1554 1859 1656 1894 redv

307 1929 421 1963 bret-is
453 1936 507 1963 est
541 1929 619 1969 via,
661 1940 767 1972 pasce
803 1927 979 1972 capellas,
1015 1934 1051 1960 et
1083 1934 1209 1972 potam.
1241 1933 1370 1972 pastas
1395 1939 1480 1973 age,
1521 1928 1655 1973 Tityre.

308 1997 408 2032 Quae
433 2005 513 2029 vero
539 1995 709 2038 vituperat
744 1994 775 2027 in
801 1995 967 2037 Aurispae
993 1994 1129 2036 verbis,
1170 1994 1292 2038 partim
1326 1993 1537 2037 inauspicato
1570 1995 1657 2028 scri—

307 2062 396 2106 psit,
421 2060 525 2094 veluti
551 2070 617 2092 non
644 2059 722 2092 duci
749 2059 854 2092 boves
879 2060 939 2092 secl
966 2060 1034 2102 agi,
1059 2071 1099 2093 ac
1124 2070 1166 2092 ne
1190 2060 1246 2102 agi
1272 2059 1420 2102 quidem,
1445 2059 1506 2092 sed
1531 2064 1654 2104 sponte

307 2126 358 2159 ire
383 2130 548 2168 sequente
574 2129 731 2178 pastore,
769 2126 860 2168 quod
886 2127 1032 2159 iucunde
1058 2137 1101 2159 ex
1130 2127 1286 2159 HomnRo
1314 2127 1436 2170 probat
1460 2127 1500 2161 ΙΙ.
1526 2127 1656 2169 XVlll,

307 2196 378 2226 575
402 2204 475 2235 sqq.
525 2192 580 2225 Ne
614 2193 740 2233 multa3
778 2203 846 2226 non
881 2193 1049 2227 contendo
1086 2204 1161 2226 cum
1189 2193 1317 2226 Voss10
1343 2193 1386 2225 ab
1413 2193 1486 2237 ipso
1515 2192 1655 2225 Tibullo

308 2260 498 2305 profectum
524 2270 599 2293 esse
625 2271 769 2301 versum,
795 2265 830 2294 at
855 2272 915 2305 per
939 2272 976 2294 se
1004 2272 1070 2294 nou
1096 2262 1246 2304 ineptum
1273 2261 1360 2302 dico,
1387 2271 1428 2293 ac
1453 2260 1654 2293 senteutiam

309 2327 450 2359 similem
478 2326 631 2369 posuisse
658 2325 711 2359 liic
738 2331 873 2370 poetam
900 2328 1047 2361 maxime
1073 2328 1260 2372 probabile.
1319 2327 1420 2363 Quod
1445 2331 1556 2360 tamen
1585 2327 1655 2359 Au-

308 2392 441 2435 rispae,
477 2401 543 2423 non
572 2391 700 2425 Tibulli
734 2393 840 2425 fetum
870 2403 931 2426 nos
961 2397 1079 2426 tenere
1113 2394 1182 2426 dixi
1208 2404 1285 2427 cum
1314 2394 1409 2434 aliis,
1443 2402 1542 2425 causa
1572 2391 1655 2426 haec

309 2463 382 2493 est:
427 2459 511 2492 Cum
545 2459 673 2492 verbis:
709 2458 863 2493 stabulis
897 2460 1066 2504 expellere
1099 2471 1246 2496 vaccas,
1283 2459 1326 2492 ad
1360 2469 1485 2502 pascua
1517 2459 1573 2501 agi
1601 2469 1656 2492 ar-

309 2530 423 2560 menta
448 2536 514 2559 non
541 2536 703 2569 expresse
728 2527 787 2560 sed
815 2528 997 2572 implicite,
1022 2529 1098 2561 non’
1114 2527 1243 2560 directe
1268 2525 1327 2559 sed
1355 2526 1518 2559 indirecte
1548 2528 1656 2569 signi-

310 2592 450 2634 ficetur,
486 2592 519 2626 in
552 2593 773 2636 sequentibus
807 2598 865 2627 aut
900 2593 1051 2628 additum
1081 2593 1142 2627 suit
1177 2593 1302 2636 aliquid
1330 2592 1361 2626 in
1389 2593 1475 2627 huuc
1509 2604 1654 2635 sensum,
