1721 2953
288 157 378 182 XLIV
826 145 902 185 DE
936 144 1093 189 POESI

399 262 471 301 Illa
500 268 613 312 regat
645 267 824 311 cunctos,
852 260 913 302 illi
940 263 1021 303 sint
1050 262 1187 304 onmia
1221 278 1362 305 curae:

455 338 508 377 Et
535 337 649 377 iuvet
677 336 720 375 in
749 344 833 377 tota
862 352 927 378 me
956 339 1060 378 nihil
1089 352 1174 378 esse
1206 338 1344 380 domo.

286 416 344 454 Ac
380 412 525 454 'statim
570 414 611 452 in
654 413 788 465 prima
830 414 957 466 elegia
997 413 1091 454 licet
1129 427 1216 454 non
1261 413 1367 455 dicat
1410 413 1517 454 idem
1561 428 1632 454 ex-

284 491 434 542 pressis
464 488 613 539 verbis,
642 495 781 527 tamen
814 489 936 530 etiam
968 488 1034 529 hic
1064 489 1239 530 rusticae
1268 490 1375 530 vitae
1402 489 1633 530 iucundita-

283 576 366 606 tem
395 575 434 606 et
461 567 606 607 Deliae
637 580 820 607 amorem
853 567 909 607 sic
947 566 998 608 ad
1039 580 1164 606 unam
1194 567 1268 606 otii
1300 567 1501 607 fortunati
1531 567 1633 606 ima-

283 644 418 694 ginem
449 650 641 683 revocata
665 640 802 691 vides,
843 650 889 682 ut
922 643 1098 683 alterum
1130 644 1179 683 ab
1216 643 1345 683 altero
1376 657 1462 683 non
1494 641 1633 683 videa-

282 727 352 758 tur
392 727 528 759 mente
571 718 818 771 disiungere.
889 719 1050 773 Nempe
1094 721 1318 773 quaerebat
1357 720 1548 760 Tibullus
1590 721 1632 760 in

284 809 422 835 amore
443 792 644 848 placidam
665 793 1003 835 consuetudinem
1023 804 1168 838 mutua
1187 795 1267 835 fide
1288 809 1486 847 securam,
1508 811 1633 850 quae-

282 873 399 911 rebat
423 871 657 911 animorum
681 871 1015 911 coniunctionem
1040 870 1263 910 iucundam
1293 885 1384 911 cum
1414 885 1493 911 usu
1521 880 1633 911 tran-

285 948 413 1001 quillo
444 947 628 999 puellae,
673 960 758 986 non
791 947 1052 998 voluptatum
1091 944 1330 985 dissolutam
1372 947 1633 998 varietatem3

282 1023 400 1075 parvi
433 1022 586 1062 ducens
616 1020 801 1071 divitias,
839 1021 1014 1073 gloriam
1051 1029 1268 1074 ceteraque
1302 1030 1544 1061 ornamenta
1574 1021 1634 1060 vi-

281 1106 348 1137 tae
388 1106 559 1137 externa
599 1111 698 1150 prae
740 1098 890 1137 amoris
928 1098 1089 1146 fructu,
1130 1097 1241 1136 hunc
1281 1097 1411 1136 instar
1450 1098 1634 1137 omnium

283 1176 496 1214 censebat:
532 1187 672 1212 amore
693 1181 802 1222 vota,
832 1171 1033 1212 desideria
1056 1186 1130 1211 sua
1154 1172 1336 1211 maxima
1365 1173 1635 1213 contineban-

281 1259 359 1299 tur,
387 1251 453 1289 hic
483 1262 675 1288 curarum
704 1248 882 1301 requies,
912 1248 1084 1287 felicitas
1114 1261 1287 1287 summa.
1342 1248 1396 1287 Et
1421 1249 1543 1288 talem
1573 1250 1634 1290 vi-

281 1335 364 1365 tam
395 1340 512 1377 agere
543 1339 634 1364 cum
665 1324 787 1362 Delia
826 1325 1030 1375 cogitabat
1065 1325 1109 1362 in
1138 1324 1247 1363 ruris
1282 1336 1407 1362 aurea
1440 1325 1635 1377 simplici-

280 1409 384 1451 tate,
414 1402 486 1440 ubi
514 1402 614 1439 haec
645 1400 838 1440 omnibus
873 1408 1100 1452 praeesset,
1128 1401 1215 1452 ipse
1248 1401 1458 1439 frueretur
1486 1415 1564 1440 usu
1595 1410 1633 1440 et

282 1475 477 1528 adspectu
507 1483 664 1514 amatae
685 1475 896 1515 inturbato
924 1483 962 1514 et
984 1475 1260 1528 requiesceret
1283 1475 1327 1514 in
1349 1476 1509 1515 lacertis
1532 1478 1632 1517 eius.

280 1554 351 1592 Est
390 1561 526 1592 autem
564 1566 650 1593 non
694 1551 866 1593 dubium
908 1553 1089 1605 puellam
1129 1560 1169 1591 et
1207 1552 1339 1605 ipsam
1379 1567 1519 1593 carum
1558 1554 1631 1592 ha-

281 1629 418 1670 buisse
449 1638 636 1682 poetam,

392 1726 842 1735 —————
871 1701 987 1758 ‘quae
1021 1718 1085 1744 me
1117 1718 1210 1743 cum
1238 1702 1419 1743 mitteret
1447 1705 1562 1752 urbe,

448 1781 613 1819 Dicitur
642 1788 735 1819 ante
768 1794 909 1820 omnes
941 1780 1194 1820 consuluisse
1227 1780 1339 1821 deos.

395 1856 552 1896 Cuncta
591 1855 744 1895 dabant
784 1854 966 1896 reditus:
1019 1864 1158 1894 tamen
1194 1863 1254 1895 est
1292 1854 1485 1895 deterrita
1523 1870 1629 1895 uun-

1039 1945 1175 1984 quam,

451 2004 563 2055 Quin
594 2006 710 2046 {leret
741 2013 902 2046 nostras
934 2006 1240 2059 respiceretque
1271 2005 1369 2046 vias.

395 2158 531 2198 Flebis
566 2166 603 2197 et
636 2171 779 2198 arsuro
811 2157 992 2210 positum
1023 2171 1099 2212 me,
1130 2157 1263 2207 Delia,
1290 2159 1408 2206 lecto,

450 2234 654 2273 Tristibus
689 2243 728 2273 et
758 2235 935 2274 lacrimis
966 2235 1105 2274 oscula
1133 2235 1262 2274 mixta
1293 2234 1422 2274 dabis.

280 2310 331 2350 Et
362 2309 460 2363 quid
489 2309 654 2349 suavius
683 2309 746 2349 his
776 2311 936 2350 verbis:

391 2386 497 2423 Tum
526 2386 687 2425 veniam
717 2387 854 2427 subito
885 2401 959 2426 nec
988 2386 1205 2440 quisquam
1236 2387 1393 2426 nuntiet
1425 2395 1529 2433 ante,

446 2461 529 2502 Sed
558 2462 699 2503 videar
729 2466 843 2505 coelo
871 2465 1018 2504 missus
1048 2463 1188 2504 adesse
1217 2463 1304 2503 tibi.

390 2539 508 2576 Tunc
541 2537 663 2586 mihi,
694 2540 825 2591 qualis
860 2540 963 2588 cris,
992 2540 1136 2591 longos
1170 2541 1332 2579 turbata
1362 2539 1540 2591 capillos,

449 2613 582 2655 Obvia
614 2614 790 2663 nudato,
819 2616 958 2665 Delia,
988 2629 1105 2654 curre
1136 2613 1251 2666 pede.
