1721 2953
301 213 380 251 340
593 201 961 246 cOMMENTAR.
994 203 1052 243 lx
1084 204 1315 247 TlssULJA'

655 552 1101 602 ELEGIA
1205 555 1283 601 IV.

774 858 1181 907 INTRODUCTIO.

298 1011 458 1071 Neaera
495 1038 561 1063 non
593 1028 725 1063 redibat
760 1030 792 1063 in
829 1031 973 1074 gratiam
1007 1042 1083 1065 cum
1120 1029 1320 1073 Lygdamo,
1364 1028 1424 1062 sed
1469 1027 1522 1062 hic
1556 1037 1643 1062 nunc

302 1098 392 1131 tristi
425 1096 554 1131 somnio
583 1095 741 1130 edoctum
775 1106 813 1129 se
847 1097 1000 1138 queritur
1033 1097 1076 1129 ab
1102 1096 1280 1139 Apolline,
1322 1094 1379 1128 alii
1404 1095 1478 1127 viro
1510 1094 1639 1128 nubere

301 1166 388 1198 velle
413 1165 573 1208 puellam.
621 1162 846 1205 Exponamus
877 1163 1012 1205 singula
1048 1162 1220 1196 disertius.
1269 1162 1467 1195 Commotus
1492 1162 1642 1204 graviter

301 1232 413 1265 animo
439 1233 542 1274 poeta
566 1228 600 1262 in
635 1228 826 1261 exordio
863 1228 960 1261 irrita
987 1232 1063 1261 orat
1088 1228 1170 1261 deos
1195 1232 1233 1261 ut
1255 1228 1322 1260 sint
1346 1228 1510 1260 insomnia
1534 1227 1638 1260 modo

300 1300 392 1340 visa,
426 1299 528 1331 immo
554 1306 655 1329 vanas
680 1295 762 1328 dicit
790 1295 970 1338 imagines.
1017 1295 1105 1328 Esse
1132 1296 1221 1328 enim
1246 1296 1376 1328 somnia
1400 1295 1535 1328 omnino
1561 1294 1646 1327 falsa

302 1369 337 1398 et
362 1363 538 1397 mendacia
562 1366 598 1394 et
622 1371 736 1394 errare
762 1359 935 1401 homines,
962 1360 1021 1402 qui
1049 1371 1090 1393 ea
1115 1361 1218 1402 vulgo
1243 1361 1390 1403 placent.
1441 1359 1583 1401 Tamen,
1608 1363 1646 1392 ut

301 1434 354 1464 est
379 1429 540 1468 territus,
576 1425 666 1458 redit
693 1424 736 1457 ad
767 1428 847 1457 vota
880 1425 966 1456 initii
1006 1428 1234 1467 precaturque
1267 1424 1427 1457 Hecaten
1454 1427 1491 1456 ut
1514 1428 1645 1457 avertat

302 1498 439 1532 malum.
488 1496 575 1529 Post
599 1492 664 1526 hoc
687 1491 866 1525 exordium
893 1492 926 1523 in
949 1490 1095 1523 medio
1120 1491 1318 1524 carmine
1340 1490 1506 1524 somnium
1530 1490 1642 1534 ipsum

301 1563 401 1606 quale
427 1561 528 1594 fuerit
551 1562 678 1593 narrat.
739 1557 950 1601 Apparuisse
975 1557 1156 1590 dormienti
1180 1557 1337 1590 iuvenem
1361 1557 1539 1599 divinum,
1577 1568 1646 1600 quo

301 1628 385 1662 nihil
420 1627 528 1660 visum
565 1625 609 1657 sit
643 1623 825 1656 formosius
859 1632 1030 1664 unquam,
1069 1622 1248 1654 florentem
1280 1625 1411 1663 aetate,
1449 1622 1643 1657 redimitum

302 1695 418 1734 lauro,
456 1691 611 1723 indutum
644 1689 733 1722 stola
766 1686 892 1730 Pythia
928 1691 963 1720 et
997 1688 1107 1729 lyram
1140 1690 1325 1721 tenentem.
1373 1686 1440 1720 Hic
1466 1691 1645 1731 postquam

300 1757 465 1802 praelusit
498 1758 600 1788 cautu
633 1754 774 1796 lyraque
809 1752 922 1786 verbis
957 1752 1133 1794 dicendis,
1171 1755 1287 1785 narrat
1317 1753 1375 1785 alii
1400 1752 1528 1786 nubere
1554 1755 1643 1789 velle

301 1825 472 1858 Neaeram
495 1822 715 1855 carissimam.
763 1819 885 1862 Neque
910 1822 1021 1852 tamen
1048 1819 1207 1864 desperet
1228 1819 1402 1862 hortatur3
1428 1831 1529 1864 posse
1552 1822 1643 1857 flecti

301 1890 448 1923 animum
476 1887 635 1931 precibus
661 1889 696 1919 et
720 1885 859 1918 seri-isso
885 1883 1001 1925 fideli,
1026 1884 1059 1916 in
1085 1895 1152 1926 quo
1178 1895 1239 1917 suo
1264 1885 1370 1928 ipsius
1396 1887 1559 1930 exemplo
1584 1898 1647 1931 pro

302 1956 506 1989 documento
531 1955 657 1993 utitur,
694 1952 750 1993 qui
779 1951 915 1984 Admeti
942 1951 1112 1993 quondam
1139 1956 1258 1995 captus
1285 1963 1400 1986 amore
1425 1953 1468 1986 ad
1492 1954 1644 1990 infimum

301 2024 392 2056 vitae
418 2031 527 2064 genus
552 2017 778 2051 descenderit.
829 2016 985 2059 Denique
1011 2017 1148 2059 puellae
1175 2018 1323 2050 nuntiari
1349 2018 1461 2059 iubet,
1488 2021 1642 2062 promitti

301 2089 367 2123 hoc
406 2086 599 2128 coniugium
638 2085 669 2116 ei
705 2084 747 2116 ab
784 2083 939 2126 Apolline
974 2084 1069 2126 ipso,
1111 2083 1252 2115 absistat
1288 2084 1354 2115 alia
1392 2094 1529 2126 cupere.
1590 2085 1643 2118 Ita

303 2157 410 2189 deus:
449 2154 559 2186 Poeta
584 2154 700 2183 autem
727 2149 884 2182 dolenter
910 2151 1054 2182 affectus
1079 2148 1142 2181 hoc
1167 2148 1319 2189 somnio,
1345 2158 1411 2181 non
1439 2149 1579 2182 credere
1605 2160 1644 2183 se

304 2230 405 2265 posse
437 2217 550 2251 multis
586 2215 697 2248 verbis
733 2218 767 2247 et
805 2214 1008 2256 imaginibus
1035 2213 1180 2246 affirmat
1205 2217 1273 2247 tam
1301 2213 1418 2247 duram
1444 2224 1519 2247 esse
1545 2215 1644 2258 puel-

304 2286 389 2326 lam,
425 2285 614 2324 iterumque
639 2281 800 2324 implorat
826 2280 908 2314 deos
934 2284 972 2313 ut
996 2281 1029 2313 in
1058 2281 1177 2314 melius
1203 2290 1274 2313 rem
1299 2284 1442 2314 vertant.
1500 2281 1568 2316 Qui
1594 2284 1645 2313 est

304 2351 469 2385 exitus.
520 2349 615 2381 Haec
649 2346 821 2381 hactenns.
871 2347 1039 2380 Iudicavit
1063 2348 1129 2379 iam
1162 2346 1335 2379 Hssm'ms
1370 2346 1476 2378 multa
1511 2354 1584 2377 esse
1609 2345 1643 2377 in

304 2417 367 2450 hoc
401 2415 567 2454 carmine,
607 2424 694 2455 quae
728 2414 891 2446 severiori
927 2413 1058 2446 iudicio
1097 2412 1274 2456 displicere
1310 2412 1459 2455 possint,
1497 2421 1641 2452 quorum

305 2480 470 2524 quaedam
495 2478 614 2518 affert;
657 2478 815 2510 dixerunt
840 2478 874 2509 in
900 2477 1041 2510 eandem
1066 2477 1268 2509 sententiam
1294 2476 1442 2509 Vossms
1468 2479 1503 2507 et
1528 2474 1643 2507 Eion-

305 2555 455 2579 STADIUS
483 2546 517 2576 et
542 2543 638 2585 plura
663 2543 764 2574 etiam
792 2542 874 2575 vitia
900 2540 1114 2573 tractationis
1139 2540 1339 2573 iudicarunt.
1396 2539 1491 2581 Nos,
1527 2543 1565 2572 ut
1590 2543 1644 2573 est

303 2610 390 2644 ratio
414 2608 558 2643 instituti
584 2608 708 2649 nostri,
745 2607 788 2641 de
822 2607 965 2650 singulis
999 2608 1083 2640 locis
1110 2606 1197 2639 infra
1222 2606 1255 2638 in
1281 2605 1522 2649 Explicatione
1546 2605 1642 2639 dice-

305 2688 398 2719 mus,
435 2674 489 2710 hic
524 2678 638 2709 autem
674 2675 958 2719 compositionem
994 2672 1150 2708 carminis
1176 2672 1311 2707 omnino
1337 2671 1637 2711 considerabimus,
