1721 2953
271 120 336 168 96
608 114 852 162 TIBULLI
895 114 1007 161 LIB.
1030 114 1102 161 IV.
1132 124 1189 164 13.
1220 121 1276 160 14.

327 241 453 307 Quid
487 240 603 287 facio
638 238 856 286 demens?
898 237 985 285 heu
1020 238 1108 286 heu
1141 256 1240 285 mea
1274 237 1468 303 pignora
1502 236 1624 284 cedo.

395 327 543 375 Iuravi
577 324 732 373 stulte:
767 324 981 390 proderat
1015 325 1097 372 iste
1128 325 1275 372 timor.

332 416 463 463 Nunc
499 424 546 459 tu
582 411 711 459 fortis
746 411 857 469 eris,
899 430 1020 458 nunc
1055 422 1103 458 tu
1138 429 1209 458 me
1246 409 1462 457 audacius
1498 427 1626 456 ures:

276 516 324 549 20
400 501 497 545 Hoc
533 497 709 563 peperit
743 497 907 544 misero
940 495 1121 561 garrula
1156 496 1312 560 lingua
1347 495 1528 543 malum.

331 587 426 632 Iam
449 584 610 631 faciam
634 583 937 648 quodcunque
959 581 1093 639 voles,
1124 593 1226 628 tuus
1251 600 1393 646 usque
1423 580 1631 637 manebo,

399 673 492 718 Nec
528 670 699 733 fugiam
735 680 868 716 notae
904 667 1131 714 servitium
1170 666 1404 723 dominae,

331 758 423 805 Sed
457 756 644 806 Veneris
681 767 861 803 sanctae
898 753 1130 801 considam
1165 753 1341 799 vinctus
1379 751 1436 798 ad
1470 769 1582 798 aras.

397 845 521 891 Haec
556 854 682 890 notat
716 841 907 889 iniustos
945 838 1317 904 supplicibusque
1352 837 1481 884 favet.

682 997 1055 1041 CARMEN
1119 998 1238 1038 XIV.

329 1055 541 1142 Rumor
572 1093 633 1141 ait
668 1092 826 1140 crebro
862 1102 1063 1138 nostram
1099 1107 1285 1155 peccare
1322 1086 1541 1154 puellam:

403 1184 536 1229 Nunc
570 1200 652 1245 ego
688 1199 759 1228 me
796 1179 946 1227 surdis
983 1178 1168 1225 auribus
1206 1195 1301 1224 esse
1335 1175 1478 1223 velim.

344 1269 544 1316 Crimina
579 1287 673 1314 non
702 1267 814 1313 haec
850 1277 954 1312 sunt
990 1277 1144 1312 nostro
1181 1264 1276 1311 sine
1305 1262 1423 1309 facta
1460 1259 1639 1307 dolore:

410 1352 537 1416 Quid
568 1352 783 1400 miserum
818 1362 1026 1416 torques,
1068 1369 1230 1398 rumor
1265 1348 1456 1397 acerbe?
1498 1358 1606 1394 tace.

336 1528 568 1622 Villicus
605 1568 748 1615 aerari
784 1566 1038 1632 quondam,
1082 1583 1204 1612 nunc
1242 1562 1386 1611 cultor
1421 1560 1575 1624 agelli,

405 1657 528 1702 Haec
564 1654 645 1700 tibi
674 1654 941 1717 Perspectus
978 1650 1168 1715 templa,
1211 1649 1400 1712 Priape,
1448 1647 1563 1693 dico.

349 1742 439 1788 Pro
478 1739 643 1804 quibus
681 1737 868 1795 officiis,
915 1737 952 1783 si
988 1736 1056 1783 fas
1088 1747 1175 1793 est,
1216 1746 1391 1791 sancte,
1427 1732 1645 1798 paciscor,

420 1826 646 1873 Assiduus
684 1836 833 1872 custos
870 1823 988 1870 ruris
1022 1835 1073 1869 ut
1107 1840 1202 1888 esse
1238 1821 1372 1878 velis,

317 1912 592 1978 5Improbus
629 1923 678 1957 ut
713 1911 854 1976 siquis
890 1921 1095 1956 nostrum
1130 1907 1306 1955 violarit
1343 1905 1561 1969 agellum,

416 2002 549 2047 Hunc
573 2010 695 2045 111-
713 1998 793 2044 sed
817 2009 961 2044 taceo:
998 1997 1099 2053 scis,
1130 2006 1254 2060 puto,
1286 1993 1409 2059 quod
1434 1991 1645 2056 sequitur.

392 2136 435 2170 V.
448 2138 481 2168 3.
506 2133 771 2177 facta-optimi
797 2132 893 2173 libri,
921 2132 1022 2165 etiam
1048 2131 1173 2164 CmAc.
1195 2141 1298 2171 rma,
1324 2128 1497 2163 mendose.
1534 2127 1647 2168 Vulgo

297 2200 396 2233 iacta
423 2200 466 2233 de
492 2200 688 2233 coniectura
710 2199 893 2232 Pon-mm.
942 2197 1008 2229 Alii
1027 2195 1123 2239 ficta
1149 2195 1382 2229 emendarunt.

394 2315 590 2349 Villicus
623 2312 783 2346 aerari.
844 2312 992 2345 Annotat
1018 2311 1291 2343 LAcnmANNtss:
1328 2305 1458 2349 „Haec
1483 2302 1550 2335 duo
1575 2309 1650 2334 car-

300 2381 409 2422 mina,
439 2390 526 2422 quae
552 2381 640 2412 inter
663 2379 829 2411 Pnupm
855 2377 1013 2419 leguntur
1038 2375 1120 2418 (82,
1147 2375 1233 2417 83),
1266 2374 1438 2406 Iosnpmss
1465 2369 1652 2401 Sume-1⁴:12

302 2457 339 2480 se
372 2446 404 2479 in
438 2445 557 2477 codice
591 2444 716 2477 Cumc.
743 2452 823 2475 Vss'r.
857 2443 946 2475 inter
969 2442 1127 2474 'sumum
1159 2450 1264 2483 opera
1296 2436 1464 2480 reperisse
1497 2436 1651 2465 testatur.

302 2511 415 2545 Huius
442 2509 568 2543 codicis
594 2509 797 2551 scripturas,
825 2513 988 2552 quantum
1014 2519 1057 2543 ex
1082 2506 1301 2542 annotatione
1326 2504 1530 2537 Somnum
1554 2501 1654 2533 intel-

306 2577 366 2620 ligi
393 2578 553 2620 possunt,
588 2573 776 2617 expressi.”
