1721 2953
495 180 638 219 [ΑΒΗ.
666 179 738 218 lV.
798 178 967 220 CARM.
996 180 1027 220 I.
1344 187 1422 222 387

84 303 159 326 cum
185 293 227 326 de
253 293 415 326 divisione
441 303 602 326 zonarum
628 292 789 336 exponit,
817 296 850 325 et
876 293 932 326 ubi
958 304 1033 328 eum
1060 295 1174 337 Ulyssi
1200 295 1233 328 in
1259 296 1424 339 eloquen-

83 360 129 391 tia
156 359 324 402 praefert,
360 359 458 391 simul
485 356 582 391 huius
608 367 742 391 errores
774 367 890 390 omnes
918 361 1140 402 persequitur.
1191 361 1292 394 Dicas
1318 371 1422 394 zoua-

82 435 155 458 rum
180 426 300 458 saltem
325 424 490 457 rationem
521 423 684 467 explicari
709 423 869 456 debuisse
895 428 933 456 ut
956 425 1164 468 intelligeret
1188 424 1315 468 lector,
1341 427 1422 469 quid

82 491 186 523 vellet
219 493 320 533 poeta
356 489 399 522 de
433 490 541 522 altero
576 489 658 521 orbe
694 488 821 521 dicens,
872 488 1004 531 Audio,
1038 491 1139 523 modo
1175 491 1297 525 deinde
1328 492 1422 525 illum

81 556 222 588 alterum
249 556 366 588 orbem
401 556 510 599 ipsum
536 558 710 597 terrasque
737 557 771 586 et
797 554 962 596 populos,
996 566 1081 598 quos
1116 557 1161 589 ibi
1195 556 1423 590 debellaturus

81 625 172 654 esset
198 621 358 664 Messala,
384 621 512 655 diserta
536 621 765 663 descriptione
792 622 932 664 propius
957 621 1001 653 ob
1027 624 1142 656 oculos
1168 623 1263 656 nobis
1289 624 1422 667 posuis-

81 691 152 729 set,
179 686 242 721 hoc
268 688 357 720 enim
384 690 563 731 exspectat
588 687 697 720 lector
722 687 755 719 iu
780 697 816 719 re
846 691 913 719 tam
940 688 1032 720 mira.
1083 688 1154 721 Sed
1180 688 1223 721 de
1247 687 1297 722 his
1324 693 1424 733 poeta

81 753 154 796 ipse
179 751 259 785 nihil
285 757 447 794 noverat3
485 753 535 785 sic
569 751 714 785 redeunt
748 752 859 785 omnia
884 751 927 784 ad
957 751 1131 796 physicam
1166 765 1329 788 zonarum
1362 756 1425 789 de-

81 819 320 862 scriptionem,
360 830 423 852 nec
457 822 598 862 apparet
625 817 796 860 quomodo
830 827 872 851 eo
898 822 1060 852 venturus
1095 830 1157 853 nec
1181 821 1351 863 quomodo
1376 822 1423 854 ibi

80 896 134 918 res
160 890 318 928 gesturus
343 886 386 918 sit
410 885 569 918 Messala.
618 884 683 917 Est
712 885 818 927 igitur
850 885 949 928 plane
983 886 1092 919 inanis
1128 891 1286 929 ornatus,
1324 897 1425 930 quem

79 958 182 995 poeta
210 953 341 994 intulit,
376 952 626 996 expeditionem
652 952 759 995 ipsam
793 962 893 985 nemo
930 953 1037 986 credit
1064 959 1259 998 propterea.
1308 955 1346 988 In
1373 955 1425 987 al-

80 1020 153 1050 tera
180 1017 389 1060 digressione
414 1017 456 1050 de
495 1018 620 1059 Ulysse
646 1018 749 1051 etiam
783 1018 933 1061 apertior
957 1020 1135 1053 inutilitas.
1186 1021 1320 1065 Nempe
1346 1021 1425 1054 mali

80 1088 223 1127 poetae,
256 1083 512 1127 compositionis
537 1084 757 1116 accuratioris
783 1084 913 1125 ignari,
949 1085 1073 1128 cupide
1098 1087 1265 1129 arripiunt
1290 1088 1318 1120 si
1343 1087 1422 1130 quid

80 1154 235 1183 ornatum
262 1154 297 1182 et
322 1149 536 1193 splendorem
563 1149 684 1182 afferre
710 1149 861 1190 videtur,
895 1160 974 1183 vera
999 1154 1111 1185 autem
1139 1153 1195 1185 lex
1223 1154 1254 1186 in
1283 1163 1346 1186 usu
1371 1153 1424 1185 di-

80 1218 293 1259 gressionum
329 1221 381 1249 est
414 1222 451 1249 ut
486 1220 607 1258 poeta,
647 1216 711 1249 etsi
736 1215 892 1249 videatur
917 1216 1050 1259 digredi
1075 1219 1207 1261 longius
1232 1231 1250 1252 a
1276 1219 1425 1252 themate

79 1284 176 1325 quasi
211 1282 332 1315 ardore
365 1282 490 1324 ingenii
526 1282 707 1325 abrethS‚
747 1291 865 1314 revera
900 1285 1013 1315 tamen
1049 1293 1091 1316 ne
1124 1285 1263 1318 verbum
1289 1285 1425 1327 quidem

79 1349 171 1382 dicat
195 1359 502 1392 supervacaneum,
537 1352 571 1380 et
596 1347 685 1390 quod
712 1358 779 1381 nou
806 1350 998 1392 postuletur
1022 1361 1156 1384 summo
1184 1352 1324 1385 consilio
1350 1362 1425 1384 car—

78 1414 177 1448 minis
203 1417 237 1446 et
259 1412 338 1446 huic
362 1413 483 1456 prosit,
508 1413 790 1454 quemadmodum
810 1414 1002 1446 PrNDARth
1029 1414 1119 1448 fecit.
1170 1415 1221 1448 Ab
1247 1415 1310 1449 hoc
1338 1417 1425 1450 enirn

79 1480 212 1513 discere
245 1479 324 1512 licet
356 1489 470 1511 veram
507 1477 605 1511 huius
638 1477 687 1510 rei
715 1478 900 1519 rationem,
938 1483 974 1511 et
999 1480 1027 1512 si
1054 1481 1110 1522 qui
1144 1485 1223 1514 sunt
1258 1481 1425 1525 hodieque

78 1547 136 1590 qui
167 1556 242 1580 cum
268 1546 482 1579 HERMANNO
507 1543 603 1578 huius
628 1544 760 1578 fabulas
787 1556 848 1588 pro
881 1545 1152 1580 aber-rationibus
1178 1546 1323 1581 habeant
1349 1560 1426 1582 cum

79 1612 211 1654 reliquo
237 1611 385 1644 carmine
411 1621 528 1654 parum
553 1610 674 1650 nexis,
711 1609 849 1642 videant
874 1620 917 1643 ne
941 1621 1097 1654 magnam
1123 1614 1276 1647 iniuriam
1302 1614 1428 1648 saciant

80 1687 212 1710 summo
247 1680 371 1719 poetae
404 1679 438 1708 et
473 1685 549 1707 cum
584 1674 643 1706 tali
671 1675 903 1707 versificatore
928 1686 1005 1708 eum
1032 1682 1239 1721 comparent.
1296 1680 1366 1712 Sed
1393 1681 1425 1712 iu

79 1744 168 1777 viam
193 1742 352 1776 redimus.
411 1742 500 1775 Sunt
524 1741 670 1774 enim‘iu
696 1739 760 1773 hoc
785 1742 936 1775 carmine
962 1747 1140 1786 praeterea
1165 1745 1268 1778 etiam
1295 1746 1425 1778 minora

79 1809 172 1842 varia
197 1809 312 1852 inepte
337 1808 448 1852 posita
471 1812 506 1841 et
531 1808 564 1840 in
589 1808 712 1850 quibus
737 1808 898 1842 iudicium
919 1809 1103 1845 desideres.
1153 1812 1212 1845 Sic
1237 1822 1269 1845 v.
1289 1813 1335 1845 40
1351 1823 1424 1855 sqq.

79 1875 138 1908 ubi
164 1874 297 1907 laudem
326 1873 494 1906 sorensem
521 1878 555 1906 et
579 1874 758 1907 militarem
783 1876 961 1917 aequalem
988 1876 1070 1909 dicit
1096 1877 1129 1910 iu
1156 1877 1316 1920 Messala,
1343 1877 1426 1913 haec

81 1950 136 1973 res
170 1940 423 1983 comparatione
455 1940 604 1972 trutinae
635 1939 751 1983 inepta
784 1940 991 1983 illustratur,
1030 1942 1073 1974 ad
1107 1943 1203 1975 cuius
1235 1954 1426 1979 mensuram

82 2007 163 2039 talia
189 2017 288 2040 nemo
315 2007 507 2040 examinare
532 2002 661 2050 cupit.¹
699 2006 828 2040 Similis
863 2008 1000 2050 generis
1024 2013 1102 2042 sunt
1128 2010 1265 2052 putidae
1288 2011 1426 2044 divisio-

81 2084 142 2108 nes
177 2078 211 2108 et
246 2075 481 2108 distinctiones
515 2086 546 2108 v.
572 2078 617 2108 25
644 2085 740 2117 sqq.,
779 2085 808 2107 v.
833 2070 901 2108 201
929 2086 1002 2118 sqq.
1063 2077 1215 2120 Denique
1240 2088 1305 2111 non
1333 2082 1427 2111 tenet

80 2145 155 2169 eam
181 2137 382 2170 elocutionis
407 2137 562 2180 poeticae
587 2140 695 2168 artem
722 2140 843 2179 poeta,
869 2147 955 2179 quae
978 2138 1136 2182 periodos
1157 2140 1270 2173 variae
1293 2141 1427 2183 magni—

81 2202 208 2235 tudinis
236 2204 418 2247 componit,
449 2214 539 2236 uunc
565 2203 748 2245 breviores,
775 2214 863 2237 nuuc
889 2204 1072 2247 longiores,
1096 2205 1156 2239 sed
1183 2207 1326 2249 singulis
1349 2216 1426 2240 ver-

79 2269 172 2302 sibus
197 2268 268 2302 sere
293 2280 354 2313 per
378 2273 484 2302 totum
511 2280 645 2303 carmen
671 2272 861 2304 sententiae
890 2272 1123 2306 terminantur.
1184 2273 1310 2306 Verum
1342 2273 1424 2305 satis

80 2345 168 2368 nunc
194 2335 236 2368 de
263 2334 324 2377 his,
349 2336 414 2368 alia
439 2336 470 2368 in
494 2335 735 2379 Explicatione
761 2341 929 2369 notamus.
981 2337 1120 2370 Studuit
1142 2338 1278 2380 quidem
1305 2341 1424 2371 auctor

79 2401 233 2441 ornatui,
271 2400 330 2433 sed
357 2411 423 2433 non
448 2405 624 2434 assecutus
656 2406 709 2434 est
734 2412 848 2435 veram
876 2403 994 2446 epicae
1019 2405 1179 2438 orationis
1204 2404 1425 2448 magnificen-

81 2467 175 2500 tiam.
225 2466 381 2500 Vidimus
408 2467 646 2500 tractationem
672 2468 836 2501 carminis.

174 2535 262 2568 Post
288 2533 372 2568 haec
397 2535 424 2569 si
451 2535 492 2568 de
518 2540 658 2569 auctore
685 2537 881 2579 quaeritur,
909 2538 1062 2581 potuisse
1088 2538 1175 2573 hunc
1201 2544 1337 2584 poetam
1364 2550 1425 2583 pro

81 2597 219 2632 Tibullo
244 2610 262 2632 a
289 2611 458 2643 quoquam
484 2599 598 2633 haberi
627 2603 773 2635 maxime
798 2603 918 2636 mirum
945 2604 1050 2638 videri
1076 2605 1188 2639 debet.
1239 2607 1305 2641 Qui
1337 2606 1424 2638 enim

81 2663 161 2697 vitia
191 2663 291 2697 modo
317 2665 460 2700 indicata
494 2670 529 2699 et
562 2666 753 2702 universum
788 2669 936 2703 colorem
970 2672 1125 2705 carminis
1151 2676 1280 2707 attente
1312 2674 1424 2706 consi-

967 2738 1050 2778 25*
