1721 2953
601 146 845 190 'l'lBULLL
1215 164 1387 191 cxxxvu

158 268 265 306 Tum
295 262 456 305 veniam
487 262 646 315 subito,
689 277 763 303 nec
794 262 1014 317 quisquam
1044 263 1204 303 nuntiet
1233 270 1347 313 ante,

213 340 294 381 Sed
323 339 465 380 videar
497 340 609 379 caelo
642 339 792 379 missus
824 338 964 378 adesse
997 340 1086 379 tibi.

46 416 173 456 Vides
204 413 561 466 amplificationem
591 414 952 466 simplieissimam3
993 423 1073 454 tam
1105 428 1251 466 parum
1281 414 1388 453 enim

48 492 190 530 ambae
224 489 381 528 formae
421 490 648 529 sententiae
683 491 882 542 cuiusque
919 488 1115 529 differunt
1154 497 1199 528 ut
1235 489 1391 529 similli-

45 579 135 605 mae
165 564 259 603 siut.
316 565 376 603 Ac
405 565 585 615 graviter
606 564 921 617 reprehendunt
950 567 1087 605 locum
1116 566 1147 610 Ι,
1171 570 1208 615 3,
1231 568 1305 605 71:

157 640 275 678 Tunc
305 639 421 690 niger
451 641 497 679 in
527 649 647 692 porta
682 650 921 692 serpentum
956 641 1163 680 Cerberus
1195 654 1266 679 ore

208 713 364 752 Stridet
403 723 442 753 et
471 723 629 754 aeratas
662 717 837 755 excubat
871 724 965 755 ante
997 717 1130 764 sores,

44 786 114 827 sed
155 787 331 837 iniuria,
387 788 558 830 docente
601 789 909 830 Commentario
953 798 1110 830 nostro.
1185 787 1394 827 Vitiosum

46 862 167 901 etiam
195 863 261 901 hic
293 864 398 903 nihil
429 873 508 914 est,
540 879 633 903 cum
663 865 830 904 minime
861 864 1038 905 debilior
1069 865 1121 904 sit
1149 865 1397 916 pentametri

45 938 271 988 sententia,
315 947 354 978 et
393 940 614 979 observare
652 941 953 993 simplicitatem
989 948 1136 993 poetae
1178 939 1396 987 debebant,

46 1028 133 1054 non
179 1028 369 1054 accusare
413 1016 728 1067 negligentiam,
787 1030 893 1070 quae
943 1019 1070 1056 nulla.
1157 1016 1397 1068 Usurpatur

47 1099 186 1131 autem
221 1092 344 1142 vulgo
379 1091 436 1129 ita
466 1092 515 1130 ab
556 1105 603 1131 eo
640 1106 728 1142 res,
768 1100 812 1131 ut
845 1094 1045 1131 sententia
1077 1092 1121 1131 in
1155 1093 1396 1132 hexametro

48 1169 186 1221 posita
213 1168 412 1208 reddatur
440 1169 528 1208 aliis
557 1169 695 1209 verbis
724 1170 766 1208 in
797 1177 1079 1220 pentametro3
1119 1177 1252 1208 totum
1285 1170 1399 1209 disti-

49 1245 157 1283 chon
197 1242 383 1282 additum
423 1241 545 1282 video
579 1243 637 1293 II,
669 1246 713 1293 5,
745 1246 812 1282 59.
848 1244 891 1282 in
929 1244 1269 1294 ntagnificentiori
1311 1259 1398 1284 car-

48 1318 171 1357 mine.
240 1317 388 1370 Neque
421 1317 608 1357 invenias
642 1318 855 1356 Tibullum
891 1318 1073 1369 propriis
1111 1317 1224 1371 quod
1261 1320 1398 1358 verbis

50 1392 201 1432 dictum
246 1390 394 1430 deinde
439 1392 687 1444 amplificare
732 1392 926 1445 tropicis,
984 1394 1113 1434 veluti
1155 1395 1400 1447 Propertius

50 1468 144 1507 facit
178 1468 221 1517 I,
252 1471 299 1517 5,
332 1470 376 1506 3:

162 1539 274 1590 Quid
303 1541 379 1580 tibi
408 1540 492 1591 vis,
534 1539 711 1580 insane?
758 1555 873 1581 meae
907 1542 1060 1582 sentire
1089 1543 1289 1586 furores?

216 1616 391 1665 Infelix,
430 1629 632 1668 properas
668 1617 797 1656 ultima
826 1631 929 1656 nosse
961 1620 1085 1669 mala,

163 1691 211 1730 Et
239 1694 347 1730 miser
375 1694 513 1739 ignotos
542 1694 690 1740 vestigia
708 1691 816 1743 serre
842 1707 910 1745 per
937 1696 1058 1743 ignes,

221 1766 270 1804 Et
299 1766 418 1803 bibere
450 1779 470 1804 e
500 1772 579 1803 tota
607 1769 734 1803 toxica
768 1767 972 1805 Thessalia.

54 1841 113 1880 Ac
156 1841 282 1878 semel
324 1847 486 1878 tantum
524 1840 751 1891 mythicum
795 1854 922 1891 genus
962 1840 1291 1892 amplificationis
1333 1841 1404 1880 ad·-

56 1916 190 1954 hibuit
217 1914 260 1952 in
290 1913 632 1964 magnificentiori
663 1915 842 1953 carmine
873 1916 933 1965 ΙΙ,
964 1918 1010 1964 5,
1043 1921 1089 1955 7:

166 1989 248 2030 Sed
278 1988 432 2029 nitidus
465 1991 719 2043 pulcherque
751 1991 869 2030 veni:
911 2005 1021 2030 nunc
1052 1989 1179 2029 indue
1213 1999 1368 2031 vestem

224 2064 478 2116 Sepositam,
516 2068 658 2116 longas
691 2079 802 2104 nunc
838 2067 943 2105 bene
982 2074 1097 2118 pecte
1134 2079 1292 2116 comas,

170 2142 328 2194 Qualem
357 2147 392 2179 te
420 2148 625 2179 memorant
653 2143 816 2180 Saturno
843 2155 928 2191 rege
946 2140 1086 2193 fugato

226 2217 367 2254 Victori
390 2216 521 2254 laudes
550 2219 770 2254 concinuisse
797 2217 885 2255 Iovi.

61 2289 210 2339 Qualia
253 2291 496 2344 exquisitior
537 2305 602 2330 ars
646 2300 768 2331 amat.
852 2291 1024 2343 Saepius
1067 2305 1167 2330 vero
1212 2297 1409 2340 usurpata

60 2367 184 2406 Albio
215 2367 286 2405 illa
316 2366 452 2406 forma
483 2365 834 2418 amplificationis,
868 2367 942 2406 ubi
971 2366 1153 2417 generali
1187 2365 1409 2404 sententiae

62 2442 277 2482 subiicitur
321 2440 505 2481 eiusdem
548 2441 766 2494 specialior
809 2442 1060 2490 enuntiatio,
1116 2449 1185 2481 aut
1227 2441 1410 2492 specialis

64 2516 263 2556 sententia
301 2517 529 2557 absolvitur
560 2517 807 2568 generaliori
844 2516 954 2556 idem
990 2517 1153 2568 gravius
1186 2524 1410 2569 repetente.

65 2592 128 2629 De
163 2605 243 2644 qua
276 2592 386 2630 infra
421 2591 553 2631 dicam
588 2592 631 2630 in
663 2593 752 2632 loco
791 2590 840 2631 de
877 2592 1113 2644 anaphora,
1163 2605 1272 2630 nunc
1310 2590 1410 2629 nihil
