1721 2953
318 165 399 202 436
625 156 995 202 COMMENTAR.
1024 162 1083 203 IN
1113 163 1343 206 TIBULLI

318 279 433 311 iuvant
456 276 521 308 vim
546 274 745 307 sententiae.
794 274 975 309 Postremo
1005 277 1073 309 noli
1101 287 1176 310 cum
1204 279 1501 314 wtmnnnmcmo
1526 293 1587 315 nec
1612 282 1661 315 sit

317 345 466 387 cogitate
492 342 618 373 dictum
651 340 806 382 accipere
831 346 869 374 ut
896 343 1066 376 Graecum
1092 341 1151 375 οιῗκ
1178 340 1219 376 ἂν
1242 347 1313 390 εἴη,
1342 348 1402 380 sed
1429 349 1580 392 explica:
1612 346 1660 392 μ’)

315 412 375 454 εἴη.
438 407 581 440 Fallitur
619 405 706 438 enim
750 406 1068 442 Wmvnmmcnms
1109 421 1170 454 per
1208 415 1320 446 totum
1358 414 1531 448 Tibullum
1573 414 1660 449 bunc

316 486 412 509 usum
438 473 624 518 particulae
649 483 711 503 nec
735 481 883 515 negans,
919 474 961 507 de
987 486 1053 518 qua
1080 485 1116 508 re
1147 475 1190 508 ad
1214 476 1241 517 Ι,
1267 480 1298 518 1,
1323 480 1380 512 37.
1406 479 1562 512 diximus.
1612 480 1660 513 Et

314 552 402 576 nunc
428 539 562 583 quidem
587 549 694 581 parce
719 548 781 581 per
806 550 868 570 nec
893 539 942 571 sit
976 541 1113 574 acuisse
1145 543 1347 586 explicatur.
1372 561 1418 568 —
1455 545 1495 577 in
1533 557 1658 589 proe-

314 609 384 641 lia.
433 603 629 638 Damnanda
657 604 745 636 enim
781 603 843 637 fuit
869 605 991 638 lectio:
1027 605 1063 637 in
1083 613 1254 649 pectora,
1279 619 1353 641 cum
1381 617 1538 644 monente
1563 613 1659 645 Vos-

311 684 364 706 sm
390 682 456 704 non
483 674 575 715 petat
603 674 743 712 pectora
769 680 852 713 aper
875 671 935 704 sed
962 672 1068 703 latera
1097 675 1132 704 et
1157 683 1260 705 coxas
1287 673 1426 716 obliquo
1456 676 1538 710 ictu.
1587 677 1656 709 Ce-

308 743 418 773 terum
446 736 568 769 dicitur
600 735 635 767 in
669 735 848 769 arboribus
883 740 918 769 et
951 737 1044 770 saxis
1077 747 1201 771 acuere
1230 738 1359 773 dentes.
1383 759 1431 764 —
1467 743 1509 775 V.
1535 744 1557 774 5
1582 753 1655 785 sqq.

308 804 465 848 procul
500 802 697 836 abducit.
748 803 827 835 Dixi
862 803 968 837 videri
1000 805 1187 848 Sulpiciam
1225 806 1259 838 in
1295 807 1379 840 urbe
1411 818 1498 842 esse.
1548 809 1653 842 Cete-

282 912 290 917 ἱ
306 881 380 904 rum
405 879 543 902 sensus:
578 867 646 901 Sed
675 867 758 900 beu!
791 870 910 912 procul
936 869 1077 902 abducit
1106 881 1182 903 eum
1210 871 1317 905 Diana
1342 873 1464 905 iniecta
1489 884 1570 905 cura
1596 884 1654 906 ve-

305 936 405 970 nandi
440 934 470 968 h.
496 945 527 968 e.
560 933 693 974 studio,
733 938 771 965 ut
803 934 835 965 in
870 935 936 967 fine
973 934 1107 969 dicitur.
1157 936 1245 968 Sed
1278 937 1384 978 igitur
1417 937 1562 970 dolentis
1589 943 1651 971 est.

305 1003 465 1036 memus
490 1000 625 1043 scripsit
651 1010 767 1034 curas,
795 999 943 1032 Hsslen
969 1001 1212 1043 coniecturam,
1238 1000 1269 1034 h.
1296 1012 1420 1036 sensu:
1446 1004 1516 1036 Sed
1544 1005 1652 1038 Diana

303 1068 427 1100 amoris
452 1075 550 1098 curas
576 1075 619 1097 ex
644 1065 755 1097 animo
781 1066 933 1097 venantis
958 1065 1107 1098 abducit.
1156 1067 1226 1099 Sed
1252 1077 1295 1099 ne
1321 1069 1387 1100 alia
1410 1069 1650 1112 respondeam,

301 1134 378 1177 quis
414 1143 480 1165 non
518 1131 622 1163 sentit
654 1129 780 1173 procul
816 1134 957 1174 propter
992 1129 1181 1163 discessum
1216 1132 1249 1164 in
1284 1143 1386 1175 agros
1421 1134 1578 1168 dictum?
1604 1154 1650 1159 —

302 1200 412 1235 Quis
447 1198 590 1237 furor,
629 1195 672 1229 cf.
698 1195 792 1236 adl,
819 1198 869 1236 10,
897 1197 954 1228 33.
981 1213 1027 1218 —
1073 1206 1186 1237 quae
1219 1207 1356 1239 mens,
1395 1209 1482 1241 quae
1510 1201 1649 1243 insania,

301 1266 377 1309 quis
402 1265 525 1297 stultus
550 1262 671 1302 ardor,
704 1261 809 1293 veluti
845 1261 953 1295 Ovm.
981 1260 1066 1294 Met.
1093 1261 1136 1302 V,
1164 1264 1226 1294 14:
1266 1263 1366 1306 Quae
1392 1270 1426 1295 te
1453 1265 1651 1310 —faren-

301 1338 369 1363 tem
404 1341 498 1362 mens
534 1328 611 1372 agit
647 1328 684 1359 in
714 1327 879 1372 facinus,
944 1328 1031 1361 Vide
1057 1328 1281 1362 Bssmmunm
1309 1334 1343 1363 et
1368 1332 1581 1366 Scmnnmm
1607 1334 1649 1367 ad

299 1397 419 1430 Horat.
442 1395 550 1437 Epist.
575 1394 601 1434 1,
621 1396 655 1433 2,
675 1396 732 1425 60.
783 1392 902 1424 Monet
928 1394 1029 1424 etiam
1057 1393 1228 1426 HnYmos
1254 1394 1316 1427 hoc
1343 1396 1420 1428 ioco
1446 1402 1479 1429 et
1502 1398 1649 1430 Hosmr—

298 1472 380 1494 Kms
414 1471 490 1493 cum
525 1460 676 1490 Satvrio.
726 1458 1043 1491 Wuivossnmcnws
1074 1460 1205 1492 confert
1229 1461 1339 1494 Sovn.
1366 1462 1527 1496 Trachin.
1554 1467 1646 1498 882:

297 1530 350 1563 τίς
378 1522 490 1564 θυμὸς
520 1520 539 1568 ἢ
564 1527 652 1560 Time
675 1518 786 1562 νόσοι,-
810 1539 857 1548 -·
896 1523 1060 1556 densos
1094 1525 1312 1568 indagine
1346 1528 1491 1561 colles
1519 1529 1646 1561 Clau-

296 1594 486 1628 dentem.
537 1592 619 1634 Apri
654 1601 729 1623 cum
756 1591 901 1623 maxime
935 1591 968 1622 in
1002 1592 1145 1624 vallibus
1178 1594 1335 1625 concavis
1361 1598 1551 1636 morentur,
1587 1595 1646 1628 bas

298 1661 370 1694 fere
396 1660 537 1701 cingunt
561 1656 691 1689 retibus
717 1659 912 1696 venatores,
938 1659 1079 1688 notante
1105 1656 1255 1690 HnYNxo
1283 1657 1324 1690 ad
1349 1658 1376 1698 Ι,
1401 1661 1434 1700 4,
1460 1662 1517 1693 49.
1542 1661 1647 1693 veluti

296 1728 403 1761 Ovm.
440 1727 513 1758 Art.
550 1724 624 1756 Am.
660 1721 687 1762 Ι,
722 1723 778 1754 46.
821 1721 905 1753 Met.
942 1721 1035 1762 VIII,
1072 1723 1262 1756 334-338.
1308 1723 1456 1757 VmGlL.
1489 1726 1573 1760 Aen.
1600 1726 1644 1768 X,

293 1794 466 1826 707-710.
517 1787 616 1821 Unde
642 1787 789 1821 Vossms
812 1785 875 1819 hoc
903 1787 979 1819 loco
1006 1785 1143 1820 damnat
1168 1798 1198 1821 v.
1227 1787 1329 1821 colles
1355 1794 1390 1822 et
1419 1790 1537 1824 saltus
1561 1793 1644 1824 sub-

292 1860 413 1893 stituit.
479 1856 549 1890 Sed
587 1855 738 1888 defendit
777 1855 888 1887 locum
923 1854 1136 1887 Hoscmssus
1173 1855 1216 1888 ad
1253 1855 1280 1897 Ι,
1316 1858 1349 1898 4,
1384 1859 1442 1890 49.
1481 1862 1516 1891 et
1549 1859 1642 1902 prius

293 1926 543 1958 WmanR'rtJS
578 1923 611 1955 in
644 1922 800 1965 Epistola
833 1922 950 1954 critica
985 1933 1063 1966 pag.
1089 1924 1146 1956 84.
1196 1922 1260 1955 Est
1295 1923 1384 1957 enim
1417 1934 1471 1957 res
1506 1925 1640 1961 eadem.

292 1990 499 2032 Iuteiligitur
524 1999 605 2021 cava
631 1987 790 2020 convallis
816 1988 979 2020 montium
1005 1998 1066 2020 seu
1091 1988 1250 2029 collium,
1289 2000 1374 2031 quos
1410 1991 1549 2033 cingens
1583 1993 1638 2025 in-

292 2055 416 2097 dagine
450 2055 570 2087 vallem
606 2052 744 2084 claudis.
795 2053 931 2084 Densos
956 2057 1068 2086 autem
1095 2058 1177 2096 puta
1201 2054 1379 2088 arboribus
1413 2061 1449 2089 et
1473 2058 1639 2100 virgultis.

293 2122 418 2153 Cleua.
445 2120 487 2153 de
512 2120 591 2152 7Nat.
621 2119 660 2152 D.
687 2118 713 2159 I,
740 2121 795 2151 42.
826 2129 869 2151 ex
896 2125 1018 2163 poeta,
1060 2131 1151 2166 quae
1176 2120 1299 2152 Lemni
1325 2122 1508 2154 Nocturna
1533 2123 1638 2155 adita

291 2184 456 2217 colantur
490 2181 719 2217 silvestribus
752 2182 890 2227 sepibus
924 2183 1042 2218 densa.
1068 2200 1114 2208 —
1151 2185 1261 2218 Porro
1299 2186 1516 2221 claudere
1554 2199 1636 2232 pro-

290 2253 400 2297 prium
427 2261 502 2284 esse
530 2234 699 2284 venationi
727 2251 897 2284 HEYNros
922 2255 1016 2284 notat
1041 2251 1151 2284 allatis
1177 2252 1353 2296 exemplis.
1383 2269 1430 2279 —
1468 2253 1636 2287 Conside-

289 2318 378 2350 rabis
404 2317 549 2359 deniqne
575 2318 776 2351 sententiam
812 2319 958 2351 maxime
993 2320 1248 2352 convenientem
1277 2320 1431 2362 puellae,
1470 2330 1558 2361 quae
1582 2324 1635 2353 te-

291 2393 372 2416 nera
407 2382 557 2415 membra
592 2384 694 2416 amati
724 2385 811 2417 laedi
838 2395 903 2417 non
934 2386 1016 2417 vult.
1067 2385 1208 2418 Confert
1234 2386 1382 2418 Vossms
1410 2386 1509 2419 Bion.
1534 2386 1634 2427 ldyn.

291 2447 318 2489 Ι,
342 2450 398 2480 60.
425 2464 469 2474 --
519 2447 710 2483 hamatis
746 2451 890 2492 rubis,
931 2450 1071 2484 aduncis
1110 2452 1226 2494 spinis.
1288 2451 1422 2484 Laudat
1459 2451 1631 2486 Hermus

291 2513 390 2546 Ovid.
419 2513 503 2545 Met.
531 2514 575 2554 ll,
600 2517 689 2547 799:
727 2521 761 2547 et
789 2515 944 2548 hamatis
966 2515 1176 2559 praecordia
1200 2515 1357 2548 sentibus
1379 2515 1512 2559 implet.
1540 2534 1586 2542 —

383 2580 425 2613 V.
463 2582 606 2614 11-22.
668 2582 826 2615 Altera
866 2593 969 2626 pars
1009 2582 1242 2616 carminis.
1307 2581 1632 2616 Toleraturam

289 2649 434 2679 tamen
473 2655 517 2678 se
553 2645 690 2689 ipsam
730 2646 835 2681 haec
868 2647 1013 2682 omnia
1047 2647 1272 2688 affirmat,
1309 2647 1345 2680 si
1381 2646 1507 2681 modo
1539 2658 1632 2682 cum
