1721 2953
456 150 599 189 LIBR.
630 149 681 188 ΙΙ.
738 147 895 189 ELEG.
928 151 998 191 Ill.
1328 163 1403 196 241

71 270 128 298 aut
152 265 330 299 collocatio
358 268 450 297 certe
475 264 653 297 verborum
679 263 764 295 scita
799 264 831 295 in
858 273 944 297 novo
970 272 1135 300 commate
1161 270 1319 312 supplere
1346 271 1406 302 ‹le-

71 331 172 364 bebat
196 330 286 373 quod
311 330 426 370 deest3
462 328 642 361 dicendum
668 329 771 370 igitur
796 329 915 362 saltem
941 335 1032 364 erat:
1065 338 1097 362 el
1127 338 1256 376 pastos
1284 340 1407 377 polum

71 407 122 439 pr.
155 401 190 430 et
222 399 338 440 potum
372 399 498 438 pastas.
555 394 644 428 Nam
676 395 726 427 sic
761 394 894 428 demum
920 397 1076 432 distincta
1103 401 1272 443 oppositio
1297 411 1408 435 rerum

70 463 135 496 erit
167 465 201 494 et
225 464 318 494 recte
343 460 552 493 conformata
583 460 771 494 sententia:
810 462 900 495 Deus
926 464 1066 498 stabulis
1092 468 1264 510 expellere
1290 478 1408 502 vaccas

70 528 190 560 solitus
215 531 267 559 est
291 527 386 569 ipse,
420 530 454 559 et
479 537 556 559 cum
583 527 748 569 pavisset,
778 528 879 560 etiam
906 533 1021 571 potum
1047 530 1170 564 ducere
1195 532 1236 565 ad
1264 534 1408 568 [lumina.

69 592 168 626 Nunc
204 596 317 625 autem
350 593 498 625 imitator
532 592 666 634 Virgilii
701 592 803 625 etiam
842 593 993 627 ordinem
1032 596 1208 630 verborum
1247 597 1409 641 Virgilia-

70 668 148 692 num
175 659 333 700 retinuit,
359 658 448 702 apud
472 659 679 691 Vmelmunr
705 658 840 701 quidem
866 660 1049 703 optimum,
1076 663 1154 703 qula
1178 664 1246 696 illic
1272 675 1411 708 praece-

71 724 120 757 dit
142 736 269 768 pasce,
305 724 360 757 cui
395 725 590 768 oppositum
625 729 718 757 recte
750 729 802 757 est
829 731 974 768 polam,
1012 728 1101 769 apud
1127 728 1297 763 Tibullum
1332 741 1412 764 vero

70 793 202 833 salsum,
229 802 304 825 cum
334 792 418 824 alius
443 792 488 825 sit
510 792 724 825 antecedens
749 803 878 825 versus.
929 793 1023 827 Bene
1047 800 1199 829 senserat
1222 798 1311 839 quod
1337 800 1413 832 volo

70 858 279 898 pommus,
305 858 360 899 qui
380 857 532 900 scripsit:
558 858 637 900 Ipse
663 856 747 889 deus
772 856 900 890 solitus
925 857 1077 891 stabulis
1100 861 1269 905 expellere
1288 875 1414 898 vaccas

70 925 114 954 In
143 934 282 954 nemora
307 928 342 953 et
365 928 492 966 pastas
516 920 596 954 inde
620 921 752 966 referre
779 921 934 957 (ἷοηιιιηι,
969 924 1024 956 ubi
1050 929 1143 958 certe
1168 929 1414 970 oppositionem

72 999 183 1022 rerum
210 989 333 1021 claram
361 999 427 1021 non
453 989 676 1023 desiderabis.
735 991 848 1032 Atque
881 989 965 1023 haec
997 989 1167 1027 hactenus.
1216 993 1305 1027 Exin
1337 1005 1414 1028 cum

70 1064 154 1086 nova
182 1054 301 1086 lacuna
325 1058 504 1096 sequatur,
531 1055 729 1088 Powmiws
757 1055 846 1097 quod
873 1056 1041 1090 coniecit:
1075 1058 1148 1101 ipse
1173 1065 1207 1091 et
1234 1061 1415 1103 spumanti

62 1117 190 1161 fertur
224 1117 429 1150 mulctralia
459 1131 562 1150 succo
598 1119 763 1162 Implesse
791 1120 965 1162 expressis
988 1122 1126 1164 primus
1161 1124 1205 1156 ab
1241 1125 1416 1163 uberibus,

72 1184 104 1216 in
131 1195 172 1216 eo
199 1189 343 1217 mentem
371 1190 493 1227 poetae
519 1190 612 1219 recte
640 1187 819 1219 divinatam
855 1197 920 1220 non
950 1187 1087 1231 dubito,
1121 1191 1177 1232 qui
1204 1202 1290 1224 nunc
1314 1194 1414 1225 etiam

71 1250 114 1282 de
149 1251 236 1282 lacte
271 1255 306 1283 et
341 1261 441 1283 caseo
476 1251 602 1284 dixisse
639 1252 773 1284 videtur
811 1263 928 1286 amans
965 1256 1167 1289 rusticarum
1205 1267 1316 1290 rerum
1355 1257 1415 1288 de-

70 1315 282 1359 scriptiones.
331 1315 404 1348 Iam
425 1316 581 1348 convenit
604 1326 742 1348 ver-sust
770 1315 796 1345 Ε
812 1321 825 1348 t
851 1318 1042 1351 miscere
1067 1330 1182 1353 novo
1207 1320 1416 1354 docuisse

70 1381 264 1422 coagula
301 1380 430 1412 lacte.
481 1380 779 1412 Constructionem
815 1391 846 1412 v.
887 1381 1027 1413 miscere
1061 1394 1136 1416 cum
1170 1385 1316 1417 ablativo
1343 1385 1419 1418 vide

70 1446 176 1480 Ovm.
202 1446 286 1478 Met.
313 1445 374 1488 IV,
405 1448 455 1480 14.
499 1447 591 1480 Fast.
619 1447 679 1488 VJ,
708 1449 785 1482 170.
846 1447 931 1480 Add.
970 1448 1172 1483 RnnNKnN.
1207 1450 1342 1484 Dictata
1375 1453 1417 1484 ad

71 1512 170 1545 Orid.
207 1512 346 1546 Heroid.
384 1525 416 1556 p.
447 1515 505 1547 43.
553 1514 607 1547 Ad
643 1513 795 1559 coagula
832 1524 934 1557 porro
971 1515 1058 1548 conf.
1094 1516 1259 1550 VARRON.
1295 1517 1338 1549 de
1363 1518 1418 1550 Re

71 1577 171 1611 Rust.
197 1578 241 1619 II,
269 1581 324 1619 11,
348 1579 388 1611 4:
429 1579 469 1609 Ῑη
493 1577 599 1611 lactis
627 1576 712 1611 duos
739 1579 877 1623 congios
904 1579 1042 1612 addunt
1069 1582 1256 1626 coagulum
1280 1583 1420 1627 magni-

71 1644 193 1675 tudine
219 1643 323 1679 oleae,
355 1649 397 1675 ut
423 1650 531 1679 coeat,
558 1644 652 1689 quod
675 1644 797 1676 melius
822 1644 1014 1687 leporinam
1039 1652 1073 1677 et
1099 1646 1287 1679 haedinum
1314 1660 1419 1692 quam

71 1709 253 1754 agninum.
302 1708 381 1741 Alii
399 1720 466 1752 pro
494 1709 641 1753 coagulo
669 1708 809 1740 addunt
834 1708 875 1739 cle
898 1708 968 1752 fici
993 1721 1089 1742 ramo
1114 1710 1170 1742 lac
1203 1717 1238 1743 et
1269 1718 1419 1749 acetum,

72 1775 291 1819 adspergunt
323 1775 407 1806 ilem
433 1774 515 1806 aliis
548 1775 686 1820 aliquot
719 1774 843 1811 rebus,
880 1775 975 1820 quod
999 1777 1123 1808 Graeci
1149 1777 1328 1820 appellant
1358 1778 1421 1809 ulit⁴

75 1837 181 1872 ὀπόν
220 1841 335 1883 (Hom.
361 1841 401 1874 11.
429 1841 468 1882 V,
493 1840 593 1883 902.)
630 1839 695 1871 alii
724 1837 937 1884 δάκρυον.
987 1841 1093 1875 Ρ1,1Ν.
1122 1842 1197 1883 vll,
1223 1844 1280 1874 23.
1302 1854 1327 1875 s.
1354 1845 1419 1875 63:

69 1907 133 1949 sici
160 1919 286 1939 succus
317 1907 454 1939 Zacleus
487 1906 578 1938 aceti
608 1912 777 1938 naturam
810 1903 928 1939 lzabet.
977 1907 1108 1951 Itaque
1134 1906 1289 1951 *coaguli
1322 1907 1419 1939 modo

74 1973 131 2004 lac
164 1971 355 2006 contrahit.
404 1974 518 2014 Atque
552 1970 637 2005 lianc
671 1981 742 2004 rem
778 1970 934 2004 docuisse
968 1976 1038 2004 tuin
1065 1972 1253 2015 Apollinem
1280 1983 1344 2006 non
1371 1975 1420 2006 in-

75 2042 154 2082 epte
190 2037 314 2071 dixerit
347 2037 523 2079 Tibullus,
561 2040 598 2069 ut
633 2037 797 2069 sententia
837 2046 902 2068 11011
937 2035 1061 2069 habeat
1101 2037 1191 2079 quod
1231 2037 1419 2082 displiceat.

73 2105 258 2138 Praeterea
294 2114 313 2136 e
350 2104 503 2146 sequenti
545 2104 620 2135 loco
655 2103 697 2135 de
734 2103 861 2135 fiscella
899 2106 1059 2136 contexta
1097 2107 1191 2147 patet
1226 2103 1419 2138 huiusmodi

75 2171 156 2214 quid
181 2181 200 2204 a
225 2170 362 2203 Tibullo
389 2170 441 2204 hic
466 2171 639 2214 scriptum.
689 2170 759 2203 Sed
785 2170 841 2212 qni
863 2171 1018 2212 sequitur
1045 2174 1275 2214 pentameter,
1301 2183 1420 2214 quarn-

76 2246 175 2279 quam
202 2240 301 2269 acute
321 2247 340 2268 a
359 2236 592 2268 LACHMANNO
614 2239 730 2269 nostro
754 2236 953 2269 emendatur
976 2236 1044 2268 sic:
1071 2238 1225 2269 Lacteus
1250 2243 1284 2268 et
1307 2237 1420 2269 mima

76 2302 293 2349 subriguisse
328 2302 463 2346 liquor,
503 2303 682 2335 Munssws
717 2303 830 2334 nula-11⁷3
863 2304 1077 2343 coniecerat,
1123 2304 1178 2335 iix
1212 2304 1420 2347 probabitur,

77 2372 210 2404 iunctus
244 2374 281 2402 ut
316 2369 389 2402 sieri
423 2369 525 2401 debet
561 2380 637 2402 cuni
671 2369 894 2402 antecedente
921 2380 1032 2403 versu.
1085 2371 1171 2404 Vide
1198 2374 1420 2405 sententiani:

77 2438 201 2471 Fertur
237 2437 358 2480 Apollo
391 2437 534 2477 coagula
570 2436 712 2469 miscere
744 2436 902 2469 docuisse
937 2447 1012 2469 cum
1048 2437 1136 2469 lacte
1168 2441 1202 2469 et
1228 2438 1278 2470 lac
1304 2448 1421 2470 revera

79 2503 222 2545 riguisse
256 2503 383 2534 mixtu:
424 2511 502 2533 nuni
539 2511 665 2543 quaeso
700 2506 767 2533 tam
801 2512 941 2542 magna,
978 2506 1045 2533 tam
1072 2501 1234 2535 mirabilis
1260 2502 1341 2535 llaec
1369 2513 1422 2535 res

81 2572 152 2607 est,
189 2571 226 2598 ut
258 2568 316 2599 tali
350 2567 575 2600 affirmatione
610 2569 812 2612 pentametri
846 2579 931 2612 opus
957 2568 1087 2601 fuerit?
1138 2568 1214 2611 Ego
1242 2569 1360 2602 dubito
1388 2574 1420 2601 et

79 2632 227 2665 ieiunum
252 2630 358 2665 liabeo
386 2636 654 2676 pentametrum3
679 2635 824 2667 alienum
852 2638 902 2666 est
930 2634 962 2666 in
989 2634 1182 2676 levioribus,
1210 2635 1421 2668 tennioribus

999 2706 1044 2740 16
