1721 2953
502 150 647 190 LlssP..
678 150 710 189 I.
769 149 928 191 ELEG.
959 152 1011 192 ΙΙ.
1374 155 1423 190 51

81 275 181 308 quam
217 264 440 299 constantiam
474 264 601 297 amoris
634 262 716 296 sui?
767 264 881 305 Atque
906 265 953 297 ita
978 265 1081 307 vulgo
1106 264 1345 298 intellexerunt
1369 265 1422 299 in-

80 334 258 373 terpretes.
316 327 425 361 Video
450 331 563 361 tamen
589 328 750 362 Voss-nm
774 328 881 361 minas
907 329 1019 372 potius
1043 329 1186 372 inferre,
1222 330 1420 364 relicturum

78 400 213 438 poetam
238 393 369 426 Deliam
394 392 458 425 nisi
481 402 610 426 morem
641 396 761 435 gerat3
795 402 897 436 posse
922 394 1010 427 enim
1035 395 1102 429 alio
1125 399 1278 439 tempore
1303 397 1420 439 perfici

78 470 149 493 rem
173 470 194 492 a
223 469 304 501 saga
329 461 400 492 tum
424 459 604 502 inceptam.
667 459 739 492 Sed
765 469 828 493 nec
852 470 930 493 cum
955 461 1084 504 reliqua
1108 463 1238 495 ratione
1262 463 1420 497 carminis

78 525 163 558 bene
185 524 389 557 conveniunt
411 524 544 565 minae,
569 524 605 557 in
630 534 699 566 quo
724 534 792 557 non
816 530 998 559 accusatur
1020 528 1161 570 perfidia
1184 528 1324 570 Deliae,
1353 539 1418 563 nec

77 589 178 622 verba
212 593 250 622 ut
281 593 360 623 sunt
392 587 481 622 hunc
513 599 649 622 sensum
683 587 830 630 habent3
863 589 1020 624 Tibullus
1044 592 1135 626 clare
1159 592 1243 627 dicit
1266 604 1303 626 se
1326 594 1419 627 nolle

75 648 211 690 omuino
237 666 352 689 carere
378 666 477 700 posse
501 656 610 698 Delia,
636 655 758 698 quibus
782 655 922 689 credere
945 656 1118 693 debemus.
1167 660 1218 692 Ae
1238 658 1417 692 manifesto

75 727 166 758 errat
189 725 340 758 Vossius
365 724 556 767 explicans:
594 733 658 756 nec
693 724 793 756 velim
827 727 862 756 te
894 734 971 757 meo
1005 736 1120 759 amore
1153 737 1271 760 carere
1303 737 1415 771 posse,

74 791 166 834 quod
191 792 290 836 plane
314 802 382 825 non
405 791 539 826 dicitur.
586 792 774 834 Perspecta
800 791 905 834 igitur
929 803 1008 826 vera
1029 797 1145 827 mente
1164 798 1296 838 poetae,
1322 805 1415 829 nunc

74 859 178 892 etiam
201 859 284 892 illud
309 863 487 902 praeterea
511 859 660 899 senties,
693 857 786 890 nullo
811 858 914 892 modo
941 858 994 892 hic
1018 860 1119 892 finem
1147 871 1221 893 esse
1247 861 1415 896 carminis.

73 922 194 966 Neque
220 925 309 957 enim
333 924 390 966 qui
414 924 516 957 modo
541 934 638 956 orsus
664 928 716 957 est
741 925 784 958 de
809 934 926 957 amore
951 924 1087 968 dicere,
1123 928 1236 960 statim
1261 927 1417 961 desinere

73 987 175 1021 debet
199 993 234 1022 et
258 993 327 1022 tam
351 989 500 1023 breviter
523 988 662 1032 defungi
686 990 887 1032 gravissima
912 1001 968 1032 re,
1005 996 1042 1024 ut
1066 992 1150 1025 vidit
1175 993 1277 1026 etiam
1301 994 1418 1028 WUN-

72 1065 315 1096 mutuemus,
354 1067 418 1090 nec
441 1057 498 1099 qui
535 1056 577 1089 ad
612 1057 725 1090 exitus
757 1058 942 1091 carminum
975 1058 1211 1101 attenderunt,
1251 1058 1418 1094 distichon

72 1121 163 1163 quod
189 1123 333 1164 legimus
357 1123 512 1157 ultimum
538 1133 600 1167 pro
627 1124 779 1165 legitimo
813 1124 950 1168 poetico
979 1125 1047 1157 fine
1077 1126 1208 1167 elegiae
1233 1125 1416 1160 habebunt.

73 1189 171 1222 Quae
196 1199 251 1220 res
275 1192 344 1221 tam
368 1194 486 1232 aperta
512 1193 574 1231 est,
599 1194 637 1223 ut
661 1191 764 1223 mirer
788 1200 937 1233 unquam
960 1191 1060 1224 aliter
1083 1192 1202 1225 visum.
1220 1208 1267 1215 -·
1294 1192 1334 1226 V.
1359 1194 1416 1224 67.

72 1254 266 1288 Ferreus
291 1255 369 1288 ille
392 1255 480 1289 suit
504 1267 579 1299 sqq.
626 1256 873 1298 Constantiam,
897 1255 1010 1298 fidem,
1035 1256 1301 1298 magnitudinem
1319 1267 1416 1289 amo-

72 1322 118 1354 ris
142 1322 194 1354 sui
219 1326 320 1364 poeta
342 1332 432 1355 nunc
463 1322 601 1355 uberius
625 1323 795 1364 illustrat,
833 1322 976 1355 amatori
1008 1322 1144 1355 cuidam
1178 1323 1319 1365 Deliae,
1355 1323 1415 1365 qui

72 1397 146 1419 eam
170 1396 279 1430 nuper
303 1386 502 1420 deseruerat
525 1387 559 1420 in
584 1388 711 1420 bellum
735 1387 932 1430 profectus,
964 1397 1041 1420 sese
1067 1398 1242 1431 opponens
1267 1398 1416 1431 suosque

70 1461 200 1485 sensus.
248 1452 435 1494 Postquam
457 1452 562 1494 igitur
583 1451 668 1484 dixit
692 1455 731 1484 ut
754 1451 917 1485 vidimus:
942 1451 1051 1485 restiti
1077 1452 1295 1486 exstinctioni
1319 1464 1417 1488 amo-

69 1519 116 1552 ris
140 1529 160 1551 a
183 1529 267 1561 saga
290 1520 496 1562 promissae,
522 1529 585 1552 nec
609 1519 709 1552 velim
735 1522 770 1551 te
791 1529 910 1552 carere
934 1529 1055 1562 posse,
1080 1518 1258 1552 commode
1283 1519 1414 1563 pergit:

68 1596 168 1628 „nam
193 1585 251 1628 qui
277 1595 384 1628 nuper
408 1589 443 1618 te
468 1584 605 1627 reliquit
630 1568 760 1627 ploriae
783 1589 817 1617 et
841 1583 989 1627 praedae
1015 1584 1169 1616 militaris
1194 1595 1314 1626 causa,
1344 1585 1416 1619 ser-

69 1663 147 1686 reus
183 1652 248 1685 fuit
279 1662 344 1685 nec
375 1655 486 1684 tactus
521 1661 623 1684 sensu
658 1661 740 1684 vero
777 1650 925 1690 amori53
963 1660 1029 1691 ego
1063 1653 1178 1683 autem
1214 1654 1283 1683 tam
1316 1651 1414 1684 firmo

69 1730 185 1752 amore
210 1723 244 1752 te
268 1729 356 1759 amo,
381 1722 419 1750 ut
443 1719 497 1751 vel
524 1721 761 1761 paupertatem
787 1718 898 1750 laetus
923 1717 1128 1749 toleraturus
1152 1717 1227 1757 sim,
1259 1717 1287 1749 si
1312 1717 1415 1750 modo

70 1790 182 1817 tecum
207 1785 320 1817 vivere
345 1783 479 1816 liceat.“
528 1783 644 1818 Quare
670 1782 781 1815 nullus
806 1780 859 1814 hic
884 1780 992 1814 hiatus
1019 1779 1291 1824 deprehenditur.
1340 1781 1415 1814 Nec

69 1850 127 1883 ubi
152 1861 206 1883 res
231 1854 299 1883 tam
326 1848 413 1882 bene
440 1847 643 1889 cohaerent,
668 1847 853 1890 particulas
878 1846 1040 1879 transitus
1065 1846 1192 1879 arctius
1214 1846 1415 1889 copulantes

70 1915 300 1957 desiderabis,
337 1915 460 1958 quibus
493 1915 600 1947 fracta
635 1918 726 1947 esset
757 1914 808 1947 vis
840 1913 1014 1947 orationis.
1078 1913 1280 1945 Desinamus
1310 1907 1416 1954 igitur

70 1980 232 2014 divellere
265 1990 354 2022 quae
385 1980 486 2012 unius
517 1979 677 2013 carminis
711 1982 813 2019 sunt3
851 1988 974 2011 novum
1000 1988 1136 2011 carmen
1161 1978 1251 2021 quod
1277 1979 1416 2020 fingitur

69 2047 197 2080 nullum
223 2049 294 2087 est,
328 2056 391 2079 nec
415 2045 566 2089 postulat
593 2045 696 2077 talem
721 2044 924 2077 sententiam
948 2044 1002 2076 vel
1027 2043 1247 2087 principium,
1280 2042 1322 2076 de
1348 2053 1416 2085 quo

70 2113 334 2156 disputavimus,
368 2112 421 2144 vel
451 2115 566 2144 cetera
591 2121 680 2154 quae
705 2114 903 2154 sequentur.
948 2111 1034 2144 Post
1059 2108 1142 2142 haec
1167 2112 1205 2142 ut
1229 2108 1273 2141 ad
1297 2109 1415 2151 singu-

68 2178 179 2211 lorum
203 2177 516 2220 interpretationem
539 2177 724 2217 veniamuS‚
751 2176 897 2220 primum
929 2175 971 2209 de
997 2174 1133 2209 homine
1158 2174 1339 2208 dicendum
1364 2177 1418 2207 est

69 2243 127 2285 qui
151 2242 205 2276 hic
237 2243 458 2285 significatur.
517 2243 757 2287 Maximopere
787 2244 912 2277 erravit
938 2243 1086 2276 Vossms
1113 2241 1287 2275 Tibullum
1312 2240 1355 2274 de
1379 2250 1417 2274 se

69 2311 162 2353 loqui
186 2314 329 2354 putans,
355 2310 412 2353 qui
437 2309 586 2342 ferreum
609 2320 648 2342 se
675 2309 786 2352 dicat,
812 2309 902 2352 quod
925 2309 1100 2352 reliquerit
1125 2309 1257 2342 Deliam
1281 2308 1315 2341 in
1342 2308 1418 2342 bel-

69 2376 138 2409 lum
166 2375 362 2419 profectus3
398 2384 476 2408 esse
501 2374 591 2408 enim
617 2372 701 2407 haec
726 2374 853 2418 scripta
877 2384 954 2408 cum
977 2374 1155 2409 debellatis
1181 2374 1359 2416 Aquitanis
1383 2374 1416 2406 in

71 2441 248 2474 Orientem
272 2441 448 2483 navigaret
473 2450 550 2473 cum
575 2439 737 2473 Messala.
791 2439 894 2475 Quod
919 2441 1111 2474 reiecerunt
1134 2441 1201 2474 iam
1226 2440 1417 2473 Wuunnn-

71 2517 216 2541 menius
242 2511 277 2541 et
300 2507 526 2541 Huscfflcms.
580 2506 649 2542 Qui
674 2506 775 2540 dicit:
806 2506 953 2552 ferreus
977 2506 1036 2539 ille
1056 2506 1141 2552 fait
1165 2525 1212 2532 -
1236 2505 1312 2551 ipse
1332 2518 1419 2550 pos-

70 2574 134 2607 sim
160 2577 247 2615 ete,
285 2578 352 2608 tam
387 2574 546 2607 distincte
583 2573 757 2616 loquitur,
796 2583 896 2615 quam
922 2573 996 2606 fieri
1021 2573 1157 2607 omnino
1183 2576 1316 2616 potest,
1357 2581 1420 2604 nec

71 2644 224 2684 tempora
257 2639 390 2674 diversa
426 2641 524 2674 unius
561 2650 747 2683 personae,
781 2639 842 2674 sed
876 2650 1040 2684 personas
1067 2640 1151 2674 duas
1177 2639 1328 2674 diversas
1353 2636 1418 2671 sibi

980 2709 1004 2746 4
