1721 2953
321 123 387 168 90
672 124 912 169 TIBULLI
963 125 1077 171 LIB.
1108 126 1181 174 IV.
1207 136 1241 173 4.
1267 136 1301 173 5.

320 247 509 293 25Tunc
542 258 580 293 te
616 245 789 293 felicem
824 246 940 294 dicet
973 248 1048 314 pia
1085 249 1215 296 turba
1254 249 1464 308 deorum,

449 332 686 399 Optabunt
722 345 837 380 artes
876 345 917 381 et
952 334 1037 382 sibi
1071 336 1260 401 quisque
1298 348 1407 383 tuas.

746 590 1119 632 CARMEN
1185 593 1238 632 V.

361 674 490 783 Qui
509 717 617 764 mihi
639 729 692 775 te,
730 718 954 777 Cerinthe,
985 718 1078 765 dies
1103 717 1239 776 dedit,
1267 718 1339 765 hic
1359 718 1467 764 mihi
1489 730 1668 765 sancius

440 803 587 868 Atque
625 804 741 851 inter
774 804 910 851 festos
945 822 1122 869 semper
1158 803 1399 850 habendus
1431 804 1523 849 erit.

366 889 430 936 Te
466 902 676 937 nascente
714 909 881 937 novum
918 891 1088 937 Parcae
1127 890 1326 937 cecinere
1362 889 1523 955 puellis

433 976 675 1022 Servitium
708 988 750 1024 et
786 976 1010 1023 dederunt
1046 994 1186 1039 regna
1217 975 1414 1040 superba
1446 974 1538 1021 tibi.

333 1064 492 1110 5Uror
512 1081 594 1126 ego
612 1074 712 1110 ante
731 1063 863 1110 alias:
898 1063 1021 1110 iuvat
1031 1063 1133 1120 hoc,
1158 1062 1380 1119 Cerinffie,
1402 1061 1526 1126 quod
1546 1080 1667 1117 uror,

429 1150 478 1196 Si
514 1149 595 1196 tibi
627 1149 681 1196 de
711 1149 844 1196 nobis
876 1160 1057 1196 mutuus
1094 1148 1213 1212 ignis
1251 1147 1387 1194 adest.

364 1237 551 1282 Mutuus
589 1235 707 1282 adsit
744 1254 892 1291 amor,
939 1253 1020 1300 per
1054 1246 1095 1281 le
1133 1233 1391 1280 dulcissima
1426 1233 1546 1279 furta

427 1321 603 1385 Perque
640 1332 740 1367 tuos
778 1319 932 1367 oculos
969 1339 1051 1384 per
1084 1319 1369 1384 Geniumque
1406 1337 1530 1380 rogo.

366 1406 502 1452 Mane
540 1406 682 1466 Geni,
732 1423 839 1470 cape
873 1416 973 1451 tura
1006 1404 1152 1451 libens
1186 1404 1389 1468 votisque
1424 1404 1594 1458 faveto,

310 1502 357 1537 10
435 1491 483 1538 Si
518 1491 679 1548 modo,
726 1510 826 1538 cum
860 1490 914 1537 de
951 1508 1020 1536 me
1058 1490 1244 1553 cogitat,
1284 1488 1357 1535 ille
1390 1487 1512 1536 calet.

364 1579 504 1643 Quod
540 1579 577 1626 si
608 1579 723 1626 forte
761 1578 871 1625 alios
902 1578 993 1625 iam
1026 1597 1147 1625 nuuc
1185 1577 1383 1642 suspirat
1418 1596 1615 1633 amores,

430 1667 561 1712 Tune
595 1683 755 1729 precor
790 1663 980 1720 infidos,
1027 1674 1204 1719 sancte,
1251 1662 1454 1727 relinque
1490 1662 1626 1709 focos.

359 1752 450 1798 Nec
489 1762 532 1797 [u
570 1750 630 1797 sis
668 1750 856 1807 iniusta,
901 1751 1077 1797 Venus:
1129 1748 1195 1794 vel
1231 1748 1391 1795 serviat
1429 1767 1568 1813 aeque

433 1836 622 1883 Vinctus
659 1847 845 1900 uterque
882 1834 987 1891 tibi,
1034 1834 1101 1880 vel
1139 1852 1235 1881 mea
1272 1834 1414 1881 vincla
1451 1833 1559 1884 leva.

312 1920 460 1968 15Sed
495 1921 645 1985 potius
680 1920 826 1967 valida
858 1932 1089 1966 teneamur
1124 1931 1309 1984 uterque
1345 1931 1526 1976 calena,

427 2006 560 2054 Nulla
596 2019 730 2072 queat
764 2006 952 2071 posthac
988 2025 1073 2053 nos
1109 2005 1298 2053 soluisse
1332 2005 1438 2052 dies.

402 2182 444 2216 V.
465 2185 496 2216 1.
531 2182 619 2218 Qui
649 2180 754 2215 mihi
789 2181 913 2214 CuxAc.
940 2191 1023 2215 νΕΤ.
1080 2181 1146 2213 Est
1176 2180 1237 2226 qui
1266 2181 1381 2213 ceteri.

398 2248 442 2281 V.
461 2250 493 2281 9.
528 2247 625 2280 Libri
658 2247 799 2280 Mane.
861 2248 1019 2280 Puccms
1046 2245 1162 2280 Alme.
1225 2246 1338 2288 Vulgo
1364 2247 1497 2290 Magne
1526 2245 1656 2278 incerto

305 2315 454 2345 auctore.
514 2313 725 2345 Alterutrum
760 2322 878 2345 verum
911 2312 1043 2345 videtur
1075 2311 1188 2344 iudice
1223 2311 1424 2345 Huscnxxo.
1451 2328 1495 2333 -—
1552 2313 1655 2341 tura

305 2378 454 2421 optimae
489 2382 590 2410 notae
623 2377 697 2410 libri
728 2376 841 2411 Esson‚
868 2381 902 2411 et
929 2378 1054 2410 Pizus.
1081 2380 1116 2410 et
1142 2388 1171 2410 c.
1198 2377 1301 2409 Anno
1337 2376 1536 2409 Selmena.
1587 2374 1653 2406 Alii

307 2444 408 2476 dona.

399 2518 440 2551 V.
458 2520 511 2550 16.
539 2527 625 2549 uos.
676 2518 851 2550 Puccms:
884 2518 960 2558 „vel
987 2515 1126 2562 qu‹1m‘',
1151 2515 1240 2558 quod
1266 2515 1366 2546 etium
1394 2514 1425 2546 iu
1448 2512 1545 2548 codd.
1570 2522 1652 2546 nou—

306 2584 413 2617 uullis.
466 2582 531 2615 Alii
558 2581 701 2624 denique
732 2583 848 2615 aliter.
884 2580 1094 2617 exsoluisse,
1131 2578 1332 2612 dissoluisse
1362 2584 1426 2612 cet.
