1721 2953
256 113 336 147 286
575 103 945 148 COMMENTAR.
975 107 1033 148 IN
1064 106 1293 148 TIBULLI

258 222 334 256 inde
360 219 556 262 Lavinium,
586 220 748 253 maiorem
773 219 890 255 sedem
916 222 1074 263 Aeneae,
1099 226 1273 266 postremo
1299 224 1420 258 Albam
1446 224 1601 270 Longam

261 288 407 322 Ascanii.
467 286 580 330 Atque
620 285 704 321 haec
742 283 916 322 hactenus.
976 288 1077 323 Nunc
1110 294 1290 334 postquam
1329 292 1462 336 singula
1500 294 1603 327 verba

256 353 527 387 antecedentium
573 351 792 387 distichorum
833 354 1146 398 consideravimus,
1198 358 1299 392 etiam
1351 358 1391 391 de
1436 358 1603 393 universa

256 418 471 452 tractatione
509 418 576 452 Ioci
615 421 776 454 nonnulla
813 420 987 456 addamus.
1046 423 1242 458 Historicus
1279 424 1364 458 ordo
1398 436 1513 460 rerum
1547 426 1601 461 hic

255 488 348 519 erat:
382 484 539 530 Iuppiter
562 486 716 529 assignat
739 486 802 520 tibi
823 486 1016 522 Laurentes
1040 498 1164 532 agros3
1195 490 1315 534 positis
1340 492 1460 526 castris
1485 493 1519 527 in
1545 494 1604 527 lit-

253 556 328 586 tore
352 552 488 586 Tiberis
514 562 594 586 mox
619 552 834 597 hospitaliter
858 558 1024 599 exceptus
1050 565 1070 589 a
1094 555 1228 589 Latinis
1253 558 1381 592 condes
1411 558 1603 602 Lavinium,

254 619 369 653 vinces
393 619 516 654 deinde
541 619 632 653 bello
651 620 826 663 Turnum,
851 621 998 665 denique
1022 621 1215 655 adscende-s
1239 622 1283 656 ad
1308 623 1411 666 deos,
1435 625 1604 659 Ascanius

252 690 369 720 autem
407 689 526 730 postea
562 685 683 719 Albam
717 686 884 722 fundabit.
943 686 1044 721 Nunc
1079 687 1158 721 vide
1194 691 1313 722 contra
1347 688 1603 732 dispositionem

252 756 377 796 poetae
402 752 632 796 praeclaram,
666 751 723 794 qui
758 756 864 786 totam
899 762 971 785 tem
1004 752 1038 785 in
1071 755 1143 786 tres
1181 756 1297 796 partes
1329 752 1470 796 dividit,
1507 754 1603 798 quasi

252 818 397 852 totidem
433 817 510 851 visa
549 822 585 851 et
620 817 794 864 imagines
830 817 996 852 exhibens
1035 828 1073 852 se
1110 818 1274 864 deinceps
1309 820 1534 856 succedentes
1568 822 1602 856 in

251 887 364 921 animo
397 887 495 921 vatis.
553 885 642 920 Nam
673 885 827 930 primum
862 887 995 930 Sibylla
1028 884 1092 921 hoc
1126 886 1227 921 dicit:
1263 887 1419 933 Iuppiter
1451 889 1603 932 assignat

252 952 315 986 tibi
346 952 539 986 Laurentes
572 962 696 995 agros,
731 951 790 984 ubi
817 950 1031 996 hospitaliter
1055 955 1222 996 exceptus
1247 957 1422 996 postremo
1447 964 1510 998 pro
1535 953 1602 988 deo

252 1021 373 1054 coleris
398 1020 540 1063 ablutus,
559 1019 649 1053 unda
674 1018 833 1062 Numici,
859 1022 967 1053 totam
994 1018 1145 1052 futuram
1171 1020 1274 1053 vitam
1300 1020 1436 1054 Aeneae
1460 1021 1509 1054 sic
1536 1031 1603 1054 uno

251 1087 376 1119 intuitu
412 1087 644 1130 complectens
677 1084 880 1118 summatim.
930 1083 1085 1119 Deinde,
1122 1088 1161 1117 ut
1195 1085 1254 1127 qui
1288 1084 1415 1118 diutius
1439 1086 1601 1119 intuendo

252 1155 413 1196 paulatim
439 1155 541 1188 etiam
568 1155 664 1198 plura
689 1153 822 1195 singula
849 1156 1012 1194 cernunt,
1049 1152 1238 1186 Victoriam
1269 1153 1361 1186 videt
1385 1164 1489 1198 super
1514 1155 1602 1187 clas—

250 1231 323 1255 sem
349 1221 599 1265 appelleutem,
636 1223 671 1253 et
706 1219 860 1254 incendia
891 1222 1081 1253 castrorum
1107 1219 1314 1253 Rutulorum
1340 1219 1516 1262 Turnique
1541 1229 1601 1252 ne—

249 1297 336 1322 cem.
385 1286 548 1332 Denique
579 1297 617 1320 se
644 1286 745 1320 urbes
771 1297 908 1329 quoque
933 1287 1081 1320 offerunt
1106 1287 1307 1330 conspectui
1334 1287 1407 1320 eius
1432 1298 1452 1319 a
1477 1287 1601 1320 Troia-

249 1352 301 1384 nis
326 1351 543 1392 condendae,
577 1351 682 1383 Troia
707 1361 815 1392 nova,
851 1351 1050 1393 Lavinium,
1087 1352 1185 1385 Alba.
1243 1352 1334 1387 Quid
1363 1350 1424 1384 hac
1451 1352 1600 1395 disposi-

251 1419 344 1451 tione
370 1422 494 1461 poetae
520 1417 665 1460 aptius?
714 1417 836 1450 Diride
861 1417 968 1460 igitur
993 1417 1036 1450 ad
1071 1417 1213 1451 eandem
1238 1428 1389 1450 normam
1415 1418 1519 1451 etiam
1544 1428 1600 1450 se-

249 1484 399 1526 quentia.
459 1482 586 1516 Cernet
623 1482 712 1515 enim
747 1492 836 1516 nunc
874 1482 950 1515 alia
985 1482 1148 1526 deinceps
1186 1484 1315 1517 visione
1349 1483 1482 1526 Sibylla
1515 1484 1600 1517 lliae

252 1551 446 1594 Martisque
477 1550 677 1594 amplexus,
717 1549 792 1581 alia
818 1548 965 1594 denique
988 1549 1123 1582 Romae
1148 1550 1415 1591 magnitudinem
1439 1550 1599 1584 futuram.

250 1617 401 1659 Respice
425 1615 572 1658 denique
596 1618 703 1648 totam
727 1615 862 1656 seriem,
888 1613 1071 1647 adventum
1096 1614 1234 1648 Aeneae
1258 1616 1291 1648 in
1318 1616 1464 1658 Italiam,
1490 1618 1600 1650 victo-

248 1682 350 1724 riam,
375 1682 478 1714 urbes
504 1692 523 1714 a
548 1680 707 1714 Troianis
729 1679 901 1720 conditas,
926 1678 1067 1712 Romuli
1092 1679 1280 1722 originem,
1306 1681 1440 1714 Romae
1465 1682 1600 1714 nuntia-

249 1753 317 1781 tam
343 1746 623 1790 magnitudinem,
649 1750 684 1779 et
705 1745 836 1779 videbis
860 1745 1054 1778 continuam
1079 1745 1316 1788 gradationem
1343 1758 1418 1780 esse
1445 1759 1464 1780 a
1488 1749 1599 1792 primo

249 1818 421 1847 momento
447 1813 490 1846 ad
516 1813 692 1853 ultimum,
730 1821 798 1853 quo
822 1811 936 1844 omnia
963 1811 1118 1846 tendunt.
1145 1831 1191 1838 ·-
1233 1813 1276 1847 V.
1301 1817 1345 1847 51
1371 1825 1446 1857 sqq.
1494 1815 1597 1858 Ilia,

249 1880 442 1914 Numitoris
466 1881 547 1921 filia,
577 1880 674 1921 virgo
697 1879 857 1920 Vestalis,
883 1889 960 1912 cum
985 1879 1126 1913 exiisset
1150 1889 1272 1922 aquam
1297 1880 1447 1924 petitura
1473 1881 1599 1925 placuit

256 1949 381 1990 Marti,
415 1951 453 1980 ut
478 1950 622 1980 constat.
672 1946 915 1989 placitura.
962 1947 1002 1980 Si
1026 1946 1076 1980 ita
1101 1945 1228 1980 dictum
1254 1951 1363 1981 esset:
1400 1949 1437 1980 tu
1462 1957 1599 1989 quoque

251 2013 356 2046 Marti
382 2013 548 2057 placitura
574 2011 754 2045 deseruisti
780 2013 937 2046 Vestales
961 2011 1075 2054 focos,
1115 2023 1143 2046 s.
1176 2016 1210 2046 te
1238 2012 1334 2046 video
1367 2012 1463 2046 focos
1497 2012 1598 2045 dese-

248 2080 357 2113 ruisse
383 2080 596 2123 placituram,
622 2080 722 2112 tribui
743 2080 864 2122 virgini
890 2081 1020 2114 Vestali
1045 2081 1203 2115 crederes
1228 2081 1403 2114 consilium
1429 2080 1597 2124 placendi,

248 2148 338 2190 quod
365 2158 406 2181 ne
433 2147 535 2181 facias
563 2148 660 2180 aliam
687 2148 771 2180 scite
797 2148 1085 2181 constructionem
1112 2149 1236 2191 elegit,
1263 2153 1297 2181 et
1321 2149 1476 2182 vocativo
1499 2148 1599 2181 addi-

249 2215 298 2247 dit
322 2214 520 2258 placitura.
569 2214 628 2246 Sic
654 2214 874 2255 consequitur
902 2218 938 2246 ut
965 2218 1122 2247 eventum
1149 2224 1214 2246 non
1241 2215 1412 2257 provisum
1438 2225 1458 2246 a
1485 2213 1597 2257 puella

247 2279 432 2321 significari
458 2278 595 2311 sentias.
659 2279 789 2320 Sibylla
825 2278 916 2311 videt
950 2289 1124 2321 egressam
1160 2280 1308 2323 templo,
1345 2279 1430 2312 focis
1463 2279 1596 2311 incaute

249 2345 412 2385 desertis,
437 2345 582 2377 nesciam
609 2344 688 2386 quid
714 2345 836 2385 instet,
860 2344 938 2377 dum
964 2355 1044 2377 mox
1070 2345 1269 2378 succumbet
1295 2345 1410 2378 Marti.
1432 2362 1475 2368 ——
1508 2344 1549 2376 su
1562 2354 1595 2376 r-

249 2411 347 2452 tiin,
385 2420 461 2442 cum
497 2409 580 2442 (leus
615 2410 648 2441 in
677 2409 823 2451 virgulta
853 2410 1008 2452 proxima
1037 2411 1200 2444 traxisset
1234 2411 1393 2454 puellam.
1454 2409 1596 2442 Frustra

249 2482 363 2510 autem
401 2478 552 2510 Vossius
589 2476 692 2507 datos
719 2476 857 2520 fter-tim
891 2477 1059 2519 coniecit,
1100 2477 1189 2520 quod
1225 2476 1327 2510 nihili.
1378 2476 1480 2511 Quod
1507 2477 1595 2510 euim

248 2543 330 2576 solis
366 2544 430 2576 loci
466 2548 500 2576 et
538 2544 701 2585 temporis
736 2544 906 2577 adverbiis
943 2544 1030 2577 hune
1067 2544 1302 2578 Graecismum
1343 2543 1520 2585 concedit,
1559 2547 1595 2575 ut

250 2610 375 2643 omisso
411 2610 513 2644 verbo
550 2610 760 2645 substantivo
796 2622 856 2656 pro
892 2612 1064 2646 adiectis-is
1104 2611 1181 2655 poni
1217 2610 1365 2655 possint,
1405 2611 1594 2644 vamm-
