1721 2953
514 176 656 214 Lll‘ffl.
686 176 756 214 ΙΙΙ.
816 176 970 217 ELEG.
1000 181 1072 220 VI.
1377 186 1455 219 37⁴)

120 288 243 322 Catulli
268 291 494 323 testimonium
522 293 705 334 provocat,
734 289 944 327 Htrscnxms
971 294 1168 339 Euripidem
1203 296 1332 328 confert
1359 296 1453 330 Med.

123 361 331 399 411-446„
366 359 422 390 ubi
457 357 510 391 liic
537 357 709 401 perfidiam
734 358 881 392 virorum
905 364 938 393 et
963 363 1138 394 mulierum
1166 364 1323 406 exponit,
1357 366 1458 405 atque

122 423 163 454 ad
207 425 346 456 aliorum
381 426 557 465 poetarum
591 423 738 455 carmina
772 429 944 466 provocat.
996 427 1074 459 Noli
1109 438 1189 460 vero
1224 428 1350 461 Voss-10
1385 439 1459 461 cre-

122 488 223 529 dere,
257 489 314 529 qui
348 487 435 520 hunc
468 499 603 521 sensnm
628 488 763 521 statuitz
799 489 860 522 Vir
894 493 928 521 te
954 490 1107 534 decepit,
1141 492 1199 524 sed
1228 493 1276 524 vir
1303 493 1400 524 etiam
1427 497 1460 524 tc

120 553 288 593 defendit,
326 556 361 585 et
394 553 438 586 ob
473 564 545 586 eam
571 563 704 585 causam
740 563 771 584 v.
798 555 853 586 41.
889 565 938 596 pr.
972 556 1021 587 sic
1058 558 1187 600 recepit
1214 558 1311 588 unius
1337 557 1462 589 codicis

121 620 298 652 lectionem
324 618 394 653 sed.
451 619 648 660 Lygdamus
673 617 752 651 nihil
778 619 840 651 nisi
867 617 930 651 hoc
955 621 1046 654 vult:
1080 622 1248 664 „Semper
1274 621 1335 653 suit
1360 622 1461 664 perfi-

121 685 174 716 ‹lia
201 685 233 717 ln
259 695 384 718 amore.
443 685 554 726 Atque
579 684 645 717 alio
671 687 824 726 tempore
849 683 1003 717 Catullus
1027 686 1150 718 cecinit
1173 685 1338 719 Ariadnae
1364 685 1461 718 dolo*

120 761 173 782 res
199 762 216 782 a
243 750 378 783 Theseo
412 751 490 783 olim
519 751 677 790 relictae,
718 761 779 782 vos
819 761 881 794 ego
916 762 1008 781 nunc
1037 752 1188 784 moneo.“
1245 752 1306 785 Vir
1342 752 1462 784 doctus

122 818 275 848 Onnum
302 816 333 848 in
360 815 605 848 Dissertatione
638 825 740 858 supra
775 826 795 847 a
825 816 922 848 nobis
956 815 987 847 in
1015 817 1093 849 vita
1118 816 1245 849 Tibulli
1278 821 1462 850 memorata

122 883 222 914 ctiam
260 892 303 913 ex
345 880 409 913 hoc
445 882 519 913 loco
558 880 689 922 colligit
735 880 947 923 Lygdamum
988 881 1141 923 proxime
1177 886 1254 925 post
1292 882 1462 915 Catullum

122 946 266 986 uixisse,
300 945 390 987 quod
415 945 509 978 vides
534 955 599 977 non
625 946 740 987 sequ13
776 946 890 988 potius
916 947 1118 979 contrarium
1144 948 1318 989 sequitur,
1351 957 1464 980 remo-

121 1014 240 1045 tiorem
274 1015 386 1045 aetate
412 1011 516 1044 fuisse
543 1012 737 1044 Catullum:
775 1014 877 1045 talem
904 1013 991 1045 enim
1017 1011 1069 1045 liic
1098 1018 1232 1056 poetam
1257 1024 1463 1047 commemo-

121 1089 196 1111 rare
221 1079 347 1111 debuit.
368 1097 411 1101 —
438 1078 477 1110 V.
499 1079 543 1110 43
569 1088 641 1119 sqq.
682 1078 778 1110 Vos.
822 1078 1027 1111 Praesentes
1052 1079 1236 1120 alloquitur
1260 1080 1397 1112 amicos.
1419 1098 1461 1102 —-

124 1146 271 1186 Felix,
306 1145 561 1187 quicunque
598 1144 753 1176 dolore
789 1147 854 1177 etc.
913 1145 992 1177 Dixi
1029 1145 1062 1178 in
1098 1146 1314 1179 annotatione
1348 1146 1465 1179 critica

123 1212 228 1245 videri
266 1221 425 1244 cavere
459 1211 623 1243 veriorem
665 1211 855 1245 lectionem.
926 1211 1047 1254 Neque
1083 1216 1194 1245 tamen
1229 1217 1281 1245 est
1319 1217 1394 1245 tuo
1434 1214 1464 1244 in

124 1287 225 1311 [ιιιιυι
252 1278 458 1312 mutandum.
515 1279 724 1311 Sententiam
757 1283 791 1311 et
826 1280 1086 1312 constructionis
1118 1280 1284 1312 rationem
1318 1279 1467 1311 illustra-

124 1345 172 1376 bit
197 1345 303 1376 Ovm.
330 1344 402 1376 Art.
429 1344 502 1376 Am.
528 1343 588 1385 III,
614 1346 703 1376 455:
750 1343 886 1375 Discite
912 1342 956 1374 ab
981 1343 1132 1376 alterius
1159 1344 1284 1377 vestris
1310 1344 1467 1375 timuisse

124 1407 285 1453 querelis.
347 1408 394 1440 Ut
437 1408 591 1440 Ovmms
624 1407 725 1440 dicit:
762 1407 882 1440 discite
915 1408 958 1439 ab
994 1409 1132 1441 alterius
1165 1410 1312 1451 querelis
1344 1410 1468 1452 spretis

123 1476 263 1516 timere,
288 1485 330 1507 ne
353 1478 488 1507 vestrae
513 1484 647 1517 quoque
672 1475 831 1516 querelae
856 1473 986 1517 possint
1010 1475 1142 1517 sperni,
1177 1475 1226 1508 sic
1250 1475 1468 1517 Lygdamus:

126 1542 227 1582 felix,
252 1541 309 1583 qui
335 1541 473 1573 alterius
498 1540 616 1573 dolore
641 1539 766 1572 infelici
791 1538 901 1572 disces
928 1549 1049 1572 cavere
1075 1550 1193 1583 posse,
1219 1550 1260 1572 ne
1284 1540 1357 1583 ipse
1383 1550 1470 1582 quo-

125 1618 192 1649 que
219 1607 334 1639 doleas
358 1606 551 1639 infeliciter.
607 1605 764 1637 D‘isces
797 1614 962 1636 cavere
987 1615 1141 1647 posse,
1175 1605 1285 1639 disces
1309 1606 1468 1639 resistere

129 1683 228 1717 posse
261 1672 367 1704 amori
391 1675 494 1713 atque
518 1671 566 1703 ita
599 1681 719 1703 cavere
752 1674 816 1703 etc.
866 1669 956 1702 Hinc
989 1670 1120 1703 addidit
1146 1682 1259 1714 posse.
1309 1672 1470 1704 Ceterum

129 1739 243 1771 nescio
261 1749 322 1771 cur
341 1737 539 1779 Lygdamus
560 1736 757 1782 quicunque
778 1737 949 1780 posuerit3
976 1735 1122 1770 debebat
1134 1736 1231 1781 felix
1253 1737 1314 1782 qui
1332 1738 1410 1770 dici.
1427 1756 1470 1761 -—

129 1805 220 1838 Nec
255 1815 332 1837 vos
365 1807 443 1836 aut
476 1802 660 1845 capiant
685 1804 750 1833 etc.
801 1802 966 1844 Sequitur
991 1802 1096 1843 locus,
1121 1802 1178 1844 qui
1203 1812 1247 1834 ex
1275 1802 1471 1835 melioribus

129 1869 220 1912 apud
245 1868 471 1911 Lygdamum.
520 1866 596 1900 Etsi
622 1867 711 1899 enim
735 1866 822 1899 inest
846 1866 937 1908 quod
961 1877 1029 1900 nou
1056 1872 1149 1900 recte
1176 1867 1326 1910 dictum,
1351 1868 1470 1901 lauda-

131 1935 208 1968 bilis
231 1939 344 1968 tamen
365 1934 549 1977 descriptio
574 1934 719 1977 poetica.
768 1931 875 1966 Modo
899 1934 996 1976 plura
1015 1934 1096 1966 talia
1119 1933 1259 1968 haberet
1282 1939 1412 1967 auctor.
1427 1954 1472 1959 -

132 2000 380 2043 pendentia
405 2000 535 2032 collo.
586 1998 883 2032 Constructionem
907 1998 1054 2032 illustrat
1080 2000 1277 2033 BURMANN.
1303 1999 1345 2033 ad
1372 2000 1473 2034 Ovid.

132 2067 217 2100 Met.
243 2066 270 2108 Ι,
307 2069 385 2100 485.
426 2065 579 2098 laudatus
616 2065 658 2098 ab
696 2066 859 2100 Hmmo.
889 2083 935 2089 —
982 2065 1186 2107 sordida,
1231 2076 1349 2108 avara,
1387 2076 1474 2108 quae

132 2132 301 2165 blanditiis
346 2131 527 2175 deceptum
572 2135 757 2163 amatorem
801 2130 993 2173 exspoliare
1033 2130 1158 2164 studet.
1220 2130 1472 2174 Exspectabam

132 2197 262 2230 nonnisi
288 2197 369 2229 talia
394 2196 448 2231 hic
472 2197 593 2238 verba,
629 2207 717 2239 quae
741 2197 840 2230 simul
874 2197 907 2229 in
933 2196 1099 2231 Neaeram
1126 2197 1351 2240 quadrarent,
1385 2207 1473 2230 nunc

134 2268 246 2295 autem
275 2263 446 2296 libertinas
471 2264 611 2305 cogitat.
637 2282 684 2288 —-
720 2274 888 2307 perque
923 2274 1027 2297 suos
1063 2265 1261 2306 ocellos,
1293 2268 1332 2297 ut
1356 2265 1473 2305 moris,

136 2329 220 2361 infra
245 2329 304 2371 lv,
329 2332 363 2371 5,
388 2332 423 2363 8.
463 2331 601 2363 Pium.
628 2330 841 2364 Menaechm.
866 2331 909 2372 V,
934 2333 968 2372 9,
994 2333 1026 2364 1.
1069 2331 1256 2364 Pnorssn'r.
1282 2330 1309 2372 Ι,
1336 2333 1391 2371 15,
1417 2332 1473 2362 33,

137 2395 244 2427 Ovm.
271 2396 403 2427 Amorr.
428 2394 488 2436 111,
517 2397 550 2436 3,
576 2397 632 2428 10.
681 2395 786 2428 Plura
821 2394 922 2428 habet
947 2395 1241 2428 Bnoucxnusws.
1267 2413 1311 2418 —
1348 2394 1475 2427 luno-

134 2468 227 2492 nem
262 2470 400 2501 suam,
438 2471 524 2502 quae
555 2461 754 2494 feminarum
789 2466 935 2506 patrona
972 2467 1044 2495 erat
1078 2466 1117 2495 ut
1150 2462 1281 2495 Genius
1316 2462 1476 2501 virorum,

135 2523 177 2555 ef.
214 2524 411 2558 Bauium.
454 2525 497 2557 ad
538 2525 677 2560 Petron.
712 2529 772 2558 25.
830 2526 1002 2560 Manum.
1041 2528 1074 2559 in
1114 2528 1200 2560 libro
1239 2527 1281 2560 de
1322 2526 1475 2559 Etruscis

138 2587 237 2621 Τυηι.
260 2589 303 2622 11.
338 2601 370 2633 p.
394 2593 450 2623 90.
500 2592 683 2625 Iuramenti
718 2603 778 2636 per
808 2593 970 2627 Iunonem
997 2594 1152 2637 exempla
1177 2595 1338 2627 Vutpms
1365 2592 1475 2634 habet,

140 2655 239 2695 quale
265 2660 316 2687 est
341 2655 426 2688 infra
453 2658 511 2699 lV,
544 2661 597 2699 13,
625 2661 678 2691 15.
704 2678 749 2684 --
785 2659 968 2693 iuravit:
1004 2661 1066 2693 etsi
1102 2660 1224 2693 iuravit
1255 2658 1473 2697 sanctissime,
