1721 2953
259 185 348 211 xxu
814 166 889 205 DE
920 164 1055 204 VITA

261 293 343 325 tate
380 285 630 337 syllabarum
666 295 764 322 vero
798 294 874 335 par
913 291 1037 333 esset3
1081 291 1121 322 at
1157 281 1279 321 alium
1315 288 1476 334 poetam
1512 279 1612 332 quid

265 362 433 413 cogebat
475 359 584 398 idem
623 359 778 408 faeere,
829 357 928 412 quid
970 358 1138 408 cogebat
1177 357 1395 396 Horatium
1433 356 1613 408 puellam

265 437 420 477 Tibulli
455 435 638 475 similiter
670 433 742 474 tali
777 435 943 473 nomine
981 431 1213 484 designare,
1257 430 1370 485 quod
1405 444 1505 471 vero
1540 443 1616 482 par

266 522 368 554 esset
410 511 638 566 quantitate
677 505 960 562 syllabarum?
1020 508 1085 548 Sic
1121 508 1245 560 igitur
1278 506 1437 560 possint
1466 504 1616 544 nihilo-

266 593 402 630 minus
435 589 609 642 Glycera
649 595 688 626 et
726 585 913 626 Nemesis
953 585 1095 626 eadem
1133 587 1271 638 puella
1311 598 1410 624 esse.
1480 582 1617 632 Quare

268 682 378 708 nunc
419 664 566 706 addam
605 663 683 702 alia
723 676 829 715 quae
869 663 1046 702 obstant.
1104 662 1229 702 Recte
1271 660 1619 712 notarunt·Hey-·

270 747 384 794 nius,
419 740 768 782 Mitsclierlicliius
798 738 850 778 ad
878 739 1119 790 Horatium,
1156 747 1195 778 et
1227 738 1438 791 Spolinius
1470 752 1511 789 p.
1541 738 1620 784 48„

270 823 314 859 in
354 818 524 859 Nemcsi
563 817 778 858 avaritiam
824 815 1053 869 deplorari,
1101 817 1144 856 in
1181 816 1358 868 Glycera
1397 812 1622 867 perfidiam,

273 896 385 952 quod
417 895 635 936 discrimen
662 894 826 946 gravius
858 902 916 934 est
947 907 1072 948 quam
1093 893 1289 933 Passovio
1315 892 1460 931 visum.
1518 889 1623 929 Lae-

273 988 359 1013 sam
396 971 519 1012 fidem
555 972 599 1011 in
633 973 880 1011 canninibus
920 970 970 1010 ad
1002 971 1210 1010 Nemesim
1248 982 1453 1022 nusquam
1487 968 1625 1021 queri-

274 1057 342 1088 tur
373 1056 516 1101 poeta,
555 1061 631 1086 nec
667 1049 805 1087 locum
845 1047 904 1086 ibi
944 1047 1099 1086 habere
1137 1054 1273 1098 potest
1310 1046 1411 1084 haec
1448 1044 1626 1097 querela,

276 1138 369 1163 cum
395 1124 582 1163 Nemesis
615 1125 814 1162 meretrix
848 1132 952 1163 esset
989 1135 1073 1161 non
1110 1123 1186 1161 uni
1215 1122 1383 1160 Tibullo
1422 1120 1628 1167 obstricta,

276 1198 346 1238 sed
387 1197 601 1237 admittens
642 1198 715 1251 qui
756 1198 850 1237 satis
889 1210 1111 1236 munerum
1149 1204 1189 1235 et
1217 1196 1416 1248 pecuniae
1449 1195 1629 1243 offerret,

277 1288 351 1314 nec
383 1274 565 1326 postulat
601 1281 724 1325 poeta
759 1287 934 1326 usquam
972 1282 1019 1312 ut
1053 1273 1130 1311 sibi
1168 1274 1245 1312 soli
1278 1271 1414 1312 dedita
1448 1274 1520 1321 sit,
1558 1270 1629 1311 sed

280 1365 330 1389 ne
361 1358 443 1389 tam
472 1363 592 1402 saepe
625 1348 828 1388 excludat.
888 1350 941 1388 At
971 1363 1065 1388 cum
1096 1348 1271 1401 Glycera
1302 1348 1452 1387 arctius
1482 1346 1628 1387 foedus

277 1428 472 1465 iunxerat
501 1424 645 1474 credo,
684 1426 812 1465 veluti
841 1427 938 1465 olim
974 1440 1066 1464 cum
1095 1426 1238 1474 Delia,
1279 1433 1318 1464 et
1346 1423 1469 1464 fidem
1499 1426 1549 1464 ab
1583 1438 1628 1463 ea

278 1502 512 1554 postulabat
543 1500 893 1554 quemadmodum
922 1519 944 1542 a
976 1503 1118 1550 Delia,
1154 1500 1223 1540 sed
1253 1503 1464 1554 placuerat
1492 1502 1632 1541 iunior

279 1576 469 1631 quidam,
513 1591 604 1616 cum
629 1577 817 1617 Nemesis
851 1577 1018 1617 ditiores
1048 1578 1286 1629 praeferret.
1354 1578 1444 1616 Hoc
1486 1590 1632 1617 verum

280 1652 499 1692 discrimen
542 1661 621 1703 est,
664 1651 777 1706 quod
819 1653 933 1692 nulla
970 1653 1310 1704 interpretatione
1351 1650 1499 1690 deleas.
1580 1652 1633 1689 At

282 1730 389 1768 enim
420 1727 572 1779 dicunt,
602 1727 703 1768 duas
731 1736 889 1768 tautum
918 1729 1076 1780 puellas
1101 1741 1123 1766 a
1143 1717 1310 1767 Tibullo
1333 1734 1484 1767 amatas
1507 1738 1632 1776 agno-

283 1806 338 1843 sci
367 1801 518 1844 Ovidio
550 1804 715 1842 Amorr.
739 1803 811 1853 ΙΙΙ,
847 1807 896 1843 9:

454 1878 522 1917 Sic
554 1877 742 1917 Nemesis
772 1879 961 1928 longum,
991 1877 1047 1916 sie
1078 1877 1201 1916 Delia
1229 1890 1382 1916 nomen
1411 1877 1634 1923 habebunt,

569 1953 710 1991 Altera
739 1966 837 1992 eura
867 1964 1032 2000 recens,
1069 1952 1197 1991 altera
1225 1953 1384 2004 primus
1408 1964 1548 1990 amor:

285 2043 369 2068 esse
411 2030 535 2080 igitur
572 2041 757 2077 necesse⁷
804 2036 850 2067 ut
889 2028 1064 2081 Glycera
1103 2029 1299 2066 alterutra
1337 2027 1474 2066 suerit.
1549 2027 1635 2077 Ego

288 2105 496 2158 quomodo
536 2102 676 2145 Ovidii
709 2106 837 2144 verba
878 2112 939 2145 tot
977 2105 1074 2144 viris
1108 2102 1236 2144 doctis
1273 2102 1461 2142 fraudem
1501 2103 1635 2142 facere

287 2182 518 2232 potuerint,
557 2194 771 2234 nunquam
804 2181 1030 2231 intelligere
1057 2180 1187 2231 potui.
1253 2176 1448 2227 Ovidius,
1489 2186 1534 2216 ut
1561 2192 1636 2229 par

290 2262 388 2303 erat,
415 2257 515 2294 edita
542 2270 657 2308 opera
691 2256 822 2295 Tibulli
845 2255 1098 2307 respiciebat7
1128 2256 1171 2293 in
1203 2255 1353 2307 quibus
1385 2252 1490 2293 duae
1524 2266 1636 2292 com-

288 2337 434 2381 parent
464 2340 640 2382 amatae,
677 2345 771 2370 nam
805 2331 978 2370 tertium'
1002 2331 1154 2369 librum
1183 2328 1294 2369 haud
1326 2328 1448 2368 dubie
1485 2328 1635 2367 sciebat

290 2417 373 2443 non
406 2418 490 2443 esse
521 2407 688 2447 Tibulli.
758 2409 923 2448 Durant
963 2409 1143 2448 carmina
1175 2415 1417 2460 poctarum,
1462 2406 1537 2453 ait,
1580 2406 1635 2443 sic

290 2479 476 2519 Nemesis
507 2490 545 2520 et
566 2483 685 2523 Delia
713 2499 863 2525 nomen
901 2487 1126 2525 habebunt.
1185 2485 1309 2524 Dicas
1341 2481 1506 2537 quidem
1539 2482 1636 2534 Epi-

293 2555 451 2596 cedium
482 2558 677 2610 scriptum
708 2575 798 2601 cum
823 2564 1065 2617 sepeliretur
1087 2562 1276 2603 Tibullus
1303 2568 1340 2598 et
1364 2567 1454 2598 ante
1483 2556 1637 2597 editum

294 2634 401 2673 Albii
430 2634 579 2673 librum
611 2636 846 2685 secundum,
874 2640 945 2691 qui
975 2646 1210 2691 postumus;
1241 2633 1310 2674 sed
1342 2635 1425 2673 sive
1447 2641 1535 2672 tum
1559 2628 1636 2671 sla-
