1721 2953
294 124 361 173 80
688 123 931 169 TIBULLI
981 124 1092 170 Llss.
1120 124 1192 170 IV.
1220 135 1252 170 1.

373 247 520 312 Atque
556 246 665 293 haec
701 263 779 292 seu
805 258 981 295 nostras
1004 248 1120 295 inter
1145 259 1250 295 sunt
1271 248 1449 312 cognita
1486 260 1641 307 terras,

319 346 366 378 80
380 332 552 380 Fabula
587 332 677 378 sive
712 351 877 380 novum
910 333 1035 380 dedit
1061 334 1131 381 his
1170 334 1398 381 erroribus
1435 335 1617 396 orbem,

373 418 441 465 Sit
477 417 606 463 labor
636 416 778 475 illius,
825 430 901 465 tua
937 418 1046 466 dum
1082 419 1320 477 facundia,
1366 420 1521 467 maior.

439 503 534 548 Iam
570 514 610 549 te
641 521 733 550 non
769 503 882 551 alius
917 504 1022 551 belli
1058 517 1176 552 tenet
1212 506 1357 571 aptius
1394 518 1534 563 arteS‚

376 587 481 650 Qua
517 588 670 635 deceat
702 600 842 636 tutam
876 590 1030 637 castris
1062 591 1336 656 praeducere
1369 592 1559 649 fossam,

376 672 582 735 Qualiter
615 674 825 722 adversos
854 674 972 722 hosti
1010 675 1202 740 defigere
1235 696 1410 734 cervos,

320 759 577 822 85Que1nve
613 759 761 808 locum
799 761 933 808 ducto
970 761 1128 808 melius
1165 762 1221 809 sit
1265 762 1472 810 claudere
1506 761 1644 819 vallo,

372 846 594 893 Fontibus
630 858 678 893 ut
714 847 866 894 dulces
905 859 1110 912 erumpat
1144 859 1262 895 terra
1298 847 1519 913 liquores,
1589 836 1593 839 .

372 933 436 979 Ut
470 932 701 998 facilisque
737 934 824 980 tuis
862 933 1009 980 aditus
1046 934 1102 980 sit
1138 945 1180 980 et
1211 933 1380 980 arduus
1416 933 1559 989 hosti,

369 1018 538 1065 Laudis
572 1030 612 1065 et
649 1019 830 1066 assiduo
866 1019 1012 1082 vigeat
1044 1019 1283 1066 certamine
1318 1018 1469 1066 miles:

374 1102 491 1165 Quis
522 1104 749 1150 tardamve
785 1104 942 1151 sudem
977 1104 1135 1151 melius
1163 1104 1402 1151 celeremve
1439 1103 1644 1167 sagittam

319 1189 533 1235 solet-erit
568 1201 647 1236 aut
681 1188 800 1236 lento
835 1189 1103 1254 perfregerit
1137 1190 1268 1237 obvia
1302 1189 1422 1255 pilo,

375 1275 466 1321 Aut
486 1275 584 1339 quis
608 1294 771 1339 equum
793 1275 1031 1322 celeremve
1063 1287 1158 1322 arto
1182 1294 1464 1340 compescere
1488 1275 1644 1321 fraeno

373 1360 524 1407 Possit
559 1372 599 1406 et
630 1360 795 1406 effusas
831 1360 972 1421 tardo*
993 1362 1246 1424 permittere
1284 1361 1511 1417 habenas,

374 1447 516 1510 Inque
551 1445 691 1493 vicem
729 1445 865 1491 modo
902 1445 1070 1492 directo
1107 1446 1376 1493 contendere
1407 1464 1568 1509 passu,

381 1532 472 1578 Seu
507 1531 665 1588 libeat,
702 1549 837 1577 curvo
871 1531 1051 1577 brevius
1088 1531 1358 1577 contendere
1393 1550 1529 1596 gyro⁷

324 1616 496 1678 95Quis
531 1635 711 1681 parma,
747 1634 825 1662 seu
863 1616 1016 1662 dextra
1049 1615 1149 1662 velit
1183 1635 1260 1662 seu
1296 1600 1444 1673 laeva,
1491 1616 1629 1674 tueri,

381 1702 483 1749 Sive
516 1701 600 1749 hac
633 1701 723 1749 sive
757 1701 858 1748 illac
895 1701 1080 1765 grandis
1118 1702 1236 1748 venit
1268 1702 1460 1767 impetus
1496 1703 1648 1751 hastae

396 1934 438 1967 V.
453 1935 509 1966 91.
535 1934 651 1976 Vulgo
671 1933 810 1966 celerem
834 1939 975 1966 arctato
997 1935 1039 1968 de
1062 1935 1254 1968 coniectura
1276 1935 1479 1969 I'mnonum.
1526 1935 1649 1968 Licn-

301 2008 448 2031 MANNUS
480 1999 566 2031 bene
600 1998 713 2031 addit:
751 1999 885 2040 „Haud
916 2001 986 2032 scio
1019 2011 1061 2033 an
1092 2000 1301 2044 celeremque
1334 2011 1409 2034 cum
1438 2002 1648 2034 ΑΥΒΜΑΝΝυ

302 2064 520 2096 scribendum
545 2064 607 2104 sit,
643 2064 705 2096 nisi
732 2068 839 2096 totum
864 2065 1066 2097 vocabulum
1094 2076 1135 2097 ex
1168 2076 1197 2098 v.
1214 2068 1271 2100 89.
1298 2065 1362 2099 huc
1387 2066 1510 2099 venit.'’

398 2130 441 2163 V.
458 2133 513 2163 93.
541 2140 681 2173 passu
706 2130 840 2171 Enou„
870 2131 1013 2172 Panis„
1041 2131 1165 2163 Cone.
1188 2142 1271 2165 vnr.
1321 2144 1426 2164 cursu
1451 2133 1648 2174 Wi'rTnN„

302 2195 416 2236 Dux,
450 2196 591 2229 Asxssw.
615 2213 663 2220 -
723 2197 836 2229 Υ.94.
870 2196 966 2228 Libri
1001 2197 1279 2230 contendere
1312 2202 1482 2241 corrupte.
1536 2199 1649 2240 Vulgo

303 2259 501 2304 compellere
542 2261 595 2293 vel
639 2266 836 2292 convertere
871 2261 914 2293 de
955 2262 1151 2295 coniectura
1184 2262 1413 2296 Bnouxuusu
1448 2268 1482 2296 et
1514 2264 1649 2296 Ciu-su.

305 2324 503 2367 compellere
540 2326 640 2358 etiam
679 2325 711 2358 in
752 2325 924 2358 codicibus
962 2327 1096 2367 legitur.
1176 2327 1293 2360 Possis
1329 2329 1429 2360 etiam
1471 2327 1649 2359 decurrere

305 2390 485 2423 coniicere.
538 2389 622 2422 Nam
650 2390 794 2432 genuina
821 2401 887 2423 vox
916 2391 1100 2424 exciderat.
1118 2410 1163 2415 —
1210 2393 1252 2426 V.
1266 2396 1322 2425 95.
1351 2393 1458 2427 Quis
1491 2404 1648 2435 parma,

305 2464 405 2495 seu,
429 2465 509 2486 vera
535 2454 686 2487 codicum
711 2456 914 2498 optimorum
941 2456 1052 2488 lectio,
1072 2475 1117 2480 —
1165 2457 1206 2490 V.
1222 2459 1278 2488 96.
1306 2457 1487 2498 grandis
1514 2459 1647 2491 venit.

306 2521 422 2562 Vulgo
458 2518 577 2551 veniat
614 2520 758 2563 gravis,
805 2521 895 2562 quod
932 2531 952 2553 a
990 2522 1200 2554 SmmGEno
1236 2522 1267 2553 in
1308 2523 1523 2555 annotatione
1563 2523 1650 2556 forte

308 2585 466 2628 positum,
492 2588 528 2618 ut
548 2584 703 2617 observat
714 2584 977 2626 Lacunam-Mis,
1002 2596 1127 2629 operae
1147 2585 1196 2620 M.
1215 2586 1422 2620 PArtssoxn
1438 2588 1647 2621 invexerunt.
