<?xml version="1.0" encoding="UTF-8"?>
<!DOCTYPE html PUBLIC "-//W3C//DTD XHTML 1.0 Transitional//EN"
    "http://www.w3.org/TR/xhtml1/DTD/xhtml1-transitional.dtd">
<html xmlns="http://www.w3.org/1999/xhtml" xml:lang="en" lang="en">
 <head>
  <title>
</title>
<meta http-equiv="Content-Type" content="text/html;charset=utf-8" />
  <meta name='ocr-system' content='tesseract 3.04.00' />
  <meta name='ocr-capabilities' content='ocr_page ocr_carea ocr_par ocr_line ocrx_word'/>
</head>
<body>
  <div class='ocr_page' id='page_1' title='image "./carminaexrecensi00tibuuoft_0638.png"; bbox 0 0 1721 2953; ppageno 0'>
   <div class='ocr_carea' id='block_1_1' title="bbox 291 121 1453 164">
    <p class='ocr_par' dir='ltr' id='par_1_1' title="bbox 291 121 1453 164">
     <span class='ocr_line' id='line_1_1' title="bbox 291 121 1453 164; baseline 0.001 -1"><span class='ocrx_word' id='word_1_1' title='bbox 291 130 370 164; x_wconf 77' lang='lat'>312</span> <span class='ocrx_word' id='word_1_2' title='bbox 473 122 654 164; x_wconf 83' lang='lat' dir='ltr'><strong>COMM.</strong></span> <span class='ocrx_word' id='word_1_3' title='bbox 683 121 742 163; x_wconf 89' lang='lat' dir='ltr'>IN</span> <span class='ocrx_word' id='word_1_4' title='bbox 772 123 877 162; x_wconf 92' lang='lat' dir='ltr'>TIB.</span> <span class='ocrx_word' id='word_1_5' title='bbox 908 123 1051 162; x_wconf 63' lang='grc' dir='ltr'>[ΑΒΗ.</span> <span class='ocrx_word' id='word_1_6' title='bbox 1081 124 1132 163; x_wconf 90' lang='lat'>11.</span> <span class='ocrx_word' id='word_1_7' title='bbox 1190 123 1348 163; x_wconf 85' lang='lat' dir='ltr'><strong>ELEG.</strong></span> <span class='ocrx_word' id='word_1_8' title='bbox 1379 125 1453 164; x_wconf 88' lang='lat' dir='ltr'>VI.</span> 
     </span>
    </p>
   </div>
   <div class='ocr_carea' id='block_1_2' title="bbox 293 238 1656 2134">
    <p class='ocr_par' dir='ltr' id='par_1_2' title="bbox 293 238 1656 2134">
     <span class='ocr_line' id='line_1_2' title="bbox 293 238 1634 282; baseline -0.004 -7"><span class='ocrx_word' id='word_1_9' title='bbox 293 246 391 275; x_wconf 76' lang='lat' dir='ltr'>vatae</span> <span class='ocrx_word' id='word_1_10' title='bbox 423 248 523 272; x_wconf 84' lang='lat' dir='ltr'>areae</span> <span class='ocrx_word' id='word_1_11' title='bbox 549 238 663 271; x_wconf 81' lang='lat' dir='ltr'>statim</span> <span class='ocrx_word' id='word_1_12' title='bbox 695 239 872 282; x_wconf 74' lang='lat' dir='ltr'>responsio</span> <span class='ocrx_word' id='word_1_13' title='bbox 907 239 1160 272; x_wconf 74' lang='lat' dir='ltr'><strong>inscriberetur.</strong></span> <span class='ocrx_word' id='word_1_14' title='bbox 1186 258 1232 264; x_wconf 97' lang='lat'><strong>—</strong></span> <span class='ocrx_word' id='word_1_15' title='bbox 1278 239 1319 273; x_wconf 88' lang='lat' dir='ltr'>V.</span> <span class='ocrx_word' id='word_1_16' title='bbox 1346 240 1391 272; x_wconf 81' lang='lat'>47</span> <span class='ocrx_word' id='word_1_17' title='bbox 1417 248 1490 281; x_wconf 91' lang='lat' dir='ltr'>sqq.</span> <span class='ocrx_word' id='word_1_18' title='bbox 1541 248 1560 270; x_wconf 85' lang='lat' dir='ltr'>a</span> <span class='ocrx_word' id='word_1_19' title='bbox 1587 238 1634 270; x_wconf 87' lang='lat' dir='ltr'>li-</span> 
     </span>
     <span class='ocr_line' id='line_1_3' title="bbox 293 303 1635 348; baseline -0.004 -6"><span class='ocrx_word' id='word_1_20' title='bbox 293 309 408 342; x_wconf 84' lang='lat' dir='ltr'><strong>mine</strong></span> <span class='ocrx_word' id='word_1_21' title='bbox 444 305 564 338; x_wconf 84' lang='lat' dir='ltr'>duro.</span> <span class='ocrx_word' id='word_1_22' title='bbox 613 303 747 348; x_wconf 86' lang='lat' dir='ltr'>Nempe</span> <span class='ocrx_word' id='word_1_23' title='bbox 783 306 897 339; x_wconf 84' lang='lat' dir='ltr'>clausa</span> <span class='ocrx_word' id='word_1_24' title='bbox 931 307 1042 340; x_wconf 87' lang='lat' dir='ltr'>ianua.</span> <span class='ocrx_word' id='word_1_25' title='bbox 1091 307 1151 340; x_wconf 90' lang='lat' dir='ltr'>Sic</span> <span class='ocrx_word' id='word_1_26' title='bbox 1177 307 1330 340; x_wconf 81' lang='lat' dir='ltr'>Ovmms</span> <span class='ocrx_word' id='word_1_27' title='bbox 1365 306 1453 339; x_wconf 85' lang='lat' dir='ltr'>dixit</span> <span class='ocrx_word' id='word_1_28' title='bbox 1484 304 1635 339; x_wconf 85' lang='lat' dir='ltr'>Remed.</span> 
     </span>
     <span class='ocr_line' id='line_1_4' title="bbox 294 368 1637 408; baseline -0.003 -1"><span class='ocrx_word' id='word_1_29' title='bbox 294 376 367 408; x_wconf 79' lang='lat' dir='ltr'>Am.</span> <span class='ocrx_word' id='word_1_30' title='bbox 393 374 483 405; x_wconf 75' lang='lat'>677:</span> <span class='ocrx_word' id='word_1_31' title='bbox 523 370 628 403; x_wconf 74' lang='lat' dir='ltr'><em>Nunc</em></span> <span class='ocrx_word' id='word_1_32' title='bbox 652 368 718 402; x_wconf 82' lang='lat' dir='ltr'>tibi</span> <span class='ocrx_word' id='word_1_33' title='bbox 741 369 876 407; x_wconf 71' lang='lat' dir='ltr'>rivalis,</span> <span class='ocrx_word' id='word_1_34' title='bbox 901 384 994 404; x_wconf 77' lang='lat' dir='ltr'>nunc</span> <span class='ocrx_word' id='word_1_35' title='bbox 1020 372 1148 404; x_wconf 75' lang='lat' dir='ltr'>(lurum</span> <span class='ocrx_word' id='word_1_36' title='bbox 1171 371 1275 404; x_wconf 82' lang='lat' dir='ltr'>limen</span> <span class='ocrx_word' id='word_1_37' title='bbox 1302 370 1450 404; x_wconf 79' lang='lat' dir='ltr'>amanti.</span> <span class='ocrx_word' id='word_1_38' title='bbox 1474 389 1520 394; x_wconf 88' lang='lat'>—</span> <span class='ocrx_word' id='word_1_39' title='bbox 1547 371 1637 403; x_wconf 83' lang='lat' dir='ltr'>lan-</span> 
     </span>
     <span class='ocr_line' id='line_1_5' title="bbox 294 436 1638 482; baseline 0 -13"><span class='ocrx_word' id='word_1_40' title='bbox 294 447 456 481; x_wconf 80' lang='lat' dir='ltr'>guere,</span> <span class='ocrx_word' id='word_1_41' title='bbox 493 446 561 469; x_wconf 93' lang='lat' dir='ltr'>non</span> <span class='ocrx_word' id='word_1_42' title='bbox 594 436 683 470; x_wconf 86' lang='lat' dir='ltr'>bene</span> <span class='ocrx_word' id='word_1_43' title='bbox 715 437 841 471; x_wconf 77' lang='lat' dir='ltr'>valere.</span> <span class='ocrx_word' id='word_1_44' title='bbox 866 457 912 462; x_wconf 91' lang='lat'>—-</span> <span class='ocrx_word' id='word_1_45' title='bbox 959 440 1138 482; x_wconf 82' lang='lat' dir='ltr'>aliquas</span> <span class='ocrx_word' id='word_1_46' title='bbox 1173 439 1451 472; x_wconf 80' lang='lat' dir='ltr'>extimuisse</span> <span class='ocrx_word' id='word_1_47' title='bbox 1484 437 1638 478; x_wconf 90' lang='lat' dir='ltr'>minas,</span> 
     </span>
     <span class='ocr_line' id='line_1_6' title="bbox 293 504 1638 548; baseline -0.001 -11"><span class='ocrx_word' id='word_1_48' title='bbox 293 505 390 538; x_wconf 88' lang='lat' dir='ltr'>malis</span> <span class='ocrx_word' id='word_1_49' title='bbox 413 504 582 537; x_wconf 83' lang='lat' dir='ltr'>ominibus</span> <span class='ocrx_word' id='word_1_50' title='bbox 607 504 695 537; x_wconf 89' lang='lat' dir='ltr'>forte</span> <span class='ocrx_word' id='word_1_51' title='bbox 721 505 864 547; x_wconf 84' lang='lat' dir='ltr'>terreri,</span> <span class='ocrx_word' id='word_1_52' title='bbox 899 516 1041 548; x_wconf 82' lang='lat' dir='ltr'>quorum</span> <span class='ocrx_word' id='word_1_53' title='bbox 1067 506 1328 539; x_wconf 79' lang='lat' dir='ltr'>avertendorum</span> <span class='ocrx_word' id='word_1_54' title='bbox 1355 515 1459 538; x_wconf 84' lang='lat' dir='ltr'>causa</span> <span class='ocrx_word' id='word_1_55' title='bbox 1483 505 1517 537; x_wconf 92' lang='lat' dir='ltr'>in</span> <span class='ocrx_word' id='word_1_56' title='bbox 1543 508 1638 537; x_wconf 85' lang='lat' dir='ltr'>casto</span> 
     </span>
     <span class='ocr_line' id='line_1_7' title="bbox 294 569 1637 611; baseline -0.001 -9"><span class='ocrx_word' id='word_1_57' title='bbox 294 580 370 602; x_wconf 86' lang='lat' dir='ltr'>esse</span> <span class='ocrx_word' id='word_1_58' title='bbox 402 569 603 603; x_wconf 88' lang='lat' dir='ltr'>decreverit.</span> <span class='ocrx_word' id='word_1_59' title='bbox 652 570 704 602; x_wconf 86' lang='lat' dir='ltr'>De</span> <span class='ocrx_word' id='word_1_60' title='bbox 737 581 770 605; x_wconf 84' lang='lat' dir='ltr'>v.</span> <span class='ocrx_word' id='word_1_61' title='bbox 804 570 1009 603; x_wconf 75' lang='lat' dir='ltr'><em>extimuisse</em></span> <span class='ocrx_word' id='word_1_62' title='bbox 1043 571 1086 604; x_wconf 82' lang='lat' dir='ltr'>cf.</span> <span class='ocrx_word' id='word_1_63' title='bbox 1121 572 1229 604; x_wconf 80' lang='lat' dir='ltr'>Ovm.</span> <span class='ocrx_word' id='word_1_64' title='bbox 1265 571 1406 604; x_wconf 90' lang='lat' dir='ltr'>Heroid.</span> <span class='ocrx_word' id='word_1_65' title='bbox 1433 570 1546 611; x_wconf 85' lang='lat' dir='ltr'>XVII,</span> <span class='ocrx_word' id='word_1_66' title='bbox 1572 573 1637 602; x_wconf 85' lang='lat'>83:</span> 
     </span>
     <span class='ocr_line' id='line_1_8' title="bbox 293 628 1639 678; baseline 0.001 -12"><span class='ocrx_word' id='word_1_67' title='bbox 293 635 343 666; x_wconf 82' lang='lat' dir='ltr'>Et</span> <span class='ocrx_word' id='word_1_68' title='bbox 367 646 471 678; x_wconf 70' lang='lat' dir='ltr'>,saepe</span> <span class='ocrx_word' id='word_1_69' title='bbox 497 634 665 671; x_wconf 78' lang='lat' dir='ltr'>extimui,</span> <span class='ocrx_word' id='word_1_70' title='bbox 690 647 732 668; x_wconf 82' lang='lat' dir='ltr'>ne</span> <span class='ocrx_word' id='word_1_71' title='bbox 762 636 817 669; x_wconf 75' lang='lat' dir='ltr'>vir</span> <span class='ocrx_word' id='word_1_72' title='bbox 841 648 936 670; x_wconf 82' lang='lat' dir='ltr'>meus</span> <span class='ocrx_word' id='word_1_73' title='bbox 961 637 1026 669; x_wconf 77' lang='lat' dir='ltr'>illa</span> <span class='ocrx_word' id='word_1_74' title='bbox 1055 636 1202 671; x_wconf 62' lang='lat' dir='ltr'>videret.</span> <span class='ocrx_word' id='word_1_75' title='bbox 1251 638 1380 671; x_wconf 85' lang='lat' dir='ltr'><strong>Vocem</strong></span> <span class='ocrx_word' id='word_1_76' title='bbox 1407 636 1520 669; x_wconf 79' lang='lat' dir='ltr'>minas</span> <span class='ocrx_word' id='word_1_77' title='bbox 1547 628 1639 670; x_wconf 63' lang='grc' dir='ltr'>Υόε-</span> 
     </span>
     <span class='ocr_line' id='line_1_9' title="bbox 296 701 1637 747; baseline 0.001 -14"><span class='ocrx_word' id='word_1_78' title='bbox 296 711 370 733; x_wconf 83' lang='lat' dir='ltr'>sms</span> <span class='ocrx_word' id='word_1_79' title='bbox 396 701 566 744; x_wconf 88' lang='lat' dir='ltr'>explicat,</span> <span class='ocrx_word' id='word_1_80' title='bbox 600 701 779 734; x_wconf 85' lang='lat' dir='ltr'>conferens</span> <span class='ocrx_word' id='word_1_81' title='bbox 806 703 946 736; x_wconf 66' lang='lat' dir='ltr'>Vnam.</span> <span class='ocrx_word' id='word_1_82' title='bbox 980 703 1112 736; x_wconf 64' lang='lat' dir='ltr'>chc.</span> <span class='ocrx_word' id='word_1_83' title='bbox 1138 703 1166 744; x_wconf 88' lang='lat' dir='ltr'>l,</span> <span class='ocrx_word' id='word_1_84' title='bbox 1192 706 1258 736; x_wconf 80' lang='lat'>27:</span> <span class='ocrx_word' id='word_1_85' title='bbox 1297 702 1484 747; x_wconf 76' lang='lat' dir='ltr'>divmnque</span> <span class='ocrx_word' id='word_1_86' title='bbox 1511 701 1637 735; x_wconf 78' lang='lat' dir='ltr'>minas.</span> 
     </span>
     <span class='ocr_line' id='line_1_10' title="bbox 295 765 1640 814; baseline 0.001 -15"><span class='ocrx_word' id='word_1_87' title='bbox 295 766 358 807; x_wconf 87' lang='lat' dir='ltr'>Ill,</span> <span class='ocrx_word' id='word_1_88' title='bbox 380 769 470 800; x_wconf 81' lang='lat'>354:</span> <span class='ocrx_word' id='word_1_89' title='bbox 496 765 746 812; x_wconf 74' lang='lat' dir='ltr'>volucrumque</span> <span class='ocrx_word' id='word_1_90' title='bbox 773 766 886 800; x_wconf 75' lang='lat' dir='ltr'>minas</span> <span class='ocrx_word' id='word_1_91' title='bbox 906 779 1157 814; x_wconf 70' lang='lat' dir='ltr'>praesagaque</span> <span class='ocrx_word' id='word_1_92' title='bbox 1181 766 1358 813; x_wconf 77' lang='lat' dir='ltr'><em>fulmina.</em></span> <span class='ocrx_word' id='word_1_93' title='bbox 1406 767 1640 809; x_wconf 74' lang='lat' dir='ltr'><strong>Similiterque</strong></span> 
     </span>
     <span class='ocr_line' id='line_1_11' title="bbox 296 833 1643 877; baseline -0.001 -12"><span class='ocrx_word' id='word_1_94' title='bbox 296 834 435 866; x_wconf 73' lang='lat' dir='ltr'>SnNnc.</span> <span class='ocrx_word' id='word_1_95' title='bbox 460 833 601 877; x_wconf 92' lang='lat' dir='ltr'>Hippol.</span> <span class='ocrx_word' id='word_1_96' title='bbox 625 836 705 867; x_wconf 88' lang='grc'>408.</span> <span class='ocrx_word' id='word_1_97' title='bbox 741 838 776 867; x_wconf 87' lang='lat' dir='ltr'>et</span> <span class='ocrx_word' id='word_1_98' title='bbox 801 835 1008 869; x_wconf 70' lang='lat' dir='ltr'>Cmunrm.</span> <span class='ocrx_word' id='word_1_99' title='bbox 1032 834 1112 876; x_wconf 83' lang='lat' dir='ltr'>XX,</span> <span class='ocrx_word' id='word_1_100' title='bbox 1138 837 1171 868; x_wconf 85' lang='lat'>2.</span> <span class='ocrx_word' id='word_1_101' title='bbox 1197 853 1243 858; x_wconf 91' lang='lat'>—</span> <span class='ocrx_word' id='word_1_102' title='bbox 1281 834 1366 867; x_wconf 81' lang='lat' dir='ltr'>Mox</span> <span class='ocrx_word' id='word_1_103' title='bbox 1400 833 1523 866; x_wconf 87' lang='lat' dir='ltr'>Tunc</span> <span class='ocrx_word' id='word_1_104' title='bbox 1557 842 1643 865; x_wconf 92' lang='lat' dir='ltr'>mo-</span> 
     </span>
     <span class='ocr_line' id='line_1_12' title="bbox 297 898 1642 943; baseline 0.001 -14"><span class='ocrx_word' id='word_1_105' title='bbox 297 898 388 930; x_wconf 88' lang='lat' dir='ltr'>rior</span> <span class='ocrx_word' id='word_1_106' title='bbox 421 899 565 940; x_wconf 86' lang='lat' dir='ltr'>curis,</span> <span class='ocrx_word' id='word_1_107' title='bbox 591 903 629 931; x_wconf 89' lang='lat' dir='ltr'>ut</span> <span class='ocrx_word' id='word_1_108' title='bbox 652 909 755 943; x_wconf 85' lang='lat' dir='ltr'>saepe</span> <span class='ocrx_word' id='word_1_109' title='bbox 780 910 831 943; x_wconf 90' lang='lat' dir='ltr'>pr.</span> <span class='ocrx_word' id='word_1_110' title='bbox 858 900 901 932; x_wconf 81' lang='lat' dir='ltr'>ud</span> <span class='ocrx_word' id='word_1_111' title='bbox 926 903 1072 933; x_wconf 90' lang='lat' dir='ltr'>mortem</span> <span class='ocrx_word' id='word_1_112' title='bbox 1097 900 1243 942; x_wconf 86' lang='lat' dir='ltr'>affligor.</span> <span class='ocrx_word' id='word_1_113' title='bbox 1268 917 1312 923; x_wconf 93' lang='lat'>--</span> <span class='ocrx_word' id='word_1_114' title='bbox 1350 903 1459 942; x_wconf 88' lang='lat' dir='ltr'>quot</span> <span class='ocrx_word' id='word_1_115' title='bbox 1490 898 1642 939; x_wconf 82' lang='lat' dir='ltr'>modis,</span> 
     </span>
     <span class='ocr_line' id='line_1_13' title="bbox 297 963 1643 1008; baseline 0.001 -12"><span class='ocrx_word' id='word_1_116' title='bbox 297 963 497 997; x_wconf 87' lang='lat' dir='ltr'>concubitus</span> <span class='ocrx_word' id='word_1_117' title='bbox 521 964 732 1007; x_wconf 88' lang='lat' dir='ltr'>Venerisque</span> <span class='ocrx_word' id='word_1_118' title='bbox 762 965 889 1007; x_wconf 82' lang='lat' dir='ltr'>figuras</span> <span class='ocrx_word' id='word_1_119' title='bbox 914 966 1024 998; x_wconf 80' lang='lat' dir='ltr'>varias</span> <span class='ocrx_word' id='word_1_120' title='bbox 1061 966 1242 1008; x_wconf 84' lang='lat' dir='ltr'>intelligit,</span> <span class='ocrx_word' id='word_1_121' title='bbox 1276 965 1319 999; x_wconf 88' lang='lat' dir='ltr'>cf.</span> <span class='ocrx_word' id='word_1_122' title='bbox 1344 965 1373 1007; x_wconf 81' lang='grc' dir='ltr'>Ι,</span> <span class='ocrx_word' id='word_1_123' title='bbox 1398 968 1432 1006; x_wconf 85' lang='grc'>9,</span> <span class='ocrx_word' id='word_1_124' title='bbox 1457 967 1513 998; x_wconf 75' lang='lat'>64.</span> <span class='ocrx_word' id='word_1_125' title='bbox 1563 965 1643 998; x_wconf 80' lang='lat' dir='ltr'>Vox</span> 
     </span>
     <span class='ocr_line' id='line_1_14' title="bbox 299 1027 1643 1073; baseline 0.004 -14"><span class='ocrx_word' id='word_1_126' title='bbox 299 1027 391 1060; x_wconf 78' lang='lat' dir='ltr'>modi</span> <span class='ocrx_word' id='word_1_127' title='bbox 414 1032 593 1072; x_wconf 87' lang='lat' dir='ltr'>praeterea</span> <span class='ocrx_word' id='word_1_128' title='bbox 615 1031 741 1073; x_wconf 84' lang='lat' dir='ltr'>legitur</span> <span class='ocrx_word' id='word_1_129' title='bbox 764 1032 920 1065; x_wconf 88' lang='lat' dir='ltr'>similiter</span> <span class='ocrx_word' id='word_1_130' title='bbox 948 1033 1056 1066; x_wconf 81' lang='lat' dir='ltr'>Ovrn.</span> <span class='ocrx_word' id='word_1_131' title='bbox 1083 1032 1216 1066; x_wconf 80' lang='lat' dir='ltr'>Amorr.</span> <span class='ocrx_word' id='word_1_132' title='bbox 1242 1032 1288 1073; x_wconf 82' lang='grc' dir='ltr'>ΙΙ,</span> <span class='ocrx_word' id='word_1_133' title='bbox 1315 1035 1349 1072; x_wconf 83' lang='grc'>8,</span> <span class='ocrx_word' id='word_1_134' title='bbox 1373 1034 1430 1064; x_wconf 80' lang='lat'>27.</span> <span class='ocrx_word' id='word_1_135' title='bbox 1465 1031 1643 1064; x_wconf 62' lang='lat' dir='ltr'>InvnNAL.</span> 
     </span>
     <span class='ocr_line' id='line_1_15' title="bbox 299 1095 1644 1138; baseline 0.001 -10"><span class='ocrx_word' id='word_1_136' title='bbox 299 1095 403 1128; x_wconf 81' lang='lat' dir='ltr'>satir.</span> <span class='ocrx_word' id='word_1_137' title='bbox 430 1096 489 1138; x_wconf 87' lang='lat' dir='ltr'>VI,</span> <span class='ocrx_word' id='word_1_138' title='bbox 513 1098 594 1130; x_wconf 83' lang='lat'>406.</span> <span class='ocrx_word' id='word_1_139' title='bbox 644 1097 804 1130; x_wconf 86' lang='lat' dir='ltr'>Ceterum</span> <span class='ocrx_word' id='word_1_140' title='bbox 833 1100 950 1131; x_wconf 86' lang='lat' dir='ltr'>unicus</span> <span class='ocrx_word' id='word_1_141' title='bbox 976 1098 1030 1131; x_wconf 77' lang='lat' dir='ltr'>hic</span> <span class='ocrx_word' id='word_1_142' title='bbox 1056 1099 1152 1131; x_wconf 89' lang='lat' dir='ltr'>locus</span> <span class='ocrx_word' id='word_1_143' title='bbox 1177 1102 1249 1138; x_wconf 89' lang='lat' dir='ltr'>est,</span> <span class='ocrx_word' id='word_1_144' title='bbox 1281 1097 1339 1130; x_wconf 90' lang='lat' dir='ltr'>ubi</span> <span class='ocrx_word' id='word_1_145' title='bbox 1365 1097 1398 1129; x_wconf 86' lang='lat' dir='ltr'>in</span> <span class='ocrx_word' id='word_1_146' title='bbox 1424 1098 1575 1130; x_wconf 84' lang='lat' dir='ltr'>carmine</span> <span class='ocrx_word' id='word_1_147' title='bbox 1601 1095 1644 1129; x_wconf 89' lang='lat' dir='ltr'>ad</span> 
     </span>
     <span class='ocr_line' id='line_1_16' title="bbox 302 1161 1648 1205; baseline 0.002 -13"><span class='ocrx_word' id='word_1_148' title='bbox 302 1161 448 1203; x_wconf 79' lang='lat' dir='ltr'>puellam</span> <span class='ocrx_word' id='word_1_149' title='bbox 475 1161 523 1194; x_wconf 87' lang='lat' dir='ltr'>ita</span> <span class='ocrx_word' id='word_1_150' title='bbox 549 1161 592 1194; x_wconf 90' lang='lat' dir='ltr'>de</span> <span class='ocrx_word' id='word_1_151' title='bbox 617 1172 658 1195; x_wconf 82' lang='lat' dir='ltr'>ea</span> <span class='ocrx_word' id='word_1_152' title='bbox 683 1163 832 1205; x_wconf 88' lang='lat' dir='ltr'>loquitur</span> <span class='ocrx_word' id='word_1_153' title='bbox 856 1162 1024 1195; x_wconf 85' lang='lat' dir='ltr'>Tibullus.</span> <span class='ocrx_word' id='word_1_154' title='bbox 1046 1181 1093 1186; x_wconf 82' lang='lat'>—-</span> <span class='ocrx_word' id='word_1_155' title='bbox 1129 1163 1172 1197; x_wconf 89' lang='lat' dir='ltr'>V.</span> <span class='ocrx_word' id='word_1_156' title='bbox 1199 1165 1245 1196; x_wconf 86' lang='lat'>53</span> <span class='ocrx_word' id='word_1_157' title='bbox 1271 1173 1322 1205; x_wconf 87' lang='lat' dir='ltr'>sq.</span> <span class='ocrx_word' id='word_1_158' title='bbox 1364 1163 1478 1196; x_wconf 84' lang='lat' dir='ltr'>satis</span> <span class='ocrx_word' id='word_1_159' title='bbox 1511 1162 1648 1195; x_wconf 85' lang='lat' dir='ltr'>anxia</span> 
     </span>
     <span class='ocr_line' id='line_1_17' title="bbox 300 1226 1648 1272; baseline 0.002 -14"><span class='ocrx_word' id='word_1_160' title='bbox 300 1226 438 1260; x_wconf 79' lang='lat' dir='ltr'>vivas.</span> <span class='ocrx_word' id='word_1_161' title='bbox 500 1227 633 1272; x_wconf 86' lang='lat' dir='ltr'>Nempe</span> <span class='ocrx_word' id='word_1_162' title='bbox 670 1230 770 1262; x_wconf 76' lang='lat' dir='ltr'>anxia</span> <span class='ocrx_word' id='word_1_163' title='bbox 808 1231 893 1271; x_wconf 88' lang='lat' dir='ltr'>erit,</span> <span class='ocrx_word' id='word_1_164' title='bbox 931 1233 970 1263; x_wconf 91' lang='lat' dir='ltr'>ut</span> <span class='ocrx_word' id='word_1_165' title='bbox 1006 1230 1119 1263; x_wconf 88' lang='lat' dir='ltr'>Furiis</span> <span class='ocrx_word' id='word_1_166' title='bbox 1156 1230 1331 1262; x_wconf 87' lang='lat' dir='ltr'>ultricibus</span> <span class='ocrx_word' id='word_1_167' title='bbox 1370 1230 1520 1272; x_wconf 76' lang='lat' dir='ltr'>agitata,</span> <span class='ocrx_word' id='word_1_168' title='bbox 1560 1239 1648 1271; x_wconf 86' lang='lat' dir='ltr'>quae</span> 
     </span>
     <span class='ocr_line' id='line_1_18' title="bbox 300 1295 1648 1340; baseline 0.002 -15"><span class='ocrx_word' id='word_1_169' title='bbox 300 1303 422 1336; x_wconf 84' lang='lat' dir='ltr'>magna</span> <span class='ocrx_word' id='word_1_170' title='bbox 449 1295 588 1328; x_wconf 88' lang='lat' dir='ltr'>crimina</span> <span class='ocrx_word' id='word_1_171' title='bbox 615 1297 741 1330; x_wconf 85' lang='lat' dir='ltr'>morbis</span> <span class='ocrx_word' id='word_1_172' title='bbox 766 1301 825 1330; x_wconf 87' lang='lat' dir='ltr'>ant</span> <span class='ocrx_word' id='word_1_173' title='bbox 860 1297 989 1330; x_wconf 84' lang='lat' dir='ltr'>insania</span> <span class='ocrx_word' id='word_1_174' title='bbox 1014 1301 1072 1330; x_wconf 80' lang='lat' dir='ltr'>ant</span> <span class='ocrx_word' id='word_1_175' title='bbox 1097 1301 1192 1330; x_wconf 87' lang='lat' dir='ltr'>metu</span> <span class='ocrx_word' id='word_1_176' title='bbox 1218 1301 1252 1330; x_wconf 89' lang='lat' dir='ltr'>et</span> <span class='ocrx_word' id='word_1_177' title='bbox 1280 1298 1468 1330; x_wconf 85' lang='lat' dir='ltr'>terroribus</span> <span class='ocrx_word' id='word_1_178' title='bbox 1493 1297 1648 1340; x_wconf 88' lang='lat' dir='ltr'>puniunt,</span> 
     </span>
     <span class='ocr_line' id='line_1_19' title="bbox 302 1359 1648 1404; baseline 0.001 -12"><span class='ocrx_word' id='word_1_179' title='bbox 302 1359 346 1392; x_wconf 81' lang='lat' dir='ltr'>cf.</span> <span class='ocrx_word' id='word_1_180' title='bbox 380 1360 491 1394; x_wconf 75' lang='lat' dir='ltr'><strong>VIRG.</strong></span> <span class='ocrx_word' id='word_1_181' title='bbox 524 1362 653 1404; x_wconf 81' lang='lat' dir='ltr'>Georg.</span> <span class='ocrx_word' id='word_1_182' title='bbox 682 1363 744 1404; x_wconf 81' lang='grc' dir='ltr'><strong>ΙΙΙ,</strong></span> <span class='ocrx_word' id='word_1_183' title='bbox 780 1366 863 1396; x_wconf 81' lang='lat'>552.</span> <span class='ocrx_word' id='word_1_184' title='bbox 912 1363 1045 1396; x_wconf 87' lang='lat' dir='ltr'>Deinde</span> <span class='ocrx_word' id='word_1_185' title='bbox 1079 1362 1171 1395; x_wconf 80' lang='lat' dir='ltr'>satis</span> <span class='ocrx_word' id='word_1_186' title='bbox 1204 1374 1281 1396; x_wconf 88' lang='lat' dir='ltr'>cum</span> <span class='ocrx_word' id='word_1_187' title='bbox 1315 1373 1486 1395; x_wconf 86' lang='lat' dir='ltr'>sarcasmo</span> <span class='ocrx_word' id='word_1_188' title='bbox 1521 1363 1648 1394; x_wconf 84' lang='lat' dir='ltr'>dictum</span> 
     </span>
     <span class='ocr_line' id='line_1_20' title="bbox 303 1427 1650 1469; baseline 0.001 -11"><span class='ocrx_word' id='word_1_189' title='bbox 303 1430 404 1468; x_wconf 87' lang='lat' dir='ltr'>puta,</span> <span class='ocrx_word' id='word_1_190' title='bbox 450 1427 734 1469; x_wconf 87' lang='lat' dir='ltr'>quemadmodum</span> <span class='ocrx_word' id='word_1_191' title='bbox 771 1427 872 1460; x_wconf 86' lang='lat' dir='ltr'>etiam</span> <span class='ocrx_word' id='word_1_192' title='bbox 908 1427 1140 1460; x_wconf 78' lang='lat' dir='ltr'>coniunctivus</span> <span class='ocrx_word' id='word_1_193' title='bbox 1174 1427 1276 1459; x_wconf 72' lang='lat' dir='ltr'>vivas</span> <span class='ocrx_word' id='word_1_194' title='bbox 1313 1427 1431 1460; x_wconf 90' lang='lat' dir='ltr'>eadem</span> <span class='ocrx_word' id='word_1_195' title='bbox 1473 1428 1515 1460; x_wconf 91' lang='lat' dir='ltr'>de</span> <span class='ocrx_word' id='word_1_196' title='bbox 1549 1438 1650 1461; x_wconf 84' lang='lat' dir='ltr'>causa</span> 
     </span>
     <span class='ocr_line' id='line_1_21' title="bbox 303 1493 1647 1536; baseline 0.001 -12"><span class='ocrx_word' id='word_1_197' title='bbox 303 1494 475 1536; x_wconf 83' lang='lat' dir='ltr'>praelatus</span> <span class='ocrx_word' id='word_1_198' title='bbox 499 1497 551 1526; x_wconf 87' lang='lat' dir='ltr'>est</span> <span class='ocrx_word' id='word_1_199' title='bbox 576 1493 690 1526; x_wconf 85' lang='lat' dir='ltr'>futuro</span> <span class='ocrx_word' id='word_1_200' title='bbox 717 1493 833 1527; x_wconf 60' lang='lat' dir='ltr'>vives,</span> <span class='ocrx_word' id='word_1_201' title='bbox 870 1493 960 1535; x_wconf 85' lang='lat' dir='ltr'>qnod</span> <span class='ocrx_word' id='word_1_202' title='bbox 988 1493 1124 1535; x_wconf 87' lang='lat' dir='ltr'>quidam</span> <span class='ocrx_word' id='word_1_203' title='bbox 1150 1494 1231 1526; x_wconf 88' lang='lat' dir='ltr'>olim</span> <span class='ocrx_word' id='word_1_204' title='bbox 1257 1493 1497 1526; x_wconf 82' lang='lat' dir='ltr'>desiderabant</span> <span class='ocrx_word' id='word_1_205' title='bbox 1523 1497 1557 1526; x_wconf 89' lang='lat' dir='ltr'>et</span> <span class='ocrx_word' id='word_1_206' title='bbox 1582 1504 1647 1526; x_wconf 91' lang='lat' dir='ltr'>nu-</span> 
     </span>
     <span class='ocr_line' id='line_1_22' title="bbox 305 1559 1651 1603; baseline -0.001 -11"><span class='ocrx_word' id='word_1_207' title='bbox 305 1570 366 1602; x_wconf 89' lang='lat' dir='ltr'>per</span> <span class='ocrx_word' id='word_1_208' title='bbox 399 1560 612 1592; x_wconf 63' lang='lat' dir='ltr'>Huscnxms</span> <span class='ocrx_word' id='word_1_209' title='bbox 647 1561 798 1603; x_wconf 87' lang='lat' dir='ltr'>reposuit</span> <span class='ocrx_word' id='word_1_210' title='bbox 833 1564 999 1602; x_wconf 89' lang='lat' dir='ltr'>sequente</span> <span class='ocrx_word' id='word_1_211' title='bbox 1031 1560 1247 1593; x_wconf 66' lang='lat' dir='ltr'>GorAEssRYo.</span> <span class='ocrx_word' id='word_1_212' title='bbox 1297 1559 1482 1593; x_wconf 83' lang='lat' dir='ltr'>Enimvero</span> <span class='ocrx_word' id='word_1_213' title='bbox 1515 1560 1548 1592; x_wconf 92' lang='lat' dir='ltr'>in</span> <span class='ocrx_word' id='word_1_214' title='bbox 1576 1570 1651 1592; x_wconf 89' lang='lat' dir='ltr'>sar-</span> 
     </span>
     <span class='ocr_line' id='line_1_23' title="bbox 304 1624 1650 1668; baseline 0.001 -12"><span class='ocrx_word' id='word_1_215' title='bbox 304 1635 419 1657; x_wconf 79' lang='lat' dir='ltr'>casmo</span> <span class='ocrx_word' id='word_1_216' title='bbox 444 1624 638 1658; x_wconf 86' lang='lat' dir='ltr'>dubitanter</span> <span class='ocrx_word' id='word_1_217' title='bbox 663 1636 766 1668; x_wconf 81' lang='lat' dir='ltr'>saepe</span> <span class='ocrx_word' id='word_1_218' title='bbox 792 1626 961 1667; x_wconf 83' lang='lat' dir='ltr'>loquimur</span> <span class='ocrx_word' id='word_1_219' title='bbox 986 1636 1061 1657; x_wconf 92' lang='lat' dir='ltr'>cum</span> <span class='ocrx_word' id='word_1_220' title='bbox 1088 1626 1138 1665; x_wconf 73' lang='lat' dir='ltr'>vi,</span> <span class='ocrx_word' id='word_1_221' title='bbox 1172 1624 1290 1660; x_wconf 77' lang='lat' dir='ltr'>credo,</span> <span class='ocrx_word' id='word_1_222' title='bbox 1325 1637 1425 1668; x_wconf 74' lang='lat' dir='ltr'>spero</span> <span class='ocrx_word' id='word_1_223' title='bbox 1452 1625 1564 1662; x_wconf 49' lang='lat' dir='ltr'>vit-es,</span> <span class='ocrx_word' id='word_1_224' title='bbox 1591 1627 1650 1658; x_wconf 86' lang='lat' dir='ltr'>ubi</span> 
     </span>
     <span class='ocr_line' id='line_1_24' title="bbox 304 1691 1652 1735; baseline 0.001 -11"><span class='ocrx_word' id='word_1_225' title='bbox 304 1692 356 1724; x_wconf 81' lang='lat' dir='ltr'>vel</span> <span class='ocrx_word' id='word_1_226' title='bbox 391 1693 538 1724; x_wconf 76' lang='lat' dir='ltr'>maxime</span> <span class='ocrx_word' id='word_1_227' title='bbox 574 1699 729 1734; x_wconf 85' lang='lat' dir='ltr'>optamus</span> <span class='ocrx_word' id='word_1_228' title='bbox 758 1696 793 1724; x_wconf 84' lang='lat' dir='ltr'>et</span> <span class='ocrx_word' id='word_1_229' title='bbox 818 1702 1006 1734; x_wconf 88' lang='lat' dir='ltr'>speramus.</span> <span class='ocrx_word' id='word_1_230' title='bbox 1064 1691 1159 1724; x_wconf 84' lang='lat' dir='ltr'>Talis</span> <span class='ocrx_word' id='word_1_231' title='bbox 1189 1696 1241 1724; x_wconf 87' lang='lat' dir='ltr'>est</span> <span class='ocrx_word' id='word_1_232' title='bbox 1267 1691 1356 1735; x_wconf 88' lang='lat' dir='ltr'>apud</span> <span class='ocrx_word' id='word_1_233' title='bbox 1382 1693 1537 1725; x_wconf 87' lang='lat' dir='ltr'>Graecos</span> <span class='ocrx_word' id='word_1_234' title='bbox 1571 1703 1652 1726; x_wconf 86' lang='lat' dir='ltr'>usus</span> 
     </span>
     <span class='ocr_line' id='line_1_25' title="bbox 305 1758 1654 1802; baseline 0.001 -11"><span class='ocrx_word' id='word_1_235' title='bbox 305 1769 338 1791; x_wconf 81' lang='lat' dir='ltr'>v.</span> <span class='ocrx_word' id='word_1_236' title='bbox 361 1759 441 1796; x_wconf 77' lang='grc' dir='ltr'><em>ἴσως</em></span> <span class='ocrx_word' id='word_1_237' title='bbox 466 1760 499 1792; x_wconf 89' lang='lat' dir='ltr'>in</span> <span class='ocrx_word' id='word_1_238' title='bbox 524 1760 776 1792; x_wconf 83' lang='lat' dir='ltr'>asseveratione</span> <span class='ocrx_word' id='word_1_239' title='bbox 801 1760 986 1792; x_wconf 62' lang='lat' dir='ltr'>sareas-tica</span> <span class='ocrx_word' id='word_1_240' title='bbox 1010 1762 1049 1791; x_wconf 89' lang='lat' dir='ltr'>ut</span> <span class='ocrx_word' id='word_1_241' title='bbox 1074 1759 1271 1792; x_wconf 65' lang='lat' dir='ltr'>Amswopn.</span> <span class='ocrx_word' id='word_1_242' title='bbox 1299 1758 1389 1792; x_wconf 76' lang='lat' dir='ltr'>Nub.</span> <span class='ocrx_word' id='word_1_243' title='bbox 1416 1762 1528 1792; x_wconf 80' lang='lat'>1323:</span> <span class='ocrx_word' id='word_1_244' title='bbox 1563 1761 1654 1802; x_wconf 73' lang='grc' dir='ltr'><em>ἴσως,</em></span> 
     </span>
     <span class='ocr_line' id='line_1_26' title="bbox 306 1818 1654 1868; baseline 0.002 -13"><span class='ocrx_word' id='word_1_245' title='bbox 306 1825 386 1861; x_wconf 74' lang='grc' dir='ltr'><em>ἴσως</em></span> <span class='ocrx_word' id='word_1_246' title='bbox 411 1821 617 1868; x_wconf 66' lang='grc' dir='ltr'>βουλήσεται</span> <span class='ocrx_word' id='word_1_247' title='bbox 644 1821 796 1862; x_wconf 61' lang='grc' dir='ltr'><em>κᾶφωνον</em></span> <span class='ocrx_word' id='word_1_248' title='bbox 823 1821 928 1856; x_wconf 56' lang='lat' dir='ltr'>aziz-du</span> <span class='ocrx_word' id='word_1_249' title='bbox 953 1818 1057 1863; x_wconf 65' lang='grc' dir='ltr'><em>εἶναι,</em></span> <span class='ocrx_word' id='word_1_250' title='bbox 1091 1824 1181 1866; x_wconf 89' lang='lat' dir='ltr'>quod</span> <span class='ocrx_word' id='word_1_251' title='bbox 1217 1828 1336 1858; x_wconf 84' lang='lat' dir='ltr'>notare</span> <span class='ocrx_word' id='word_1_252' title='bbox 1368 1824 1539 1858; x_wconf 84' lang='lat' dir='ltr'>debebant</span> <span class='ocrx_word' id='word_1_253' title='bbox 1562 1826 1654 1858; x_wconf 81' lang='lat' dir='ltr'>REI-</span> 
     </span>
     <span class='ocr_line' id='line_1_27' title="bbox 307 1889 1653 1934; baseline 0.003 -12"><span class='ocrx_word' id='word_1_254' title='bbox 307 1901 424 1923; x_wconf 82' lang='lat' dir='ltr'>SIGIUS</span> <span class='ocrx_word' id='word_1_255' title='bbox 462 1894 496 1924; x_wconf 90' lang='lat' dir='ltr'>et</span> <span class='ocrx_word' id='word_1_256' title='bbox 531 1891 765 1924; x_wconf 74' lang='lat' dir='ltr'><strong>HERMANNUS</strong></span> <span class='ocrx_word' id='word_1_257' title='bbox 802 1891 844 1924; x_wconf 87' lang='lat' dir='ltr'>ad</span> <span class='ocrx_word' id='word_1_258' title='bbox 881 1889 986 1934; x_wconf 86' lang='lat' dir='ltr'>Soph.</span> <span class='ocrx_word' id='word_1_259' title='bbox 1025 1891 1112 1924; x_wconf 92' lang='lat' dir='ltr'>Oed.</span> <span class='ocrx_word' id='word_1_260' title='bbox 1149 1891 1224 1925; x_wconf 90' lang='lat' dir='ltr'>Col.</span> <span class='ocrx_word' id='word_1_261' title='bbox 1256 1894 1336 1924; x_wconf 85' lang='lat'>661.</span> <span class='ocrx_word' id='word_1_262' title='bbox 1397 1891 1551 1926; x_wconf 88' lang='lat' dir='ltr'>Eandem</span> <span class='ocrx_word' id='word_1_263' title='bbox 1588 1894 1653 1926; x_wconf 75' lang='lat' dir='ltr'>vim</span> 
     </span>
     <span class='ocr_line' id='line_1_28' title="bbox 307 1953 1655 1999; baseline 0.002 -12"><span class='ocrx_word' id='word_1_264' title='bbox 307 1956 433 1998; x_wconf 84' lang='lat' dir='ltr'>passim</span> <span class='ocrx_word' id='word_1_265' title='bbox 466 1956 565 1989; x_wconf 86' lang='lat' dir='ltr'>etiam</span> <span class='ocrx_word' id='word_1_266' title='bbox 600 1956 770 1999; x_wconf 79' lang='lat' dir='ltr'>optativus</span> <span class='ocrx_word' id='word_1_267' title='bbox 804 1966 881 1988; x_wconf 88' lang='lat' dir='ltr'>cum</span> <span class='ocrx_word' id='word_1_268' title='bbox 916 1958 1082 1999; x_wconf 86' lang='lat' dir='ltr'>particula</span> <span class='ocrx_word' id='word_1_269' title='bbox 1116 1953 1157 1988; x_wconf 76' lang='grc' dir='ltr'>ἰέν</span> <span class='ocrx_word' id='word_1_270' title='bbox 1191 1962 1249 1990; x_wconf 85' lang='lat' dir='ltr'>aut</span> <span class='ocrx_word' id='word_1_271' title='bbox 1277 1958 1427 1990; x_wconf 87' lang='lat' dir='ltr'>futurum</span> <span class='ocrx_word' id='word_1_272' title='bbox 1462 1956 1581 1999; x_wconf 80' lang='lat' dir='ltr'>habet,</span> <span class='ocrx_word' id='word_1_273' title='bbox 1617 1963 1655 1991; x_wconf 86' lang='lat' dir='ltr'>ut</span> 
     </span>
     <span class='ocr_line' id='line_1_29' title="bbox 310 2018 1656 2068; baseline 0.001 -15"><span class='ocrx_word' id='word_1_274' title='bbox 310 2022 509 2054; x_wconf 80' lang='lat' dir='ltr'><strong>ARISTOPH.</strong></span> <span class='ocrx_word' id='word_1_275' title='bbox 541 2021 630 2054; x_wconf 81' lang='lat' dir='ltr'>Nub.</span> <span class='ocrx_word' id='word_1_276' title='bbox 666 2024 777 2054; x_wconf 83' lang='lat'>1160:</span> <span class='ocrx_word' id='word_1_277' title='bbox 821 2018 918 2053; x_wconf 60' lang='grc' dir='ltr'>οιῗόὲν</span> <span class='ocrx_word' id='word_1_278' title='bbox 949 2019 1015 2066; x_wconf 60' lang='lat'>7129</span> <span class='ocrx_word' id='word_1_279' title='bbox 1051 2020 1092 2055; x_wconf 70' lang='grc' dir='ltr'>[ἰν</span> <span class='ocrx_word' id='word_1_280' title='bbox 1125 2036 1164 2062; x_wconf 77' lang='grc' dir='ltr'>με</span> <span class='ocrx_word' id='word_1_281' title='bbox 1200 2024 1350 2068; x_wconf 63' lang='grc' dir='ltr'>φλαῦρον</span> <span class='ocrx_word' id='word_1_282' title='bbox 1383 2021 1563 2068; x_wconf 67' lang='grc' dir='ltr'>ἓρ)ἰἷσεο’θ’</span> <span class='ocrx_word' id='word_1_283' title='bbox 1595 2024 1656 2063; x_wconf 58' lang='grc' dir='ltr'>ἔτι,</span> 
     </span>
     <span class='ocr_line' id='line_1_30' title="bbox 310 2087 1653 2134; baseline 0.004 -15"><span class='ocrx_word' id='word_1_284' title='bbox 310 2087 400 2129; x_wconf 87' lang='lat' dir='ltr'>quod</span> <span class='ocrx_word' id='word_1_285' title='bbox 426 2087 580 2120; x_wconf 85' lang='lat' dir='ltr'>fraudem</span> <span class='ocrx_word' id='word_1_286' title='bbox 602 2087 684 2120; x_wconf 85' lang='lat' dir='ltr'>fecit</span> <span class='ocrx_word' id='word_1_287' title='bbox 704 2087 873 2121; x_wconf 69' lang='lat' dir='ltr'>Rmsmxo</span> <span class='ocrx_word' id='word_1_288' title='bbox 900 2090 943 2122; x_wconf 83' lang='lat' dir='ltr'>ad</span> <span class='ocrx_word' id='word_1_289' title='bbox 969 2089 1088 2123; x_wconf 72' lang='lat' dir='ltr'>Nubes</span> <span class='ocrx_word' id='word_1_290' title='bbox 1114 2102 1145 2134; x_wconf 92' lang='lat' dir='ltr'>p.</span> <span class='ocrx_word' id='word_1_291' title='bbox 1169 2093 1248 2123; x_wconf 82' lang='lat'>102.</span> <span class='ocrx_word' id='word_1_292' title='bbox 1299 2092 1528 2124; x_wconf 85' lang='lat' dir='ltr'>Grammatice</span> <span class='ocrx_word' id='word_1_293' title='bbox 1554 2092 1653 2124; x_wconf 89' lang='lat' dir='ltr'>dubi-</span> 
     </span>
    </p>
   </div>
   <div class='ocr_carea' id='block_1_3' title="bbox 313 2155 1657 2263">
    <p class='ocr_par' dir='ltr' id='par_1_3' title="bbox 313 2155 1657 2263">
     <span class='ocr_line' id='line_1_31' title="bbox 313 2155 1657 2202; baseline 0.004 -16"><span class='ocrx_word' id='word_1_294' title='bbox 313 2159 426 2187; x_wconf 81' lang='lat' dir='ltr'>tanter</span> <span class='ocrx_word' id='word_1_295' title='bbox 454 2155 604 2197; x_wconf 84' lang='lat' dir='ltr'>loquitur</span> <span class='ocrx_word' id='word_1_296' title='bbox 629 2155 869 2198; x_wconf 83' lang='lat' dir='ltr'>Strepsiades‚</span> <span class='ocrx_word' id='word_1_297' title='bbox 895 2157 995 2190; x_wconf 84' lang='lat' dir='ltr'>aliter</span> <span class='ocrx_word' id='word_1_298' title='bbox 1018 2157 1165 2201; x_wconf 85' lang='lat' dir='ltr'>intelligi</span> <span class='ocrx_word' id='word_1_299' title='bbox 1190 2158 1271 2191; x_wconf 77' lang='lat' dir='ltr'>vult.</span> <span class='ocrx_word' id='word_1_300' title='bbox 1299 2177 1344 2182; x_wconf 90' lang='lat'><em>-</em></span> <span class='ocrx_word' id='word_1_301' title='bbox 1378 2159 1594 2202; x_wconf 74' lang='lat' dir='ltr'>Noverit,</span> <span class='ocrx_word' id='word_1_302' title='bbox 1628 2160 1657 2192; x_wconf 90' lang='lat' dir='ltr'>si</span> 
     </span>
     <span class='ocr_line' id='line_1_32' title="bbox 314 2219 808 2263; baseline 0.004 -11"><span class='ocrx_word' id='word_1_303' title='bbox 314 2220 477 2262; x_wconf 78' lang='lat' dir='ltr'>moverit,</span> <span class='ocrx_word' id='word_1_304' title='bbox 506 2219 549 2255; x_wconf 82' lang='lat' dir='ltr'>cf.</span> <span class='ocrx_word' id='word_1_305' title='bbox 576 2220 617 2253; x_wconf 83' lang='lat' dir='ltr'>ad</span> <span class='ocrx_word' id='word_1_306' title='bbox 637 2221 669 2262; x_wconf 88' lang='grc' dir='ltr'>-Ι,</span> <span class='ocrx_word' id='word_1_307' title='bbox 693 2224 724 2263; x_wconf 85' lang='grc'>6,</span> <span class='ocrx_word' id='word_1_308' title='bbox 751 2224 808 2254; x_wconf 82' lang='lat'>53.</span> 
     </span>
    </p>
   </div>
  </div>
 </body>
</html>
