1721 2953
261 131 310 166 02
567 121 935 164 COMMENTAR.
965 122 1024 163 IN
1054 122 1280 163 TIBULLI

259 240 335 274 inde
360 239 454 274 addit
473 247 583 272 saxa
604 237 727 272 molliri
746 237 904 282 paulatim
929 247 1028 281 aqua,
1054 237 1208 271 similiter
1229 238 1260 271 in
1285 248 1410 280 amore,
1437 241 1475 272 ut
1495 238 1600 279 vides,

259 306 436 339 vincuntur
462 303 557 336 molli
582 307 723 347 pectora
749 302 833 336 dura
859 315 982 348 prece,
1010 305 1073 347 ΙΙΙ,
1097 306 1131 346 4,
1156 306 1214 337 76.
1263 304 1315 337 De
1351 315 1382 339 v.
1417 304 1602 348 peredit

259 372 302 405 cf.
328 372 491 404 Lucuss'r.
515 369 542 411 I,
568 371 649 403 327.
699 369 750 403 Ad
786 371 989 404 sententiam
1022 370 1100 404 vide
1130 370 1343 411 Multarum
1379 370 1601 403 ssnoucmw-

258 448 332 470 ειυς
367 441 541 480 comparat
568 436 676 470 Ovm.
703 437 776 470 Art.
803 437 876 470 Am.
902 437 930 478 Ι,
953 439 1043 470 476:
1082 435 1178 481 Quid
1194 436 1314 485 gagis
1339 441 1392 468 est
1417 446 1504 468 saxo
1530 435 1597 467 du-

257 512 355 536 rum,
393 499 482 546 quid
510 499 650 534 mollius
683 498 810 533 unda?
865 501 972 534 Dara
1007 507 1125 533 tamen
1162 499 1257 532 molli
1294 511 1385 532 saxa
1425 505 1601 531 cavantur

257 575 366 610 aqua.
413 565 600 599 Praeterea
635 575 656 598 e
689 564 833 599 Graecis
864 569 982 599 notum
1016 569 1070 599 est
1101 567 1250 607 τέγγων,
1286 575 1374 608 aqua
1407 565 1538 598 mollire
1565 568 1598 598 et

256 639 442 673 macerare,
467 630 659 664 Vitcxmv.
677 629 720 663 ad
739 629 823 663 Eur.
843 629 984 674 Hippol.
1009 641 1042 664 v.
1060 633 1142 664 303.
1167 631 1317 665 Runnx.
1343 629 1386 663 ad
1406 630 1495 664 Tim.
1512 629 1600 663 Lex,

253 707 287 740 p.
313 698 395 732 248.
444 696 544 731 Unde
569 692 731 739 ἄτεγκτος
757 707 807 741 pr.
834 693 1001 742 σκληρός,
1027 695 1219 736 ἀμείλικτος
1245 697 1310 730 dici
1335 701 1489 738 constat,
1512 707 1543 730 v.
1570 707 1599 731 c.

255 763 365 797 Sopn.
392 763 480 798 Oed.
506 764 552 798 R.
578 766 659 797 336.
709 763 786 797 Hae
822 764 927 806 igitur
961 763 1198 797 similitudines
1222 767 1364 807 apertae
1387 768 1477 797 sunt.
1525 762 1598 798 Sed

254 830 364 864 minus
389 834 529 874 apertae
553 830 662 875 primo
687 829 851 874 adspectu
877 833 1071 872 sequentes.
1130 831 1174 862 At
1199 828 1288 862 enim
1313 839 1421 862 uvas
1447 833 1599 863 matura-

254 898 307 928 tas
330 899 434 939 poeta
458 894 573 928 laudat
597 894 730 939 opinor,
754 904 829 927 cum
856 894 958 927 etiam
984 893 1108 928 amoris
1133 893 1280 928 fructum
1304 894 1437 929 dulcem
1463 899 1597 939 tempus

254 964 427 994 maturare
452 961 587 1003 debeat,
611 965 792 1003 antequam
817 960 954 1005 decerpi
980 963 1098 1004 possit,
1126 965 1160 994 et
1185 960 1467 1003 quemadmodum
1493 973 1599 996 annus

256 1025 288 1058 in
324 1025 419 1059 caelo
454 1026 552 1068 agit
582 1036 610 1059 s.
635 1025 774 1059 adducit
807 1025 960 1059 lucida
993 1025 1143 1059 sidera
1178 1031 1272 1060 certa
1297 1027 1392 1067 vie'e,
1426 1028 1476 1061 sic
1501 1029 1601 1061 etiam

254 1092 381 1125 amoris
404 1092 490 1125 verti
516 1096 657 1135 possunt
680 1096 845 1136 tempora.
896 1093 1050 1126 Observa
1083 1102 1185 1136 porro
1217 1092 1478 1126 concinnitatem
1504 1104 1598 1127 com—

254 1156 442 1200 positionis.
493 1156 582 1190 Nam
606 1160 644 1189 ut
669 1158 702 1190 in
728 1157 837 1200 primo
862 1155 1007 1190 disticho
1031 1157 1124 1190 feros
1151 1157 1264 1190 teones
1300 1162 1335 1191 et
1366 1168 1410 1191 ex
1435 1158 1597 1211 inanima-

254 1222 299 1254 tis
325 1221 417 1264 quod
444 1221 678 1264 durissimum,
716 1232 799 1255 saxa
832 1222 1043 1265 composuit,
1080 1222 1129 1255 sic
1154 1222 1196 1255 de
1222 1223 1331 1256 altero
1357 1224 1599 1267 recordaberis,

255 1285 408 1328 legitime
441 1286 532 1330 apud
566 1290 700 1320 veteres
733 1287 869 1328 frugum
897 1287 1103 1320 incrementa
1128 1298 1168 1320 ac
1194 1289 1424 1323 maturitatem
1452 1299 1486 1323 et
1509 1292 1601 1324 side-

255 1361 330 1384 rum
358 1356 452 1384 ortns
476 1353 647 1395 coniungi.
697 1354 826 1389 Quodsi
861 1354 1007 1396 denique
1042 1355 1144 1387 etiam
1170 1355 1326 1388 ordinem
1352 1366 1463 1389 rerum
1488 1360 1599 1389 atten-

255 1415 377 1457 dimus,
402 1421 495 1450 recte
521 1422 621 1460 poeta
647 1419 796 1451 secundo
824 1419 898 1451 ioco
924 1419 1037 1462 posuit
1062 1429 1114 1461 ea,
1140 1430 1283 1462 quorum
1309 1421 1454 1454 maxima
1478 1421 1529 1454 vis
1554 1421 1596 1454 ad

255 1480 441 1514 faciendam
475 1482 596 1523 fidem,
633 1493 709 1516 cum
746 1484 830 1516 caeli
865 1488 959 1516 certa
996 1484 1068 1516 vice
1102 1489 1274 1526 regantur.
1332 1485 1421 1519 Nam
1461 1487 1597 1530 longa

253 1545 348 1580 dies
382 1547 587 1581 indefinitius
624 1553 658 1581 et
693 1549 800 1581 maius
835 1553 968 1592 tempus
1002 1548 1150 1590 indicat,
1185 1560 1326 1583 annus
1360 1551 1534 1586 definitum
1560 1558 1596 1586 et

253 1612 400 1655 brevius,
432 1619 468 1647 et
492 1625 569 1647 cum
595 1615 709 1658 priora
734 1620 874 1649 eventus
901 1616 1019 1649 incerti
1046 1616 1209 1659 temporis
1235 1615 1390 1659 habeant,
1416 1618 1532 1651 ultimo
1558 1619 1591 1652 in

251 1677 396 1712 disticho
428 1689 468 1712 ea
502 1680 634 1723 posuit,
669 1690 811 1722 quorum
847 1680 1055 1712 certissimus
1089 1685 1143 1713 est
1177 1681 1264 1714 intra
1296 1685 1426 1715 certum
1462 1687 1595 1726 tempus

252 1748 404 1777 eventus.
429 1761 476 1767 -—-
516 1745 556 1778 V.
580 1747 625 1777 21
652 1755 726 1788 sqq.
777 1744 869 1778 Nec
904 1745 1056 1778 iurare
1092 1746 1207 1779 time.
1259 1746 1412 1781 Vidimus
1436 1754 1595 1783 constan-

252 1810 331 1843 tiam
358 1809 587 1844 commendari
617 1810 760 1844 amatori
784 1811 818 1843 in
853 1810 1090 1854 persequendo
1116 1812 1278 1854 consilio,
1312 1812 1456 1846 necdum
1481 1813 1593 1848 disce·

249 1875 321 1918 dit,
346 1877 487 1920 opinor,
512 1877 555 1909 ab
581 1876 645 1910 hoc
669 1876 819 1910 themate
843 1878 1012 1922 Priapus,
1036 1878 1097 1911 sed
1124 1889 1201 1912 cum
1226 1882 1328 1912 tenax
1356 1882 1519 1923 propositi
1545 1881 1594 1914 vir

250 1939 328 1972 nihil
355 1941 475 1983 sugere
500 1941 623 1975 debeat
648 1942 739 1985 quod
766 1942 929 1986 prodesse
956 1944 1075 1987 possit,
1101 1943 1185 1977 deus
1207 1955 1294 1978 nunc
1319 1945 1424 1979 instar
1445 1948 1593 1980 omnium

248 2006 478 2041 iusiurandum
514 2009 683 2050 nominat,
721 2014 879 2053 tanquam
914 2011 1096 2044 maximum
1131 2012 1165 2044 in
1200 2011 1334 2045 talibus.
1392 2011 1458 2044 Est
1489 2013 1593 2055 igitur

249 2083 373 2106 nexus:
414 2074 487 2107 Nec
513 2075 626 2108 iurare
653 2076 755 2117 time,
780 2077 840 2110 sed
867 2078 1021 2121 pertinax
1050 2088 1186 2121 semper
1214 2079 1248 2110 in
1272 2078 1408 2122 incepto
1434 2080 1485 2111 vei
1512 2090 1591 2122 per-

249 2138 335 2170 iurio
360 2143 469 2180 utere,
495 2140 551 2172 ubi
577 2141 802 2178 commodum.
829 2161 874 2166 —-
911 2143 1031 2176 venti
1056 2143 1189 2176 irrita
1214 2143 1312 2177 feru
1325 2156 1344 2178 n
1355 2150 1378 2179 t.
1429 2145 1590 2178 Usitatis—

248 2203 332 2236 sima
357 2204 497 2246 locutio,
523 2210 561 2238 ut
586 2210 728 2247 constat,
754 2206 796 2239 de
821 2206 873 2249 iis,
898 2218 983 2250 quae
1006 2207 1048 2240 ad
1074 2208 1204 2241 irritum
1225 2209 1359 2242 cadunt.
1410 2209 1462 2243 Cf.
1488 2210 1588 2242 Gssu—

249 2280 401 2303 nummu
435 2271 477 2304 ad
512 2271 543 2305 h.
579 2272 642 2306 loe.
685 2274 821 2307 Ixcons.
857 2274 899 2307 ad
934 2273 1115 2317 Anthoiog.
1152 2275 1195 2307 T.
1223 2275 1282 2308 111.
1317 2276 1356 2310 P.
1384 2276 1410 2309 l.
1448 2288 1479 2320 p.
1504 2277 1584 2308 237.

250 2336 481 2370 Mr'rscnssnn.
507 2338 550 2371 ad
576 2339 696 2373 Horat.
723 2341 750 2382 1,
774 2344 831 2383 26,
853 2344 886 2373 ⁴2.
936 2341 1009 2375 Nos
1034 2342 1077 2375 ad
1104 2343 1210 2375 Pus-o.
1238 2342 1339 2384 Pyth.
1366 2342 1423 2376 VI.
1451 2354 1483 2385 p.
1503 2344 1587 2377 273.

249 2401 350 2437 Quod
371 2401 521 2436 additum
544 2403 595 2437 hic
622 2415 694 2448 per
720 2410 867 2440 terras
893 2412 936 2440 et
960 2408 1098 2447 freta,
1125 2413 1228 2450 anget
1254 2408 1318 2440 vim
1346 2406 1527 2440 locutionis
1552 2411 1586 2440 et

247 2467 432 2509 significat:
459 2469 559 2511 longe
585 2471 761 2509 miserunt,
787 2473 829 2506 cf.
856 2473 881 2514 1,
907 2477 939 2515 ὃ,
969 2477 1026 2507 35.
1077 2476 1121 2507 At
1155 2484 1234 2516 per
1269 2473 1383 2505 freta
1417 2483 1587 2506 summa

247 2537 315 2566 est:
349 2545 408 2577 per
433 2536 645 2578 superficiem
672 2538 790 2579 mam,
817 2549 843 2571 s.
871 2550 974 2581 saper
1002 2549 1172 2583 aequora,
1211 2541 1247 2570 ut
1272 2537 1319 2570 ait
1352 2537 1515 2570 annu'r.
1546 2538 1584 2576 V,

251 2601 348 2633 1226.
385 2601 539 2635 laudatus
572 2614 590 2636 a
628 2605 776 2639 Υιωίο,
829 2606 928 2641 Quod
965 2616 1029 2638 non
1065 2609 1115 2638 est
1150 2604 1328 2638 ridiculum
1356 2609 1414 2637 aut
1440 2605 1583 2638 otiosum
