1721 2953
484 158 625 198 LIBR.
658 158 687 196 l.
745 154 904 198 ELEG.
938 154 991 193 Χ.
1331 154 1410 188 ειη

62 273 295 306 Estote-xnus.
331 269 415 304 infra
450 269 492 302 nd
526 268 572 309 ΙΙ,
596 271 629 310 7,
654 269 695 300 21
727 265 780 310 (6,
805 265 890 310 39),
929 267 1129 299 llluunswm
1164 261 1207 298 ad
1231 260 1408 306 Lycophr.

64 351 96 382 p.
111 340 191 371 306.
219 337 409 370 DRAKENB.
428 333 470 366 ad
486 334 547 366 Sil.
564 332 605 366 lt.
624 332 704 374 XII,
720 334 804 366 545.
850 332 957 365 Aliter
974 332 1244 365 Knmnwonrn.
1265 327 1414 372 explicat

64 403 175 437 exesis
208 404 251 437 de
284 412 401 436 eorum
435 400 552 443 genis,
591 399 647 443 qui
673 400 766 432 lenta
792 402 901 432 morte
929 398 1099 441 absumpti
1124 397 1168 430 ad
1191 396 1333 430 maciem
1357 405 1416 428 rea

63 471 153 504 dacti
187 473 284 511 sunt,
325 478 524 512 comparans
558 467 669 500 Srrm.
707 466 793 499 Silv.
818 464 864 506 H,
891 467 923 505 1,
951 466 1030 497 154.
1073 465 1150 497 Su„
1175 463 1228 496 IT.
1254 462 1300 504 II,
1325 463 1414 501 4663

65 535 124 569 sed
149 535 306 568 Tibullus
332 544 399 566 non
425 533 468 566 de
495 542 564 565 uno
590 530 738 574 quodam
764 538 892 572 genere
918 532 1128 561 mortuorum
1154 527 1322 571 loquitur,
1355 524 1413 559 sed

65 600 106 634 de
138 600 294 634 omnibus
327 599 527 642 generatim.
580 600 693 640 Atque
729 595 813 630 haec
850 595 989 638 quidem
1021 595 1063 628 de
1094 593 1155 628 his.
1204 593 1416 628 Hnscnxms

65 669 155 712 quod
180 669 212 702 in
237 667 332 701 libris
356 670 427 709 est,
458 664 657 710 percussis,
694 667 809 706 tenet,
849 663 899 696 sic
924 664 1098 707 explicans
1124 667 1163 696 ut
1186 662 1345 706 suppleat
1369 667 1417 693 tt-

66 746 180 773 more,-
213 744 288 767 esse
313 743 420 776 genas
445 741 571 776 pavore
598 729 769 763 informes.
818 728 890 763 Sed
917 739 982 762 non
1008 728 1164 773 probavit
1189 728 1345 761 absolute
1371 728 1420 761 sic.

69 802 148 844 poni
173 811 274 845 posse
293 810 509 844 percussus;
536 797 669 831 accedit
693 795 785 840 quod
811 795 937 840 pallida
964 800 1143 840 praeterea
1170 795 1294 828 dicitur
1319 794 1419 828 turba

70 872 103 901 et
128 867 218 910 quod
244 865 297 899 hic
322 866 399 898 talis
422 865 517 898 notio
542 864 737 907 requiritur,
767 874 854 907 quae
874 863 1098 906 sequentibus
1119 866 1220 896 usto
1245 862 1419 906 capillo

68 933 250 967 conformis
273 932 327 965 sit.
378 932 529 966 Vossms
560 935 595 964 et
620 931 782 963 Brlclssns
804 927 980 974 perculsis
1006 931 1221 971 receperunt,
1247 928 1304 961 ille
1329 930 1419 961 atto-

68 1001 155 1033 nitas
179 1002 272 1033 metu
299 999 417 1032 mortis
440 998 636 1040 intelligens
671 1007 797 1040 genas,
834 995 888 1029 hic
918 997 994 1038 rogi
1028 995 1170 1028 flammis
1196 994 1422 1038 perturbatas,

71 1066 131 1099 sed
156 1069 277 1099 neuter
310 1063 445 1097 dicendi
478 1074 576 1096 usum
601 1062 772 1107 probavit.
820 1063 908 1096 Post
931 1061 1016 1095 haec
1040 1061 1121 1104 quid
1147 1071 1227 1094 vere
1253 1060 1425 1104 scripserit

72 1132 239 1174 Tibullus,
263 1130 360 1165 vides
387 1130 453 1164 diei
481 1140 548 1163 non
575 1140 699 1173 posse3
723 1129 806 1162 illud
831 1133 946 1162 autem
972 1132 1102 1162 certum
1128 1127 1236 1161 habeo
1262 1130 1426 1171 turpataS,

72 1197 262 1239 deformes,
287 1196 482 1241 absumptas
507 1197 587 1240 igne
612 1207 719 1239 genas
745 1196 788 1229 ab
815 1206 856 1230 eo
884 1195 936 1229 hic
962 1196 1151 1238 cogitatas;
1174 1205 1252 1228 nam
1277 1193 1341 1228 hoc
1366 1205 1425 1228 so-

74 1264 143 1297 lum
178 1263 281 1296 nexui
314 1264 484 1297 convenit.
534 1263 624 1297 Nam
649 1264 752 1297 talem
778 1262 831 1297 hie
858 1263 1052 1307 opinionem
1077 1263 1236 1305 sequitur·
1256 1261 1425 1302 Tibullus,

75 1330 206 1363 tristem
229 1334 440 1363 mortuorum
468 1328 698 1362 conditionem
724 1328 803 1361 data
828 1338 934 1372 opera
959 1327 1158 1370 depingens.
1210 1327 1328 1361 Quare
1352 1326 1428 1359 nulw

75 1396 139 1428 lius
164 1395 327 1428 momenti
362 1398 441 1428 sunt
473 1404 562 1437 quae
587 1393 739 1427 Vossms
775 1392 920 1436 opponit
945 1391 1035 1435 apud
1059 1391 1145 1424 alios
1169 1390 1306 1423 umbras
1330 1391 1429 1423 aliter

74 1461 242 1504 describi,
277 1471 379 1505 quem
403 1471 486 1494 vero
514 1461 627 1494 locum
655 1471 699 1493 ex
726 1460 972 1495 QUINTILIAN.
998 1458 1187 1491 Declamat.
1212 1456 1257 1498 X,
1289 1468 1322 1501 p.
1348 1458 1427 1490 140.

73 1530 196 1572 affert,
231 1529 279 1562 ibi
312 1528 408 1562 vides
444 1531 637 1569 mortuum,
671 1526 729 1569 qui
764 1532 878 1560 totam
913 1526 1109 1572 reliquerat
1142 1531 1297 1560 mortem.
1358 1525 1428 1558 De—

75 1596 215 1640 scriptio
250 1595 316 1630 iam
349 1596 392 1629 ab
426 1595 585 1629 Hssnzsm
620 1595 745 1628 collata
772 1594 971 1636 ceteroquin
1006 1593 1154 1626 illustrat
1187 1591 1275 1625 bene
1308 1590 1429 1624 Tibul-

76 1664 216 1696 lum.—
240 1663 283 1697 V.
297 1665 343 1695 39
360 1672 435 1705 sqq.
461 1662 569 1695 Redit
588 1661 631 1694 ad
652 1661 859 1705 oppositum.
900 1661 1039 1696 Quam
1065 1659 1220 1702 potius
1244 1656 1428 1690 laudan-

80 1729 160 1761 dus
186 1727 256 1761 hic
282 1732 360 1761 est.
419 1727 543 1760 Dicas:
569 1726 773 1770 prudentior
797 1725 863 1768 hic,
888 1725 946 1768 qui
972 1725 1091 1768 procul
1116 1735 1136 1756 a
1163 1722 1325 1767 periculis
1349 1722 1429 1756 belli

77 1794 150 1828 ctio
173 1793 297 1827 fruitur
321 1793 355 1826 in
381 1802 492 1835 eoque
519 1793 744 1826 consenescit.
795 1791 868 1825 Sed
893 1795 989 1825 verte
1017 1790 1149 1834 potius:
1186 1789 1270 1822 felix
1293 1789 1431 1832 praedi-

80 1859 207 1894 candus
235 1862 310 1901 est,
345 1859 389 1892 de
424 1868 492 1901 qua
517 1857 768 1900 significatione
792 1856 870 1890 vide
903 1857 1095 1899 interprctt.
1121 1853 1163 1888 ad
1188 1854 1332 1888 Honw.
1358 1855 1432 1888 Sat.

83 1928 111 1967 l,
138 1928 169 1967 1,
192 1927 283 1959 3.-
310 1924 518 1968 Occupat
545 1926 757 1964 senecta,
783 1920 827 1955 cf.
851 1920 997 1954 HoRAT.
1023 1920 1135 1964 Epist.
1157 1920 1185 1962 I,
1208 1923 1267 1962 20,
1294 1922 1348 1953 18.
1376 1920 1432 1952 ubi

81 1991 158 2025 vide
183 1993 410 2025 Scnnunmm·
457 1991 542 2024 Est:
580 1990 715 2035 obrepit
740 1991 890 2032 sensim,
926 1999 993 2022 non
1018 1988 1210 2030 intellecta,
1243 1997 1331 2021 nunc
1356 1988 1433 2031 qui*

81 2058 179 2100 (lem,
215 2057 296 2090 dum
329 2056 476 2090 feliciter
509 2057 642 2089 vivitur.
691 2055 802 2089 Porro
828 2065 906 2088 cum
932 2055 1032 2099 pigra
1055 2057 1215 2087 senectus
1241 2057 1433 2097 opponatur

83 2124 184 2158 morti
207 2126 445 2167 praematurae
470 2123 504 2155 in
529 2122 729 2163 iuventute,
752 2120 847 2154 vides
872 2130 940 2154 non
965 2119 1068 2153 otiari
1091 2118 1267 2164 epitheton
1293 2120 1432 2163 pigra,

82 2191 163 2223 licet
189 2190 293 2231 vulgo
325 2192 529 2232 perpetuum
555 2187 600 2220 sit
635 2185 844 2228 senectutis;
884 2196 990 2230 saepe
1014 2185 1104 2219 enim
1131 2188 1287 2218 notamus
1311 2184 1344 2217 in
1371 2195 1433 2227 op-

85 2255 309 2300 positionibus
334 2254 483 2296 intendi,
516 2256 614 2296 acui,
638 2255 759 2297 augeri
784 2254 896 2287 solere
920 2253 988 2287 vim
1013 2252 1158 2286 nominis
1184 2250 1343 2296 epithetis
1371 2250 1434 2284 hu-

84 2321 230 2355 iusmodi
263 2320 396 2354 additis.
421 2339 468 2345 —-
504 2321 591 2355 Mox
631 2321 760 2354 filius
790 2330 935 2364 agnos
970 2318 1182 2362 (sectatur),
1216 2319 1344 2363 quippe
1376 2320 1433 2362 qui

84 2387 267 2430 separatim
300 2388 452 2420 solerent
486 2398 506 2420 a
542 2388 658 2432 pueris
691 2388 807 2432 pasci,
842 2387 885 2422 cf.
912 2387 1074 2422 Voss-mm
1098 2384 1153 2419 hic
1181 2389 1217 2419 et
1241 2385 1285 2419 ad
1309 2386 1434 2428 Virgil.

85 2453 206 2496 Eclog.
229 2453 274 2495 ΙΙ,
294 2456 350 2487 30.
401 2454 586 2487 Spem-ms
607 2453 649 2486 ad
669 2451 793 2496 Eclog.
814 2453 855 2495 V,
872 2455 927 2485 12.
950 2463 1003 2496 ap.
1025 2452 1248 2485 WAGNERUM
1268 2450 1301 2485 in
1320 2451 1433 2494 Heyn.

88 2519 168 2552 edit.
200 2519 278 2554 mai.
303 2519 420 2554 laudat
451 2521 631 2554 commode
661 2519 793 2553 Enim).
819 2520 961 2563 Cyclop.
989 2531 1018 2553 v.
1043 2521 1109 2551 27:
1147 2518 1266 2554 παῖδες
1292 2519 1349 2556 μὲν
1377 2516 1426 2548 οὗ,

90 2598 143 2620 μοι
170 2582 312 2618 nimian
342 2588 373 2619 ἐν
399 2586 549 2629 ἐσχάτοις
581 2590 714 2627 νέμουσι
738 2588 829 2632 μῆλα
854 2590 911 2620 ’νέα
937 2589 1001 2619 νέοι
1021 2582 1220 2624 πεφυκότες.
1247 2603 1293 2609 -
1329 2585 1434 2617 call-

91 2652 109 2683 d
124 2662 142 2684 a
155 2661 186 2684 m
209 2662 225 2684 c
237 2662 256 2685 o
268 2662 298 2686 m
312 2657 439 2696 parat
457 2664 478 2687 u
492 2664 512 2687 x
525 2664 544 2687 o
556 2664 570 2687 ι·
587 2665 606 2687 u
618 2663 759 2696 quam.
779 2652 821 2687 ad
838 2653 1003 2687 balneum.
1031 2651 1173 2686 Honxr.
1189 2649 1301 2695 Epod.
1314 2650 1355 2691 ll,
1371 2651 1439 2683 42:
