1721 2953
518 145 662 186 LIBR.
692 145 726 184 Ι.
783 142 942 183 ELEG.
973 143 1046 183 ΙΙΙ.
1399 144 1449 180 69

109 268 237 302 tristem
266 262 501 312 parenthesin,
540 269 628 304 quae
654 257 712 293 ubi
746 257 836 292 facta
871 261 982 300 esset,
1021 256 1213 292 adducebat
1244 255 1447 290 secubitum.

107 335 287 368 Postremo
318 328 399 365 nihil
430 328 586 362 usitatius
623 330 659 360 et
691 325 830 360 suavIus
854 322 919 359 hoc
944 324 1176 358 collocationis
1202 333 1349 367 genere,
1388 323 1446 356 ubi

108 400 196 433 inter
218 399 286 432 duo
309 394 528 435 substantiva,
553 392 731 434 adiecfiva,
756 390 927 433 adverbia,
962 390 1076 433 verba,
1110 389 1260 424 membra
1285 388 1447 423 orationis

106 466 242 512 ponitur
265 463 298 498 id
322 462 413 506 quod
438 460 604 495 ambobus
630 468 808 493 commune
833 461 896 491 est.
945 457 1080 491 Veluti:
1119 453 1234 492 εὔνους
1260 450 1311 487 ὢν
1344 449 1445 492 ὑμῖν

106 536 162 565 καὶ
187 531 292 571 φίλος.
320 548 367 555 --
403 524 447 565 ὦς
478 524 520 560 ου’
552 527 694 564 δικαίως
727 525 876 559 ταῦτα
909 523 1078 569 ἴπριιξα
1111 525 1169 556 καὶ
1202 521 1372 561 ἐπιμελῶς.
1400 539 1444 546 -—

105 600 285 641 Ducarque
308 594 440 640 capillis
462 591 655 628 immerito,
678 600 802 636 pronas
828 589 1062 635 proripiarque
1084 589 1167 624 vias,
1193 606 1237 614 —
1273 585 1446 621 Bacchum

105 665 138 697 in
161 663 299 697 remotis
327 661 474 695 carmina
497 658 638 704 rupibus
663 658 731 692 vidi
759 658 960 699 docentem,
997 655 1125 689 credite
1144 653 1298 700 posteri,
1336 653 1445 696 Nym-

103 727 254 773 phasque
291 727 461 761 discentes
497 728 533 759 et
566 734 666 758 aures
704 722 934 768 Capripedum
972 723 1173 764 Satyrorum
1210 724 1338 755 acutas.
1400 719 1446 752 Ut

102 792 156 827 liic
179 793 379 833 subiicitur,
413 792 463 825 sic
495 790 578 824 alias
610 788 780 823 interdum
804 788 963 821 inseritur
989 788 1102 832 primo
1124 788 1277 822 membro
1304 786 1443 820 verbum

103 870 292 902 commune,
317 859 422 892 veluti
447 857 573 891 Tibull.
597 856 624 899 I,
647 859 681 898 8,
707 858 773 889 69:
800 854 968 896 Oderunt,
995 852 1135 890 Pholoe,
1158 865 1286 889 moneo,
1310 851 1445 884 fastidia

102 926 190 968 divi,
226 936 288 959 nec
322 923 462 969 prodest
496 924 623 958 sanctis
654 927 730 957 tura
762 922 897 956 dedisse
929 921 1026 955 focis.
1084 920 1196 962 Atque
1223 918 1304 952 baec
1329 917 1448 951 baete<

102 1001 175 1026 nus.
223 990 419 1025 Redeamus
454 990 497 1024 ad
531 1001 656 1025 nexum
691 989 864 1024 orationis.
915 988 1002 1022 Cum
1025 987 1089 1021 Isis
1115 987 1148 1020 in
1173 986 1299 1020 morbis
1324 995 1446 1018 curan—

101 1057 153 1091 dis
178 1061 298 1103 potens
323 1061 425 1099 esset,
452 1060 554 1101 poeta
579 1056 637 1099 qui
659 1055 792 1089 Deliam
817 1053 1071 1097 religiosissime
1088 1051 1187 1085 Isidis
1211 1062 1307 1085 sacra
1332 1051 1446 1084 colere

100 1125 251 1166 videret,
275 1127 472 1169 speraverat
496 1124 529 1157 in
555 1123 675 1156 itinere
700 1123 880 1156 affuturam
906 1120 1004 1154 deam
1029 1119 1235 1161 morbosque
1262 1117 1446 1161 propulsu-

101 1200 194 1231 ram,
226 1190 426 1234 praesertim
451 1199 527 1222 cum
553 1192 633 1221 vota
656 1187 794 1220 fecisset
821 1186 928 1220 Delia.
979 1186 1056 1221 Qua
1080 1194 1141 1228 spe
1165 1182 1346 1216 frustratus
1372 1182 1445 1214 iure

100 1263 188 1286 nunc
213 1253 276 1286 sibi
301 1252 397 1295 queri
421 1251 566 1285 videtur.
590 1270 637 1276 —-
670 1250 712 1283 V.
735 1252 791 1283 27.
819 1258 953 1293 posse
978 1246 1151 1280 mederi
1175 1244 1246 1278 scil.
1273 1247 1327 1285 te,
1353 1242 1443 1285 quod

101 1318 215 1352 multis
248 1317 413 1360 exemplis
445 1316 591 1349 illustrat
623 1314 849 1347 Huscnmus.
899 1312 1029 1367 Millies
1054 1314 1189 1344 veteres
1215 1319 1290 1349 me,
1316 1312 1370 1349 te,
1395 1318 1444 1348 se,

101 1393 173 1425 nos,
198 1393 256 1416 vos
279 1383 311 1415 in
337 1382 395 1415 tali
419 1382 671 1415 constructione
692 1380 888 1414 omiserunt.
938 1377 1027 1413 Vide
1049 1387 1135 1420 quos
1157 1374 1296 1409 laudant
1313 1374 1445 1407 Rom(-

100 1459 234 1483 KENIUS
261 1452 295 1481 et
318 1448 539 1481 FnoTscflssn
567 1445 609 1480 ad
634 1446 744 1479 Rutil.
772 1444 860 1488 Lup.
887 1454 966 1488 pag.
993 1444 1073 1476 112.
1122 1441 1176 1475 Ne
1201 1440 1298 1484 plura
1322 1439 1445 1471 affera—

99 1525 244 1548 mus.—-
269 1514 410 1546 multa
434 1513 621 1546 tabella.
670 1510 863 1553 Singularis
888 1519 939 1553 pr.
965 1508 1107 1553 plurali3
1132 1509 1306 1551 comparat
1331 1505 1444 1538 Wun-

100 1591 320 1615 DERchfflth
346 1579 463 1612 multa
488 1577 548 1613 via
571 1581 605 1620 3,
629 1572 676 1610 50
699 1576 797 1618 infr.,
836 1575 972 1609 multas
996 1574 1089 1620 Iapis
1112 1575 1156 1616 ll,
1182 1578 1216 1616 5,
1240 1577 1296 1608 72.
1346 1572 1459 1606 Addo-

101 1646 211 1680 mullo
235 1646 356 1693 iugere
379 1646 425 1688 ll,
448 1649 483 1688 3,
507 1648 564 1680 42.
600 1649 634 1678 et
659 1643 877 1676 innumeram
903 1654 998 1675 ovem
1024 1641 1106 1675 ibid.
1156 1641 1340 1674 Praeterea
1368 1638 1444 1671 vide

99 1713 141 1747 ad
167 1714 194 1756 1,
219 1716 252 1755 9,
277 1716 335 1746 68.
360 1731 407 1738 —
445 1713 580 1756 picta.
622 1710 749 1744 IuvnN.
776 1710 855 1752 XII,
881 1712 940 1744 28.
997 1709 1193 1751 Suspensae
1219 1706 1323 1748 igitur
1348 1708 1445 1736 erant

99 1783 132 1815 in
164 1781 248 1815 Iseis
279 1780 415 1814 tabulae
446 1778 609 1822 plurimae
635 1778 678 1811 ab
705 1775 913 1817 hominibus,
948 1775 1005 1818 qui
1032 1784 1051 1807 e
1077 1772 1196 1806 morbo
1224 1770 1445 1804 reconvalue-

99 1851 174 1882 rant
198 1847 330 1889 aliquo,
356 1843 538 1878 reddentes
564 1843 746 1886 imaginem
774 1840 918 1874 hominis
944 1843 1003 1873 aut
1030 1839 1137 1883 partis
1166 1838 1320 1881 corporis
1344 1846 1444 1870 sana-

99 1918 175 1954 tae,
215 1912 266 1945 vel
305 1911 408 1945 etiam
446 1910 530 1945 deae
565 1910 723 1943 salutaris
763 1908 912 1952 effigiem
950 1917 1027 1941 cum
1064 1905 1295 1949 inscriptione.
1358 1902 1446 1937 Vide

98 1981 390 2013 Bnoucxnusmm
415 1982 450 2012 et
474 1978 668 2012 nmmum.
718 1976 812 2011 Idem
837 1975 942 2009 fiebat
966 1974 1009 2007 ab
1034 1974 1114 2015 iis,
1136 1972 1193 2014 qui
1219 1981 1237 2004 e
1264 1970 1347 2003 mari
1372 1977 1445 2001 ser-

99 2046 168 2079 vati
201 2049 298 2079 erant
331 2045 440 2078 aliove
473 2044 646 2088 periculo,
684 2043 726 2077 cf.
751 2042 880 2076 Tibull·
905 2040 933 2082 1,
957 2042 990 2082 9,
1016 2040 1072 2072 fin.
1127 2038 1253 2070 Crcnn.
1289 2035 1332 2069 de
1366 2034 1444 2068 Nat.

101 2113 204 2145 Deor.
226 2111 289 2153 III,
309 2113 367 2144 37.
403 2109 546 2143 Honn.
568 2109 596 2151 Ι,
617 2112 651 2151 5,
677 2109 734 2141 fin.
761 2108 841 2151 ibiq.
868 2107 1058 2150 interprett.
1085 2107 1120 2137 et
1144 2103 1247 2136 Satir.
1270 2101 1315 2143 11,
1341 2103 1368 2141 l,
1387 2102 1445 2132 33.

98 2189 128 2212 c.
155 2180 269 2210 annot·
294 2176 506 2210 HEINDORF.
533 2193 579 2199 -
605 2174 784 2208 votivas
810 2182 954 2205 voces.
1004 2170 1118 2211 Vulgo
1146 2165 1300 2199 votivam
1325 2165 1445 2209 appel-

100 2244 189 2275 latur
211 2241 302 2285 quod
325 2251 368 2275 ex
393 2245 472 2275 voto
497 2240 561 2274 diis
595 2239 782 2280 debemus,
818 2235 1102 2281 quemadmodum
1129 2234 1231 2268 etiam
1256 2232 1445 2267 Wunnssa-

99 2323 244 2346 memus
274 2310 432 2345 ostendit.
481 2310 553 2344 Sed
585 2310 614 2344 si
648 2310 679 2343 in
713 2308 800 2342 hunc
834 2307 970 2342 modum
997 2305 1113 2340 laudes
1139 2315 1184 2338 ex
1210 2305 1290 2337 voto
1315 2302 1447 2336 debitas

100 2379 273 2421 intelligis,
300 2376 384 2411 haec
408 2377 551 2411 exsistet
579 2377 665 2409 mira
692 2375 881 2409 sententia:
908 2375 956 2408 Ut
982 2375 1080 2407 Delia
1105 2372 1223 2406 laudes
1250 2371 1446 2416 persolvens

103 2446 286 2490 promissas
311 2449 391 2479 ante
416 2444 508 2479 fores
532 2443 675 2486 sedeat,
711 2443 831 2486 bisque
856 2443 911 2476 die
941 2442 1059 2476 laudes
1084 2441 1145 2474 tibi
1171 2440 1284 2474 dicere
1310 2438 1445 2472 debeat.

102 2512 204 2548 Quod
246 2513 393 2546 sentiens
435 2512 608 2546 Hans-ms
648 2510 849 2555 simpliciter
892 2515 977 2542 vota
1019 2507 1231 2552 explicabat,
1278 2515 1340 2538 nec
1380 2514 1445 2536 non

103 2579 347 2613 Omnian-nour.
373 2578 414 2612 nd
442 2579 601 2623 Appulei.
630 2578 713 2612 Met.
738 2577 799 2618 XI,
825 2589 858 2621 p.
883 2579 961 2610 768.
987 2576 1044 2619 qui
1069 2576 1134 2608 ait:
1160 2584 1286 2617 „voces
1313 2571 1446 2606 votis-ae

102 2650 182 2680 vota
213 2649 309 2687 sunt,
345 2649 382 2679 ut
416 2656 519 2681 voces
554 2649 732 2690 precantes
766 2644 856 2689 apud
894 2646 1012 2688 poetas
1037 2646 1111 2678 sunt
1139 2642 1294 2687 preces,“
1345 2639 1447 2674 Velut
