1721 2953
473 133 618 174 LIBR.
648 133 679 172 Ι.
738 131 895 173 ELEG.
928 134 978 172 V.
1009 134 1081 173 VI.
1365 138 1439 173 127

102 248 236 282 bomine
261 249 423 292 loquitur,
449 249 480 281 in
505 252 624 282 sextae
649 248 782 290 elegiae
805 248 957 281 versibus
983 258 1094 282 autem
1122 249 1164 283 de
1189 259 1227 283 se
1252 254 1285 283 et
1311 249 1353 283 de
1378 252 1446 284 suis

99 316 227 349 artibus
259 316 412 356 furtivis3
450 314 539 357 quod
576 314 755 348 discrimen
790 325 857 347 non
890 325 1011 348 curans
1045 316 1187 350 Ovidius
1221 317 1322 349 etiam
1357 315 1445 350 hunc

98 393 231 416 versum
252 382 294 414 ad
315 381 443 414 Tibulli
464 385 554 414 artes
576 380 747 422 transfert,
773 380 894 423 quibus
920 379 973 414 hic
998 382 1065 414 alio
1091 385 1244 426 tempore
1265 382 1444 425 coniugem

98 449 216 482 Deliae
242 448 387 491 decepit.
437 446 542 481 Vides
568 446 610 480 de
634 451 788 491 tempore
813 447 950 490 quintae
975 448 1106 490 elegiae
1142 448 1221 481 nibil
1257 458 1276 481 e
1309 449 1367 482 tali
1400 449 1444 482 li—

95 515 207 548 centia
232 513 323 546 effici
348 523 462 556 posse.
479 530 522 536 —-·
551 513 592 545 V.
609 515 654 545 75
672 523 723 555 sq.
748 512 949 545 furtivus
974 523 1096 546 amor
1121 518 1192 555 est,
1217 523 1317 556 quem
1340 514 1442 547 Delia

95 583 130 613 et
152 582 299 612 tentator
319 588 425 611 novus
444 577 557 610 furtim
575 577 691 611 fovere
712 577 869 610 videntur
889 578 993 611 inscio
1012 579 1169 612 amatore
1183 579 1284 612 divite
1303 580 1380 614 isto.
1394 600 1441 605 —

92 649 224 678 utere
259 644 331 678 scil.
365 644 639 687 opportunitate,
677 642 768 686 quod
804 653 823 676 e
857 653 959 676 sensu
995 644 1060 676 loci
1098 645 1300 678 eliciendum
1325 651 1441 679 monet

91 711 314 744 Huscflxms.
366 709 527 742 Ceterum
553 708 595 742 cf.
623 709 750 743 Tibull.
775 708 801 751 Ι,
825 711 859 751 8,
885 711 942 744 48.
965 710 1154 744 Pnopmw.
1174 711 1202 753 Ι,
1223 715 1277 754 13,
1296 714 1352 746 34.
1377 713 1440 756 IV,

90 780 124 819 5,
145 779 203 810 58.
229 776 399 810 Tssmm.
417 776 560 810 Pnonm.
583 776 644 818 ΠΙ,
663 778 696 818 2,
716 778 772 809 24.
789 794 834 800 -
860 786 998 819 quaes
1011 787 1031 810 o
1056 782 1109 810 est
1130 778 1340 812 obsecrantis
1360 790 1438 814 cum

90 843 216 884 ironia,
253 845 413 875 monente
437 843 746 875 WUNDERmcmo.
771 860 819 866 —
852 841 894 874 in
928 842 1105 884 liquida
1132 847 1205 876 nat
1239 844 1326 877 tibi
1355 845 1436 878 lin-

89 911 162 941 ter
194 918 313 950 aqua.
362 907 592 940 Proverbialis
615 907 741 940 locutio
768 918 817 951 pr.
844 907 941 941 adest
967 908 1027 941 tibi
1052 908 1207 942 fortunae
1234 912 1437 954 opportuni-

88 978 150 1007 tas.
189 973 333 1007 Homw.
367 972 478 1017 Epist.
510 972 538 1013 Ι,
576 975 632 1014 18,
665 975 723 1007 87.
763 977 981 1016 comparante
1014 974 1142 1007 Vossm
1177 978 1211 1008 et
1244 976 1436 1009 Wmvmm-

87 1051 229 1074 Llcmo:
269 1043 322 1073 Τιι
355 1038 437 1072 dum
471 1045 537 1072 tua
563 1039 667 1072 navis
691 1038 728 1072 in
755 1039 830 1072 allo
855 1046 929 1081 est,
966 1040 1030 1073 lzoc
1055 1052 1120 1087 age
1145 1053 1186 1073 ne
1211 1048 1353 1074 mutata
1379 1054 1435 1075 re-

87 1112 241 1138 trorsum
266 1112 300 1138 te
317 1106 424 1152 serat
449 1117 553 1139 ιιιινα.
602 1107 678 1140 Nec
703 1107 852 1140 abundat
886 1108 1080 1150 liquida;
1119 1108 1318 1151 designatur
1343 1111 1431 1144 enim

88 1172 197 1206 facilis
222 1176 257 1206 et
282 1173 462 1217 expeditus
486 1184 616 1208 cursus.
667 1174 828 1208 Ceterum
854 1175 921 1210 vid.
947 1175 990 1208 ad
1015 1175 1042 1217 Ι,
1072 1177 1101 1217 1,
1127 1178 1182 1209 62.
1209 1194 1254 1200 —-

431 1671 881 1718 ELEGIA
980 1673 1060 1718 vl.

550 1998 957 2041 INTRODUCTIO.

70 2151 260 2210 vidimus
284 2170 458 2203 Tibullum
491 2170 523 2202 in
555 2170 664 2212 elegia
690 2169 838 2203 secunda
866 2169 1011 2213 primum
1037 2172 1114 2213 post
1139 2170 1274 2213 nuptias
1301 2170 1419 2204 Deliae

73 2245 160 2268 nova
185 2236 258 2268 elus
284 2235 397 2268 limina
423 2239 631 2276 tentantem;
665 2235 907 2278 impetraverat
932 2234 1055 2268 deinde
1079 2235 1169 2277 quod
1196 2236 1357 2279 cupiebat
1381 2241 1416 2270 et

71 2310 175 2343 saepe
200 2300 365 2334 admissus
396 2301 483 2334 clam
508 2300 648 2341 marito,
684 2303 722 2332 ut
756 2309 799 2332 ex
824 2298 888 2332 hoc
913 2300 1062 2333 carmine
1094 2300 1267 2343 videmus,
1309 2301 1418 2336 fuerat

70 2368 279 2410 aliquamdiu
304 2369 396 2401 solus
421 2368 455 2400 in
481 2377 596 2401 amore
621 2368 766 2411 puellae.
816 2366 946 2400 Deinde
974 2377 1052 2400 vero
1078 2368 1226 2411 suspicio
1253 2372 1328 2401 orta
1351 2379 1414 2401 no-

70 2442 148 2464 vum
173 2433 312 2466 rivalem
337 2433 534 2476 irrepsisse,
569 2443 610 2466 ac
636 2443 710 2466 cum
743 2436 890 2475 negante
916 2433 994 2465 licet
1020 2433 1118 2465 Delia
1143 2443 1197 2467 res
1223 2444 1288 2467 non
1313 2434 1414 2467 dubia

68 2497 259 2539 videretur,
283 2498 420 2541 scripsit
445 2497 530 2531 banc
556 2498 699 2541 elegiam
725 2499 898 2538 ultimum,
927 2498 953 2530 si
980 2499 1053 2531 fieri
1078 2504 1212 2542 posset,
1243 2500 1283 2532 ad
1311 2501 1415 2533 casti-

69 2566 173 2596 tatem
200 2567 235 2596 et
259 2563 360 2597 fidem
384 2568 606 2598 revocaturus
630 2567 788 2597 amatam.
840 2563 1023 2597 Videamus
1048 2565 1187 2608 propius
1212 2565 1284 2597 eins
1305 2566 1411 2598 ratio-

68 2639 155 2663 nem.
206 2631 317 2673 Atque
344 2631 575 2666 exordium
600 2631 736 2675 quidem
769 2631 940 2673 querclam
976 2630 1086 2665 habet.
1138 2633 1285 2666 Accusat
1313 2637 1412 2677 pocta
