1721 2953
530 140 674 181 LIBR.
704 140 735 179 Ι.
793 137 952 178 ELEG.
984 137 1056 178 ΙΙΙ.
1412 137 1464 173 73

124 259 197 293 scil.
223 259 385 293 velorum.
433 254 610 297 Necdum,
645 254 714 296 ait,
748 252 820 286 ausi
847 255 944 286 eraut
968 252 1043 285 vela
1075 258 1225 295 expensa
1252 247 1360 281 ventis
1386 245 1468 279 dare

127 324 270 359 inflanda
306 328 342 358 et
373 326 551 357 ventorum
583 320 726 355 arbitrio
750 329 789 353 se
812 319 1023 363 permittere.
1071 315 1214 351 Ostendi
1238 314 1340 349 modo
1366 313 1468 346 maris

126 393 296 425 notionem
316 390 576 434 amplificatam3
600 387 695 421 vides
716 397 806 421 nunc
826 385 982 419 similiter
1006 388 1112 417 totam
1135 380 1337 416 sententiam
1362 377 1468 412 hexa-

125 456 222 490 metri
247 455 485 499 amplificatam
512 457 547 487 et
572 455 770 486 exornatam
796 451 872 485 aliis
896 449 1030 491 verbis,
1055 449 1213 492 quoniam
1241 445 1326 480 haec
1346 444 1468 478 itinera

123 526 201 556 sunt
218 532 306 565 quae
325 520 492 565 deplorat.
541 519 636 553 Idem
656 518 803 562 denique
827 518 1098 563 amplificationis
1123 516 1270 550 studium
1295 514 1328 548 in
1353 522 1468 553 causa,

122 586 214 629 quod
239 596 305 620 non
338 596 406 619 uno
430 584 491 619 sed
527 584 661 618 duobus
696 581 848 618 distichis
883 582 926 616 de
960 583 1137 616 maritimis
1168 581 1272 615 rebus
1301 579 1398 614 dixit.
1421 595 1468 602 -

123 652 165 685 V.
189 654 247 686 39.
270 653 327 685 40.
351 651 527 692 navita,
552 653 724 684 mercator
750 652 788 682 ut
811 658 927 693 saepe,
952 658 983 681 v.
1005 658 1035 682 c.
1061 647 1205 681 Hom'r.
1231 646 1257 688 Ι,
1282 647 1314 687 1,
1340 645 1397 683 u.
1421 660 1467 668 --

121 727 277 760 vagus,
311 716 355 750 ob
383 718 503 751 itinera
528 720 564 750 et
590 726 734 750 errores.
791 715 852 749 Sic
876 719 1051 747 mercator
1076 725 1191 759 vagus
1221 712 1365 746 Honrr.
1392 710 1468 743 Art.

121 787 215 827 poet.
238 785 330 826 117„
352 783 479 816 navita
505 795 620 829 vagus
644 783 786 817 MANIL.
808 782 835 822 Ι,
855 785 913 816 87.
963 781 1052 816 Vide
1072 781 1169 824 plura
1190 778 1280 823 apud
1297 778 1467 810 Bnoucx—

123 858 272 882 nusum.
297 865 345 874 —
377 847 663 893 compendia,
691 848 798 883 lucra.
846 847 1020 881 Illustrant
1044 846 1154 880 lmus
1179 846 1408 879 Gemunnus
1434 846 1468 875 et

122 913 296 948 Vumus.
319 931 365 938 —-
401 918 621 958 repetens
646 913 804 955 terris,
837 917 875 947 ut
899 913 983 946 alias
1008 912 1111 946 verba
1137 915 1250 945 motus
1275 920 1294 943 e
1319 919 1467 954 praepo-

120 981 244 1015 sitione
268 992 306 1014 νε
330 981 520 1025 composita
545 981 668 1014 crebro
693 991 770 1014 cum
797 981 946 1014 ablativo
978 980 1183 1022 iunguntur,
1216 977 1304 1011 bene
1329 979 1468 1009 notante

121 1047 419 1080 Wurznssnmcfflo
440 1045 530 1090 apud
557 1046 749 1089 Heynium,
774 1057 875 1089 quem
901 1045 988 1079 vide.
1014 1063 1061 1070 —-·
1096 1046 1356 1089 presserat,
1381 1051 1465 1075 one-

120 1117 265 1148 raverat.
314 1112 455 1146 Confert
480 1112 653 1146 Hamus
690 1112 814 1154 virgil.
849 1113 979 1152 Georg.
1006 1110 1032 1152 1,
1059 1113 1141 1143 303.
1169 1126 1213 1135 —
1262 1108 1349 1142 Post
1381 1106 1464 1140 haec

120 1179 321 1212 sententiam
347 1179 476 1212 Tibulli
500 1179 614 1212 vides:
647 1178 807 1212 Habendi
831 1178 1001 1222 cupiditas
1026 1177 1195 1211 hominem
1221 1176 1338 1210 docuit
1363 1175 1466 1208 mari-

121 1245 201 1277 tima
236 1244 367 1277 itinera.
392 1261 437 1268 —-—-
480 1244 524 1278 V.
549 1245 591 1277 41
619 1234 692 1287 sqq.
743 1244 930 1286 Postquam
959 1241 1286 1288 peregrinationum
1319 1240 1467 1274 studium

120 1309 163 1343 ab
189 1320 292 1343 aurea
317 1313 430 1343 aetate
450 1309 597 1342 alienum
625 1307 793 1349 ostendit,
817 1307 1010 1341 necessario
1037 1306 1080 1340 ad
1105 1305 1348 1341 domesticum,
1373 1314 1460 1347 qua-

120 1374 162 1408 lis
188 1378 258 1408 tum
284 1374 409 1416 fuerit,
448 1383 562 1407 rerum
595 1376 722 1407 statum
757 1370 998 1406 declarandum
1032 1381 1177 1415 pergere
1212 1370 1315 1404 debet
1347 1369 1467 1403 oratio.

119 1441 226 1485 quue
259 1442 310 1475 fit.
358 1441 452 1473 Erat
477 1439 567 1472 enim
593 1438 729 1472 omnino
755 1445 851 1475 tum,
884 1440 951 1482 ait,
985 1438 1226 1484 pulcherrima
1258 1436 1468 1482 simplicitas

119 1508 230 1542 ritae.
279 1509 377 1544 Quae
401 1517 457 1541 res
482 1511 521 1541 ut
545 1507 702 1541 similiter
725 1507 856 1551 aliquot
881 1510 1113 1551 exponeretur
1140 1503 1302 1546 distichis,
1329 1503 1468 1538 concin-

120 1575 209 1608 nitas
235 1574 473 1619 descriptionis
498 1567 714 1618 postulabat3
740 1573 827 1607 dixit
846 1583 928 1607 vero
948 1583 1013 1606 non
1040 1573 1115 1617 plus
1137 1581 1235 1614 quam
1261 1569 1351 1613 quod
1373 1569 1467 1604 satiS.

120 1642 170 1675 Ac
195 1642 340 1686 primum
365 1641 502 1685 quidem
527 1640 628 1674 dicit:
656 1640 819 1672 Nondum
845 1639 978 1672 domita
996 1645 1097 1671 erant
1119 1637 1291 1670 animalia
1316 1638 1349 1671 in
1370 1647 1467 1670 usum

120 1713 156 1742 et
180 1709 388 1752 voluptatem
414 1705 607 1748 homiuum3
642 1707 676 1740 in
702 1716 768 1749 qua
792 1716 830 1739 re
865 1706 1001 1749 poetice
1026 1705 1131 1738 instar
1157 1705 1304 1737 omnium
1333 1707 1466 1736 taurum

121 1780 156 1809 et
181 1784 303 1819 equum
331 1778 591 1814 commemorat,
615 1773 719 1806 veluti
744 1773 782 1805 fit
807 1773 915 1806 Ovio.
940 1772 1035 1805 Fast.
1059 1772 1103 1812 Π,
1127 1774 1197 1804 295
1217 1782 1290 1814 sqq.
1341 1769 1468 1803 Confer

121 1842 223 1875 etiam
257 1842 439 1876 Sopnocn.
471 1840 588 1882 Antig.
611 1842 683 1873 350
707 1850 782 1882 sqq.
804 1857 852 1865 —
885 1839 1024 1882 Pergit:
1060 1837 1133 1870 Nec
1166 1837 1243 1881 fuit
1277 1835 1466 1869 dominium

115 1906 320 1951 privatum,
364 1905 425 1940 sed
457 1907 649 1940 communia
683 1906 817 1947 omnia3
857 1915 968 1949 neque
1001 1905 1089 1938 enim
1127 1904 1201 1947 agri
1237 1906 1336 1937 erant
1368 1903 1466 1936 divisi

120 1983 184 2006 nec
209 1971 329 2005 domus
355 1972 425 2006 ulla
460 1973 594 2014 clausa,
628 1971 688 2005 sed
723 1972 849 2004 intrare
884 1975 1019 2015 poterat
1052 1972 1245 2014 quicunque
1270 1974 1305 2003 et
1329 1969 1465 2002 auferre

120 2038 210 2081 quod
239 2039 351 2072 vellet.
409 2039 468 2072 Sic
502 2038 652 2071 Tnocns
678 2037 768 2082 apud
801 2039 920 2073 lustin.
952 2040 1011 2080 43,
1038 2040 1067 2071 1.
1105 2037 1187 2070 dicit
1216 2037 1280 2069 sub
1315 2037 1464 2070 Saturno

122 2106 233 2139 omnia
267 2106 458 2140 communia
492 2110 528 2139 et
560 2106 706 2140 indivisa
732 2105 857 2147 fuisse,
892 2105 997 2139 veluti
1031 2114 1133 2137 unum
1170 2103 1325 2137 omnibus
1359 2105 1468 2146 patri-

119 2174 267 2208 monium
293 2178 394 2208 esset.
445 2174 578 2217 Aliique
603 2174 769 2208 similiter.
820 2173 982 2207 Ceterum
1015 2175 1207 2215 regeret
1235 2175 1306 2205 est:
1344 2169 1465 2204 defini-

121 2243 190 2280 ret,
228 2238 414 2282 dirigeret‚
452 2239 528 2273 Crc.
565 2249 616 2282 pr.
650 2238 786 2272 Muren.
824 2249 853 2271 c.
879 2240 912 2271 9.
947 2238 1071 2281 Topic.
1107 2248 1136 2270 c.
1173 2239 1229 2270 io.
1286 2235 1465 2270 Laudant-

120 2314 187 2348 que
224 2305 360 2338 titulum
394 2304 566 2348 Digestor.
601 2303 642 2337 de
668 2303 808 2350 finibus
842 2303 1019 2350 regundis.
1081 2303 1133 2338 Ad
1169 2314 1239 2338 rem
1275 2303 1318 2338 cf.
1353 2304 1465 2339 VIRG.

120 2372 250 2414 Georg.
275 2371 303 2413 1,
330 2373 411 2405 126.
436 2371 543 2405 Ovrn.
570 2371 654 2406 Met.
679 2371 708 2413 I,
730 2374 811 2406 133.
832 2389 878 2396 -—-
902 2371 1025 2415 Pergit
1050 2381 1080 2404 v.
1105 2372 1150 2404 45
1176 2380 1272 2414 sqq.:
1298 2368 1369 2402 Sed
1393 2367 1463 2401 ali-

120 2442 240 2470 menta
264 2437 360 2471 ultro
387 2436 616 2484 obtingebant
641 2438 792 2485 largiter
817 2437 995 2475 omnibus,
1027 2441 1065 2470 ut
1091 2437 1302 2481 patrimoniis
1327 2435 1466 2479 privatis

122 2509 156 2538 et
180 2504 373 2539 domatione
408 2507 603 2540 animalium
637 2517 724 2551 opus
758 2516 824 2540 non
860 2510 972 2547 esset,
1006 2515 1117 2548 neque
1150 2505 1315 2539 exsistere
1350 2506 1466 2547 posset

122 2571 265 2606 habendi
303 2574 482 2618 cupiditas.
508 2594 555 2601 ——
597 2576 722 2619 ipsae
761 2585 958 2618 quercus
998 2574 1187 2616 dabant,
1227 2572 1258 2606 Ιι.
1294 2584 1325 2606 c.
1364 2572 1465 2610 ultro,

122 2640 226 2674 veluti
252 2640 362 2675 Vina.
388 2640 508 2685 Eclog.
534 2641 594 2684 lv,
617 2643 674 2675 21.
726 2642 861 2685 Sequor
882 2644 996 2675 autem
1016 2641 1187 2683 ios-sirm,
1216 2639 1272 2683 qui
1299 2639 1340 2673 de
1366 2639 1466 2673 melle
