1721 2953
311 189 392 228 324
622 179 993 225 COMMENTAR.
1023 179 1082 221 IN
1112 177 1340 220 TIBULLI

310 301 467 338 ostendit.
527 298 676 332 Ferreus
701 301 775 338 est,
805 296 934 339 inquit,
959 296 1017 338 qni
1045 294 1172 339 primus
1199 293 1348 338 puellam
1373 291 1485 326 iuveni
1515 290 1652 334 eripuit,

309 369 413 402 durus
438 366 564 407 etiam,
602 365 659 407 qui
693 363 1007 416 tantumdolorem
1043 362 1133 395 serre
1168 360 1281 405 potuit
1317 363 1352 392 et
1383 359 1500 392 vivere
1531 362 1650 401 erepta

310 437 467 477 coniuge.
517 433 596 475 Ego
632 442 698 465 non
732 431 886 464 sustineo
922 429 1007 472 hoc,
1041 440 1105 463 nec
1142 428 1252 472 pudor
1276 432 1329 460 est
1364 426 1464 459 fateri
1500 425 1651 458 taedium

307 502 406 535 vitae.
457 499 528 532 lam
557 501 659 541 post
685 495 773 528 hunc
798 496 1045 528 introitum
1072 493 1218 537 exponit
1240 492 1434 535 singulatim
1458 501 1519 535 per
1537 494 1652 533 partes

307 569 416 609 iusta,
441 577 531 609 quae
556 564 706 609 persolvi
733 563 799 596 sibi
824 563 908 596 velit
933 567 1070 596 mortuo
1091 561 1134 594 ab
1158 563 1270 594 amata
1299 564 1334 593 et
1359 564 1468 593 matre
1494 559 1586 598 eins,
1617 561 1652 589 et

307 634 339 666 in
376 633 471 665 fine
505 631 608 664 etiam
635 629 772 661 titulum
798 628 925 671 imponi
961 625 1065 669 lapidi
1091 625 1187 657 iubet
1213 635 1349 657 causam
1377 625 1507 657 tristem
1534 623 1652 656 mortis

304 697 522 731 iudicantem.
573 695 680 729 Vides
706 698 958 737 argumentum.
1008 692 1074 725 Est
1106 692 1213 734 igitur
1245 690 1501 723 fundamentum
1527 691 1652 722 carmi-

303 766 355 799 nis
379 764 558 798 consilium
584 761 765 795 moriendi.
824 761 1047 793 Discessurus
1073 762 1190 791 autem
1215 768 1235 790 e
1259 758 1326 790 vita
1354 757 1491 790 mandat
1516 757 1650 800 puellae

303 832 494 865 etiamnunc
519 838 619 861 carae
644 827 761 860 ultima
786 830 866 859 vota
892 836 964 867 sua,
995 829 1033 857 ut
1060 823 1157 857 cuius
1184 823 1346 865 coniugio
1371 823 1466 855 vivus
1492 821 1557 854 frui
1582 831 1648 853 non

305 898 436 943 potuit,
474 907 515 930 ea
541 898 676 929 mortuo
711 895 832 926 saltem
868 893 997 925 luctum
1027 891 1234 932 ultimosque
1261 888 1407 922 honores
1433 899 1475 921 ne
1500 891 1647 921 recuset.

303 964 382 998 Hoc
408 973 469 1007 per
493 972 530 995 se
555 971 655 994 nemo
681 959 928 1003 reprehendat:
966 963 1039 991 erat
1074 967 1140 990 non
1175 956 1350 989 minimum
1385 956 1544 987 solatium
1571 965 1648 987 mo-

305 1032 419 1066 rituris
446 1034 541 1064 certa
575 1028 772 1062 ultimorum
802 1025 969 1059 honorum
1003 1023 1240 1067 exspectatio,
1276 1026 1310 1055 et
1345 1022 1482 1054 fuerunt
1514 1022 1582 1053 cari
1617 1020 1650 1053 hi

301 1099 386 1132 ritus
420 1095 576 1129 sensibus
609 1098 788 1134 veterum,
823 1103 844 1124 a
871 1090 1070 1135 propinquis
1096 1092 1131 1121 et
1155 1087 1349 1120 amantibus
1374 1086 1551 1131 praestiti3
1589 1085 1650 1119 sed

301 1163 502 1206 Lygdamus
528 1161 641 1194 omnia
668 1168 830 1192 enarrans
865 1161 900 1190 et
934 1155 1016 1189 nihil
1054 1154 1265 1199 praeteriens
1291 1153 1429 1186 modum
1455 1153 1592 1186 excedit
1615 1153 1648 1185 in

302 1229 552 1273 descriptione,
580 1230 616 1260 ut
641 1225 784 1260 videbis.
843 1225 954 1258 Porro
980 1223 1022 1256 de
1048 1221 1145 1255 exitu
1171 1219 1374 1261 dicendum,
1401 1220 1459 1262 qui
1485 1219 1587 1252 etiam
1613 1219 1646 1251 in

301 1296 366 1330 hoc
395 1295 544 1329 carmine
579 1292 765 1326 indirectus
791 1293 866 1331 est,
904 1292 942 1321 ut
967 1288 1000 1320 in
1027 1286 1268 1320 antecedente.
1328 1284 1415 1317 Nam
1442 1294 1518 1317 cum
1544 1284 1648 1316 moris

303 1365 395 1396 esset
427 1361 518 1404 apud
550 1365 706 1399 veteres,
746 1362 783 1390 ut
817 1357 936 1390 mortis
963 1365 1066 1389 causa
1101 1353 1205 1397 lapidi
1230 1353 1475 1386 inscriberetur
1499 1351 1541 1384 ad
1567 1351 1645 1392 glo-

302 1428 385 1460 riam
424 1430 483 1459 aut
522 1424 797 1462 miserationem,
835 1420 1035 1462 Lygdamus
1062 1423 1247 1461 ‘postremo
1288 1418 1388 1449 etIam
1425 1416 1468 1448 de
1507 1415 1569 1448 liae
1607 1425 1644 1446 re

303 1491 481 1535 praecipit.
532 1489 615 1523 Vult
642 1488 747 1530 igitur
773 1485 905 1518 titulum
935 1485 1012 1527 poni
1036 1484 1067 1515 iu
1096 1483 1206 1515 fronte
1236 1482 1428 1524 frequenti,
1454 1482 1509 1513 ubi
1535 1480 1645 1513 homi-

302 1567 381 1590 num
415 1557 480 1589 iter
516 1560 551 1588 et
584 1554 766 1593 trans-itm,
804 1549 923 1583 credas
964 1553 1000 1581 nt
1037 1548 1093 1590 qui
1131 1548 1225 1580 vivus
1260 1548 1425 1580 maximas
1466 1556 1645 1578 aerumnas

300 1623 425 1657 amoris
451 1631 571 1665 passus
595 1621 660 1662 sit,
687 1621 766 1662 post
791 1620 935 1650 mortem
962 1616 1083 1647 saltem
1110 1614 1229 1646 beatus
1255 1615 1410 1655 quiescat
1436 1612 1583 1644 lacrimis
1610 1614 1645 1642 et

300 1690 388 1723 votis
416 1689 614 1721 viventium.
673 1686 785 1726 Atque
821 1682 874 1715 liic
909 1682 984 1714 finis
1020 1684 1071 1713 est
1108 1685 1145 1712 ut
1183 1679 1420 1712 mandatorum
1459 1678 1507 1710 ita
1540 1677 1646 1709 totius

300 1754 468 1788 carminis.
535 1751 600 1784 Est
646 1750 752 1792 igitur
795 1747 981 1781 indirectus
1020 1746 1133 1778 exitus
1172 1749 1291 1777 contra
1329 1744 1459 1777 Tibulli
1500 1752 1646 1776 morem.

300 1821 527 1855 Nihilominus
554 1819 655 1861 plane
680 1820 779 1860 aptus
804 1814 871 1847 dici
898 1813 1060 1854 deberet,
1102 1812 1130 1844 si
1157 1810 1238 1844 nihil
1274 1811 1422 1851 inesset,
1463 1809 1525 1842 nisi
1552 1806 1644 1850 quod

300 1888 402 1922 modo
436 1885 648 1929 significavi3
685 1887 720 1915 at
755 1880 890 1914 docebit
924 1885 959 1912 te
992 1877 1077 1911 infra
1113 1876 1308 1920 Explicatio
1343 1884 1504 1919 peccasse
1539 1874 1641 1906 etiam

301 1953 353 1987 liic
379 1957 516 1996 poetam
545 1954 579 1982 et
612 1948 791 1992 posuisse,
826 1944 917 1988 quod
944 1955 1011 1977 non
1046 1943 1154 1987 possit
1186 1952 1253 1975 non
1287 1951 1496 1984 magnopere
1521 1939 1641 1982 displi-

301 2031 391 2054 cere.
451 2018 606 2059 Denique
642 2019 680 2047 ut
714 2014 756 2046 de
791 2017 865 2046 toto
902 2012 1032 2052 dicam,
1070 2020 1273 2052 quamquam
1312 2012 1365 2042 est
1398 2008 1440 2041 ad
1479 2008 1642 2040 unitatem

302 2085 529 2128 compositum
555 2092 712 2122 carmen,
753 2090 869 2124 parum
897 2084 1011 2112 tamen
1038 2081 1151 2110 movet
1176 2078 1360 2116 lectorem,
1401 2075 1479 2117 quia
1508 2074 1645 2106 omnino

301 2151 459 2193 frigidius
485 2154 549 2181 est.
599 2148 735 2191 Nempe
759 2158 927 2180 summum
953 2147 1071 2179 vitium
1097 2143 1310 2177 tractationis
1337 2142 1402 2174 dici
1429 2141 1532 2174 debet
1557 2139 1644 2173 haud

302 2217 404 2250 dubie
430 2216 530 2248 nimia
557 2219 592 2247 et
617 2215 711 2256 quasi
739 2215 829 2247 lenta
855 2214 1081 2256 tranquillitas
1108 2214 1230 2254 poetae
1258 2210 1290 2242 in
1317 2209 1376 2241 tali
1404 2218 1460 2249 re,
1487 2207 1543 2249 qui
1571 2207 1645 2250 pla-

301 2293 381 2316 cens
417 2282 480 2314 sibi
516 2282 549 2313 iu
585 2280 772 2313 honoribus
806 2278 1053 2322 sepulcralibus
1086 2281 1246 2309 accurate
1281 2272 1494 2317 exponendis
1527 2276 1643 2304 osten-

302 2349 439 2382 tationis
467 2348 580 2391 potius
605 2347 748 2389 frigidae
774 2347 1001 2390 suspicionem
1028 2349 1162 2385 movet,
1185 2354 1286 2387 quam
1314 2342 1476 2375 insaniam
1504 2349 1642 2381 aegram

301 2417 450 2450 ostendit
492 2414 648 2459 profundi
682 2414 830 2455 doloris⁷
881 2414 998 2456 requie
1032 2412 1179 2456 sepulcri
1213 2415 1247 2444 et
1282 2409 1428 2442 lacrimis
1460 2407 1642 2439 viventium

302 2483 404 2525 digni.
469 2481 540 2514 Sed
576 2480 774 2514 trahebatur
810 2481 981 2523 Lygdami
1017 2480 1131 2524 poesis
1166 2478 1275 2520 magis
1312 2475 1355 2508 ad
1391 2477 1550 2506 externas
1588 2483 1642 2505 res

303 2548 563 2588 describendas,
599 2557 709 2590 neque
735 2547 893 2580 idoneum
926 2551 999 2581 erat
1033 2546 1208 2589 ingenium
1245 2542 1316 2575 eius
1351 2539 1506 2572 sensibus
1539 2538 1642 2570 animi

301 2615 513 2658 gravioribus
546 2613 656 2646 vivide
689 2614 934 2657 depingendis:
974 2614 1093 2646 aberat
1118 2611 1160 2644 ab
1190 2608 1253 2641 hoc
1280 2605 1416 2638 homine
1442 2603 1642 2647 profundior

301 2686 334 2716 et
370 2680 600 2715 veliementior
635 2680 741 2713 omnis
776 2680 940 2720 affectus,
981 2688 1048 2721 quo
1082 2677 1155 2710 solo
1189 2679 1300 2707 tamen
1341 2672 1450 2705 etiam
1477 2668 1539 2702 hoc
1565 2680 1639 2703 mo-
