1721 2953
270 118 352 157 204
576 111 948 157 COMMENTAR.
981 114 1041 157 IN
1073 112 1302 158 TIBULLI

272 229 315 264 hil
342 227 539 264 offensionis
564 225 678 262 habet.
727 228 842 271 Iungit
875 227 959 263 haec
996 228 1183 273 particula,
1221 233 1259 263 ut
1295 229 1421 273 passim
1447 229 1620 263 Graecum

268 300 327 337 τὲ,
365 307 430 330 non
465 295 575 329 solum
607 295 706 328 unius
741 296 920 330 commatis
952 300 1088 341 partes,
1126 296 1187 331 sed
1221 297 1322 330 etiam
1348 296 1416 330 duo
1441 300 1619 337 commata,

269 363 403 397 omnino
429 361 497 395 duo
521 359 674 394 membra
697 361 861 394 orationis
886 362 1035 403 maiora,
1073 365 1111 395 ut
1144 366 1282 402 notum,
1320 365 1423 405 atque
1457 363 1558 395 etiam
1584 361 1615 394 in

265 428 324 462 tali
349 427 578 460 membrorum
602 426 760 460 iunctura
784 427 955 471 reperitur
979 427 1106 471 passim
1131 429 1295 462 remotior
1319 429 1361 462 ab
1387 428 1485 462 initio
1509 429 1618 462 collo-

265 494 355 527 catio
380 492 546 537 copulae,
587 493 642 525 cui
675 502 742 526 non
779 493 969 536 praecessit
1004 495 1071 527 alia
1097 493 1128 527 in
1157 495 1270 538 priore
1293 495 1466 537 membro,
1505 499 1540 529 at
1564 506 1620 529 se-

265 559 376 593 cundo
400 558 568 592 vocabulo
593 568 738 601 annexa,
761 562 801 592 ut
825 557 890 593 hoc
912 560 1001 602 loco,
1027 560 1127 604 plane
1154 570 1221 594 non
1247 564 1363 604 potest
1389 561 1475 594 dura
1499 561 1619 596 videri.

263 627 393 660 Contra
428 626 588 661 VossmM
623 626 727 659 etiam
763 625 976 660 Huscmcms
1014 626 1220 670 disputavit,
1255 627 1317 660 sed
1351 637 1419 661 non
1445 626 1620 671 explicans

264 693 384 726 Vossn
407 692 631 733 sententiam,
668 691 827 735 exempla
851 694 964 724 tamen
991 692 1153 725 nonnulla
1178 695 1258 736 apta
1285 693 1421 735 attulit,
1457 696 1496 725 ut
1520 693 1618 726 Pno-

262 770 370 793 PERT.
394 759 457 802 ΙΙΙ,
481 761 540 801 21,
565 761 621 792 16.
646 758 799 793 V1RG111.
825 759 911 792 Aen.
935 758 996 801 VI,
1021 761 1105 792 396.
1132 778 1179 783 —
1219 769 1239 792 e
1265 759 1380 792 luco.
1432 758 1511 792 Non
1539 762 1615 791 tan-

260 831 332 859 tum
358 825 401 858 de
425 825 647 859 nemoralium
666 824 809 859 deorum
832 827 927 860 cultu
951 826 1171 869 cogitandum
1196 830 1258 868 est,
1284 829 1322 859 ut
1341 826 1453 859 Fauni
1470 825 1616 859 Honu.

261 892 288 934 l,
314 893 347 933 4,
373 893 453 933 11.‚
490 890 619 924 Silvani
655 891 745 926 cim.
773 890 817 924 de
851 891 906 925 Re
941 892 1042 925 Rust.
1069 895 1147 934 83.,
1182 891 1243 926 sed
1276 892 1414 926 stabant
1447 892 1548 925 etiam
1583 892 1617 924 in

261 958 353 1001 agris
377 958 504 1002 templa
528 961 563 991 et
590 958 717 991 sacella
742 958 879 992 Cereris
904 958 1117 1002 aliorumque
1153 958 1295 992 deorum
1320 959 1507 1002 agrestium
1531 959 1616 992 lucis

260 1023 479 1066 circumdata,
503 1023 548 1057 ad
572 1033 661 1067 quae
686 1023 932 1057 conveniebant
957 1024 1076 1057 rustici
1093 1025 1195 1058 vicini
1221 1024 1482 1057 solemnioribus
1507 1023 1616 1057 festis.

259 1093 309 1126 Ac
334 1092 473 1135 saepius
496 1091 546 1124 fit*
560 1090 687 1124 mentio
712 1091 867 1124 lucorum
891 1090 925 1123 in
952 1091 1062 1135 epulis
1086 1091 1184 1125 festis
1211 1091 1417 1124 rusticorum
1441 1094 1481 1124 ut
1506 1091 1616 1125 Vmc.

257 1158 342 1191 Aen.
370 1157 433 1200 XI,
459 1158 561 1199 740„
595 1155 754 1190 laudante
779 1156 1041 1190 Bnoucmmsw
1068 1160 1102 1190 et
1129 1156 1295 1192 Hammo.
1320 1175 1367 1181 —-
1403 1157 1518 1191 male
1551 1167 1615 1191 so-

260 1226 407 1267 brius,
443 1228 482 1257 ut
518 1224 627 1258 Ovm.
664 1224 759 1257 Fast.
794 1224 854 1266 VI,
891 1227 974 1258 785.
1039 1224 1229 1258 Decentius
1268 1225 1316 1258 ita
1353 1223 1478 1258 dicitur
1514 1233 1615 1266 quam

258 1292 385 1325 ebrius.
408 1309 456 1317 --
493 1291 606 1324 Porro
634 1291 958 1326 WUNnssRmcnms
984 1292 1117 1335 iungit:
1160 1291 1258 1325 vehit
1294 1290 1388 1335 ipse,
1425 1289 1458 1325 h.
1484 1300 1516 1324 e.
1547 1300 1616 1323 non

257 1368 338 1391 usus
363 1367 475 1391 servo.
525 1356 627 1390 Dicas
652 1356 908 1400 simplicitatem
938 1368 1071 1391 morum
1096 1357 1286 1400 agrestium
1309 1356 1360 1390 sic
1384 1355 1551 1396 describi,
1577 1358 1615 1387 ut

256 1423 392 1456 omnino
427 1421 492 1455 hoo
525 1421 753 1465 simplicitatis
790 1422 948 1465 antiquae
985 1422 1061 1456 fuit.
1110 1423 1170 1456 Sic
1206 1422 1288 1456 LIV.
1313 1422 1357 1464 V,
1382 1423 1447 1455 40:
1493 1423 1539 1454 In
1575 1432 1613 1454 eo

255 1489 345 1522 clivo
371 1501 431 1522 eas
455 1488 650 1532 (Vestales)
677 1500 756 1520 cum
782 1490 825 1520 L.
844 1486 1015 1521 Albinius
1043 1488 1084 1521 de
1099 1487 1201 1533 plebe
1219 1490 1383 1522 Romana
1407 1489 1508 1521 homo
1531 1500 1615 1521 con——

253 1556 444 1601 spes-isset,
475 1553 643 1599 plaustro
668 1553 849 1599 coniugem
875 1560 911 1585 et
937 1552 1062 1586 liberos
1087 1554 1234 1590 vehens,
1262 1553 1416 1600 virgines
1440 1565 1612 1601 sacraque

253 1634 292 1654 m
323 1620 530 1665 plaustrum
563 1617 753 1663 imposuit,
794 1622 935 1652 notante
959 1619 1113 1656 vimmo.
1164 1620 1211 1653 At
1243 1620 1334 1654 enim
1359 1620 1517 1654 Tibullus
1549 1620 1612 1655 hoc

254 1685 398 1720 disticho
423 1686 524 1719 simul
549 1684 592 1718 de
620 1683 792 1717 hilaritate
818 1684 908 1717 vitae
933 1685 1082 1718 rusticae
1108 1685 1192 1728 agit.
1253 1686 1370 1721 Quare
1395 1686 1509 1729 potius
1533 1696 1612 1719 sen-

253 1766 330 1789 sus:
362 1754 527 1788 Rusticus
552 1752 640 1786 male
664 1751 798 1786 sobrius
824 1751 963 1786 domum
987 1750 1080 1786 vehit
1104 1762 1247 1786 uxorem
1272 1752 1489 1796 liberosque,
1513 1753 1613 1797 ipse

253 1833 353 1864 vero,
400 1820 492 1864 quod
527 1830 605 1853 cum
645 1817 737 1852 male
772 1818 911 1853 sobrius
944 1819 1073 1854 arctius
1106 1820 1250 1863 iunges,
1298 1819 1481 1864 opponitur
1514 1820 1613 1853 uxori

251 1892 287 1922 et
313 1887 438 1920 liberis.
488 1886 652 1919 Ceterum
686 1884 730 1919 de
764 1886 863 1929 largo
896 1886 966 1919 vini
999 1897 1064 1919 usu
1097 1886 1131 1920 in
1163 1885 1290 1919 talibus
1325 1886 1420 1920 festis
1454 1887 1482 1919 si
1515 1896 1612 1931 opus,

253 1963 415 1997 compara
439 1951 614 1984 Tibullum
640 1950 685 1993 II,
710 1953 743 1993 1,
766 1953 833 1984 29:
875 1950 957 1984 Non
984 1951 1093 1997 festa
1124 1950 1201 1984 lace
1237 1951 1376 1984 madere
1409 1958 1463 1984 est
1495 1949 1611 1993 rubor,

250 2025 412 2053 errantes
448 2024 484 2051 et·
520 2016 611 2050 male
642 2017 746 2063 ferre
779 2018 898 2062 perles.
946 2018 1035 2053 Add.
1064 2018 1207 2052 HORAT.
1234 2019 1308 2052 Art.
1334 2018 1435 2052 Poet.
1458 2020 1540 2051 224.
1566 2038 1610 2049 —,

254 2087 292 2120 V.
318 2088 365 2118 53
391 2095 442 2127 sq.
470 2084 595 2117 bella
622 2083 799 2126 calent,
832 2088 971 2118 strenue
997 2088 1184 2127 geruntur,
1210 2087 1249 2117 ut
1265 2083 1391 2129 fimet
1415 2095 1503 2127 opus
1527 2083 1611 2116 alia-

249 2160 316 2194 que
336 2150 528 2184 notissima.
578 2149 707 2182 Contra
729 2148 867 2195 frigere
891 2152 930 2182 ut
948 2150 1050 2192 ζυγεῖν
1071 2156 1142 2185 est:
1167 2151 1328 2193 ignavum
1350 2160 1438 2192 esse,
1464 2160 1610 2191 cessare,

249 2217 292 2250 cf.
318 2227 382 2250 nos
405 2215 448 2249 ad
472 2215 634 2249 Pmnm.
660 2214 760 2248 Nem.
786 2215 830 2250 V,
856 2227 889 2259 p.
915 2217 996 2249 423.
1023 2234 1070 2242 -
1108 2216 1375 2258 scissosque
1399 2215 1608 2260 capillos,

249 2288 315 2317 etc.
367 2281 470 2315 Multi
495 2281 538 2315 de
563 2281 688 2314 talibus
713 2281 773 2314 iris
800 2285 835 2314 et
868 2282 950 2314 rixis
985 2282 1170 2316 amantium
1196 2282 1286 2323 loci,
1321 2285 1359 2316 ut
1390 2293 1422 2317 v,
1449 2293 1480 2315 c.
1510 2282 1607 2315 Pno-

251 2358 359 2381 1213RT.
393 2346 439 2389 11,
472 2348 507 2388 5,
539 2348 583 2379 21
611 2357 686 2390 sqq.
723 2350 828 2389 atque
864 2346 1101 2389 Huscmuus,
1145 2348 1203 2391 qui
1241 2348 1366 2392 ubique
1402 2346 1607 2381 imitationes

249 2415 461 2448 Graecorum
500 2414 664 2452 somniat,
702 2414 877 2448 Tibullum
915 2413 981 2448 hoc
1023 2416 1100 2449 loco
1138 2415 1346 2451 Mssxmnm
1383 2413 1531 2446 fabulam
1562 2412 1606 2447 ob

249 2482 367 2514 oculos
393 2479 550 2514 habuisse
576 2480 683 2513 credit
721 2480 787 2523 (cf.
824 2481 898 2516 eius
923 2481 1076 2514 Analect.
1104 2480 1179 2515 crit.
1206 2492 1239 2523 p.
1267 2481 1333 2512 173
1359 2489 1433 2522 sqq.
1470 2482 1504 2512 et
1530 2477 1606 2512 vide

249 2545 394 2579 eundem
428 2546 471 2579 ud
497 2545 527 2580 li.
553 2545 615 2589 1.)‚
650 2547 707 2588 qui
743 2547 891 2590 puellam
925 2544 1149 2591 ῥαπιζομένηιι
1187 2545 1219 2578 in
1257 2554 1360 2578 scena
1395 2543 1603 2579 exhibuerat

249 2611 325 2655 Ego
353 2621 433 2646 vero
461 2622 527 2646 uon
554 2611 659 2647 credo
682 2623 699 2645 e
725 2612 915 2648 'Menandro
944 2610 1104 2647 didicisse
1137 2614 1293 2654 poetam,
1334 2620 1419 2654 quac
1447 2610 1549 2645 toties
1573 2611 1603 2643 iu
