1721 2953
486 146 631 187 LIBR.
662 146 713 185 ΙΙ.
773 142 932 183 ELEG.
964 146 1016 185 V.
1354 150 1432 184 295

96 266 212 311 signa,
234 263 389 310 gaudete
415 260 526 294 coloni
552 263 616 294 etc.
667 257 754 291 Nam
780 256 861 290 illud
887 256 1021 299 quidem
1049 258 1146 291 facile
1172 256 1297 298 videas,
1323 256 1429 300 hypo—

97 333 258 365 theticam
284 329 486 363 sententiam
511 326 591 359 ferri
616 336 685 359 non
710 335 832 369 posse,
857 323 917 356 sed
944 328 1035 357 certa
1060 335 1158 368 spes,
1184 326 1296 356 certus
1327 332 1430 355 even-

96 402 149 430 tus
172 395 383 429 describitur.
432 391 534 427 Quod
562 391 708 433 denique
734 389 885 423 Vosslus
910 389 1045 432 scripsit
1071 389 1146 430 uti,
1181 393 1239 421 aut
1264 388 1430 421 editiones

94 464 223 505 aliquot
247 461 377 503 priores
405 457 530 490 habent
556 464 597 489 ut
623 457 773 492 lauras,
807 453 901 488 nihili
927 459 999 496 est;
1039 465 1138 498 quam
1172 455 1317 487 ieiunum
1349 454 1430 486 illud

94 526 345 562 exclamationis
370 535 478 567 genus
511 523 575 557 hoe
610 525 687 557 loco
720 524 782 565 sit,
820 523 894 566 ipse
926 523 1049 565 sentis,
1086 522 1141 555 uti
1174 533 1254 556 vero
1289 533 1331 554 ne
1364 521 1430 554 dici

92 595 225 639 quidem
262 595 296 627 in
334 592 581 626 exclamatione
624 591 836 624 Huscmuus
884 590 949 622 iam
990 590 1128 624 monuit.
1197 594 1309 632 Atque
1348 588 1430 622 haec

92 661 264 696 hactenus.
314 659 385 693 Sed
412 663 593 701 autequam
631 667 834 702 pergamus,
873 657 1122 700 praemonenda
1161 657 1319 690 nonnulla
1351 661 1430 689 sunt

92 730 134 762 de
168 728 297 761 ratione
331 726 568 770 descriptionis
603 724 787 768 sequentis.
836 722 989 766 Egregie
1023 723 1181 756 observat
1215 722 1427 755 Huscfflssus

92 794 264 828 felicitatis
299 792 456 836 publicae
493 796 664 822 momenta
699 788 772 821 tria
809 798 912 832 saepe
948 788 1037 832 apud
1075 792 1206 821 veteres
1245 787 1429 830 scriptores

91 859 252 900 coniungi
280 856 382 898 haec,
401 855 558 901 frugum
584 853 800 888 ubertatem,
818 852 985 897 feturam
1007 864 1164 898 gregum,
1189 859 1430 884 matronarum

83 923 356 969 secunditatem.
414 922 474 955 Sic
507 921 701 955 HERODOT.
736 921 795 962 ΠΙ,
832 924 899 954 65:
951 921 1026 952 Καὶ
1060 919 1171 951 ταῦτα
1207 920 1265 957 μὲν
1301 919 1429 950 :roceum

87 984 167 1026 ὑμῖν
190 988 244 1031 γῆ
266 999 311 1018 τε
336 982 504 1031 καρπόν
528 987 706 1030 ἐκφέροι,
731 987 806 1017 καὶ
829 987 1046 1027 γυναῖκές
1069 998 1113 1018 τε
1141 987 1214 1016 καὶ
1244 992 1430 1022 ποῖμναι

87 1058 304 1093 τίκτοιεν,
329 1053 418 1086 ἐοῦσι
441 1054 473 1089 ἐς
498 1049 556 1084 ”cdv
579 1046 715 1084 ἅπαντα
737 1048 860 1097 χρόνον
885 1052 1110 1097 ἐλὸυθὲροισι·
1137 1048 1183 1095 μή
1209 1048 1427 1087 ιῖνιιοωσαμέ-

86 1130 173 1151 vomi.
204 1119 240 1151 δὲ
272 1115 334 1162 τήν
367 1115 475 1163 α’ρχήν
502 1137 545 1142 —-
569 1114 617 1150 τιί
639 1120 774 1150 ἐναντία
805 1114 957 1151 τούτοισι
990 1115 1133 1163 ἀρέομαι
1156 1114 1235 1156 ὖμῖν
1258 1118 1430 1157 γενέσθαι.

89 1185 223 1219 Laudat
255 1195 357 1229 porro
389 1186 587 1218 AmsTorrr.
622 1186 704 1219 Pac.
732 1188 823 1218 1317
847 1196 941 1228 sqq.‚
985 1186 1096 1218 Soru.
1131 1185 1224 1216 0131).
1262 1183 1303 1214 R.
1342 1183 1433 1222 17⁵2,

89 1253 272 1285 Auscurn.
323 1251 511 1285 Eumenids
548 1254 628 1284 905.
703 1251 830 1286 Videas
877 1251 968 1284 idem
1014 1251 1047 1283 in
1093 1250 1245 1283 Hsssmm
1295 1244 1429 1290 Ἔργοις

86 1323 157 1352 232
181 1330 253 1362 sqq.
311 1320 423 1361 Atque
461 1317 525 1352 hoc
561 1329 649 1351 nunc
686 1319 787 1351 etiam
826 1318 1001 1351 Tibullum
1036 1316 1225 1350 videbimus
1262 1316 1428 1353 secutum,

87 1387 144 1430 qui
171 1387 313 1429 primum
337 1386 452 1427 fruges
476 1396 537 1417 sen
564 1385 723 1418 Cererem
751 1388 786 1417 et
809 1384 943 1424 vinum,
969 1382 1092 1415 deinde
1118 1381 1314 1425 pecuariam
1345 1389 1429 1420 rem,

85 1452 230 1495 denique
256 1461 437 1495 puerorum
462 1451 586 1483 laetum
611 1453 813 1494 proventum
835 1452 1089 1483 commemorat.
1139 1448 1319 1480 Postremo
1343 1444 1430 1478 hunc

84 1522 198 1554 locum
223 1519 349 1553 claudit
385 1518 616 1562 descriptione
651 1517 729 1551 festi
753 1518 875 1550 ruralis
902 1515 1055 1549 lautioris
1080 1515 1114 1547 in
1140 1513 1252 1547 herbis
1277 1512 1357 1545 acti.
1384 1530 1427 1535 —

84 1585 351 1627 Distendet,
375 1584 548 1628 implebit,
573 1588 610 1617 ut
631 1584 747 1617 Vnae.
776 1584 907 1624 Georg.
933 1581 994 1622 IV,
1022 1582 1108 1613 164:
1135 1585 1170 1611 et
1195 1577 1330 1623 liquido
1355 1576 1429 1608 clis-

85 1651 235 1684 tendunt
266 1656 407 1683 nectare
440 1648 558 1680 cellas.
609 1646 707 1680 Conf.
736 1647 933 1678 BURMANN.
959 1644 1002 1677 ad
1030 1643 1166 1676 Anthol.
1191 1643 1269 1675 Lat.
1293 1642 1321 1683 Ι,
1349 1643 1428 1682 147,

84 1718 206 1750 28.——-
230 1716 341 1748 Porro
367 1713 552 1746 Oblitus
577 1713 722 1743 musto
748 1709 975 1750 rusticus,
998 1712 1118 1752 utpote
1143 1707 1272 1740 naviter
1296 1706 1430 1738 calcans

85 1790 240 1823 magnam
270 1779 414 1823 copiam.
440 1796 486 1802 —
523 1778 651 1810 lacus
686 1775 822 1808 fuerunt
857 1785 935 1808 vasa
960 1774 1072 1817 ampla
1098 1772 1259 1815 (Kafen)
1287 1775 1323 1804 ut
1347 1782 1430 1804 con-

84 1851 170 1888 stat,
203 1847 236 1879 in
270 1846 391 1889 quibus
427 1847 574 1878 mustum
603 1843 748 1886 primum
776 1851 977 1884 expressum
1009 1839 1258 1883 recipiebatur3
1296 1838 1429 1870 Dolia

86 1923 177 1954 vero,
202 1912 235 1945 in
260 1911 381 1954 quibus
407 1909 593 1944 ebulliebat
612 1911 760 1942 mustum
787 1911 821 1940 et
846 1906 1087 1940 defaecabatur
1107 1903 1302 1947 (Tomzen).
1329 1903 1429 1936 emo

85 1978 128 2011 de
152 1979 207 2011 Re
231 1977 332 2009 Rust.
359 1987 390 2009 c.
417 1978 505 2008 113:
544 1976 599 2006 De
634 1973 715 2005 Iaca
753 1971 1013 2018 quamprimum
1048 1969 1168 2002 vinum
1192 1969 1229 2001 in
1256 1967 1349 2000 dolia
1374 1967 1429 1999 ina

84 2042 168 2075 clito.
217 2043 305 2074 Post
332 2039 404 2072 (lies
428 2041 498 2072 XL
525 2038 719 2083 diffmzdito
744 2037 781 2070 itz
805 2036 1005 2081 amphoras.
1028 2055 1073 2061 ——-
1110 2037 1152 2070 V.
1173 2038 1219 2068 87
1237 2045 1311 2078 sqq.
1363 2036 1429 2068 Aeo

86 2107 178 2141 cedit
211 2107 253 2140 ad
286 2106 430 2139 alterum
462 2105 636 2138 felicitatis
660 2104 820 2148 publicae
845 2107 1066 2137 momentum.
1116 2103 1267 2136 Sensus:
1308 2102 1431 2134 Flore-

86 2172 137 2204 bit
163 2172 264 2205 etiam
289 2181 345 2204 res
369 2171 541 2214 pecuaria.
591 2169 661 2202 Sed
689 2179 751 2213 pro
783 2167 847 2202 hoc
872 2169 919 2202 ita
944 2168 1048 2202 dicit:
1086 2168 1211 2202 Pastor
1237 2177 1317 2200 vero
1342 2167 1431 2199 laete

85 2239 252 2272 Palilia
286 2249 349 2272 sua
374 2237 562 2272 celebrabit
585 2246 647 2280 pro
671 2236 755 2269 flore
779 2235 828 2268 rei
854 2235 1044 2278 pecuariae.
1094 2234 1179 2267 Acta
1205 2243 1284 2266 vero
1310 2232 1432 2266 Palilia

85 2304 117 2338 d.
142 2304 238 2337 XXI.
264 2305 345 2347 Apr.
402 2303 610 2336 Lustrabant
644 2312 786 2345 gregem
820 2312 907 2344 aqua
941 2311 1058 2345 sparsa
1086 2305 1119 2333 et
1154 2300 1268 2341 sumo,
1304 2300 1429 2332 offere*

86 2371 167 2403 bant
191 2370 265 2403 Pali
290 2369 391 2401 libam
416 2368 459 2401 de
483 2368 577 2401 milio
604 2371 639 2401 et
664 2367 799 2410 signum
825 2368 898 2400 eius
921 2367 1197 2410 conspergebant
1222 2366 1325 2407 lacte,
1350 2376 1428 2409 pre-

89 2440 205 2470 cantes
230 2439 268 2468 ut
291 2445 432 2478 gregem
460 2444 537 2468 cum
569 2435 735 2477 magistro
760 2436 933 2474 servaret,
971 2433 1070 2475 lupos
1104 2435 1277 2466 averteret
1302 2434 1336 2464 et
1365 2431 1428 2472 lac,

88 2514 245 2545 caseum,
281 2514 389 2546 agnos
425 2504 604 2545 lanamque
638 2503 735 2544 large
775 2501 929 2534 donaret.
980 2500 1069 2532 Tum
1102 2500 1166 2543 ipsi
1200 2503 1354 2544 pastores
1379 2498 1431 2529 lac.

93 2568 253 2602 bibebant
287 2573 321 2602 et
352 2580 493 2613 sapam,
530 2578 673 2612 vespere
699 2571 812 2601 autem
848 2567 919 2609 poti
946 2566 1180 2599 transiliebant
1203 2566 1349 2609 stipulae
1375 2574 1430 2595 ar-

91 2635 202 2669 dentis
226 2646 368 2669 acervos
391 2636 601 2670 lustrationis
628 2645 738 2669 causa,
791 2631 917 2666 Confer
942 2631 985 2665 de
1010 2631 1060 2665 liis
1085 2631 1186 2665 rebus
1212 2628 1432 2664 0v11›.Fast.
