1721 2953
618 101 860 143 TlBULLI,
1292 118 1412 143 CLXX}

67 218 214 258 tarium
253 217 424 268 adieris,
467 232 589 272 quam
628 217 679 258 sit
708 218 812 259 nihil
843 233 924 259 non
967 227 1106 273 aptum
1136 220 1179 260 in
1212 218 1415 272 epithetis.

63 294 212 349 Neque
252 294 427 334 otiosum
470 293 571 332 illud
610 308 737 346 genus
784 308 871 335 esse
914 297 1058 335 monui
1097 295 1144 334 ad
1186 297 1226 344 Ι,
1259 299 1303 346 1,
1335 299 1415 346 62.,

66 370 139 409 ubi
171 368 311 409 eadem
335 369 450 408 notio
481 372 703 421 repetitur,
734 379 779 410 ut
808 379 904 410 sunt
931 375 1047 410 tristes
1078 373 1282 420 lacrimae,
1311 385 1416 410 mae-

64 454 145 485 stae
192 445 389 498 querelae,
454 459 550 484 nam
599 445 805 486 intensiva
854 447 915 486 vis
966 448 1182 487 notionum
1233 455 1418 498 augetur.

64 518 261 572 Denique
296 519 385 558 aliis
415 520 459 558 in
496 521 595 560 locis
629 520 671 560 id
704 522 838 573 agitur
869 523 1058 575 epithetis
1095 523 1308 576 perpetuis
1345 520 1417 561 ad-

64 594 203 644 iectis,
262 602 308 634 ut
358 597 620 648 oppositione
668 599 952 637 membrorum
1000 599 1206 650 apertiore
1255 597 1417 647 clarior,

65 671 359 722 significantior
391 680 461 711 aut
492 674 711 713 nervo-fior
737 682 776 713 et
803 675 979 715 alacrior
1007 675 1077 714 fiat
1107 675 1256 714 oratio.
1314 674 1419 713 Sua-

63 746 125 787 vis
159 747 275 786 locus
305 747 346 796 Ι,
379 753 424 797 7,
459 752 521 788 12.
560 750 718 789 Cal-nuti
744 758 778 789 et
793 752 896 804 flavi
926 752 1082 789 caerula
1119 752 1268 803 lympha
1296 751 1419 800 Liger,

66 830 137 861 aut
180 837 272 863 cum
313 823 375 873 II,
412 827 454 873 1,
495 829 562 863 88.
613 833 707 877 post
745 826 873 866 Noctis
923 839 1075 865 nomen
1130 824 1265 865 sidera
1308 824 1420 877 fulva

65 907 366 938 memorantur.
434 901 566 939 Porro
604 909 650 939 ut
679 901 740 950 II,
773 904 818 950 1,
850 905 916 939 68.
967 903 1052 954 Ipse
1090 904 1253 955 interque
1290 916 1422 952 greges

64 979 229 1029 interque
276 984 448 1015 armenta
490 977 633 1030 Cupido
676 977 802 1019 Natus
844 986 878 1016 et
917 979 1114 1016 indomitas
1156 979 1291 1017 dicitur
1329 981 1421 1017 inter

66 1064 184 1104 equas
222 1051 371 1091 fortius
406 1052 507 1103 erigi
541 1067 667 1105 supra
709 1053 942 1093 notavimus
982 1053 1065 1093 vim
1109 1053 1309 1093 orationis
1350 1052 1421 1092 ad-

66 1124 175 1164 iecto
215 1125 260 1164 in
301 1126 447 1165 ultimo
488 1129 675 1167 membro
718 1129 924 1180 epitheto,
977 1128 1165 1167 similiter
1202 1130 1242 1178 Ι,
1273 1132 1321 1179 2,
1356 1132 1423 1167 19.

67 1214 162 1239 cum
190 1201 362 1252 legitur:
402 1202 545 1242 limina
573 1211 756 1252 tentare,
788 1204 899 1243 sores
928 1218 1136 1254 reserare,
1173 1204 1287 1243 molli
1314 1206 1420 1244 lecto

69 1275 291 1327 decedere,
340 1276 499 1317 adiecto
540 1279 722 1330 epitheto
763 1278 992 1318 intenditur
1033 1280 1239 1331 oppositio
1279 1293 1421 1319 rerum

68 1360 191 1404 atque
237 1352 295 1391 ita
342 1365 450 1392 nova
495 1353 558 1392 vis
605 1351 759 1393 accedit
796 1355 902 1393 loco.
974 1353 1028 1393 At
1068 1354 1111 1403 Ι,
1152 1354 1198 1404 4,
1238 1355 1305 1394 45.
1360 1357 1426 1394 I'el

64 1431 99 1467 si
134 1429 329 1467 caeruleas
365 1431 485 1482 puppi
520 1430 610 1468 volet
639 1432 693 1468 ire
723 1444 793 1482 per
829 1430 952 1468 mulas
990 1438 1213 1483 postquam
1251 1428 1301 1470 de
1338 1439 1423 1470 ter-

66 1504 188 1541 restri
230 1503 376 1542 itinere
419 1517 554 1543 sermo
598 1504 701 1554 fuit,
760 1505 853 1559 quis
896 1519 982 1545 non
1025 1507 1146 1545 sentit
1191 1507 1422 1546 necessario

66 1579 262 1617 caeruleas
302 1579 484 1631 positum
526 1579 570 1618 in
617 1580 736 1620 initio
784 1595 928 1621 versus
978 1590 1023 1621 ut
1068 1584 1202 1622 statim
1249 1582 1424 1635 prodeat

69 1651 310 1704 oppositio?
367 1654 475 1694 Nam
516 1669 607 1694 cum
647 1671 688 1696 v.
719 1657 842 1694 undas
879 1657 924 1695 in
959 1656 1040 1696 fine
1081 1656 1246 1696 demum
1279 1672 1423 1698 versus

70 1729 369 1781 subsequatur,
415 1731 625 1781 epitheton
663 1739 911 1782 perpetuum
947 1741 1085 1783 partes
1119 1734 1205 1770 eius
1240 1733 1424 1782 sustinet,

73 1817 180 1856 quae
211 1817 276 1843 res
315 1804 358 1842 in
397 1804 537 1843 multis
567 1805 667 1844 locis
699 1804 895 1845 notanda.
965 1805 1045 1846 Sed
1079 1808 1176 1846 nolo
1206 1808 1329 1859 plura
1356 1808 1423 1847 hic

70 1879 240 1927 afferre,
290 1892 382 1917 cum
420 1878 466 1917 in
509 1878 817 1920 Commentario
857 1882 1015 1935 ubique
1057 1881 1106 1921 de
1147 1883 1425 1935 epithetorum

69 1954 231 1993 ratione
276 1953 428 1993 dictum
471 1955 535 1995 sit.
623 1954 707 2004 Qui
748 1956 961 2008 negligunt
1004 1959 1103 1997 tales
1148 1959 1425 2012 quaestiones,

70 2042 156 2069 non
186 2037 408 2082 penetrant
436 2031 531 2069 satis
559 2031 604 2069 in
634 2031 875 2072 interiorem
897 2035 1101 2073 rationem
1129 2035 1317 2075 locorum
1350 2049 1424 2075 nec

71 2106 253 2145 sentiunt
285 2106 449 2158 penitus
474 2107 558 2146 vim
582 2106 795 2147 mirificam
820 2109 1005 2148 omnium
1034 2123 1188 2150 rerum.
1245 2110 1424 2150 Abunde

68 2195 170 2221 vero
204 2183 335 2234 liquet
372 2196 447 2234 per
479 2196 543 2232 se,
587 2197 709 2237 quam
742 2184 792 2223 sit
830 2185 952 2223 etiam
984 2184 1027 2223 in
1062 2187 1250 2238 epithetis
1288 2189 1425 2239 largus

71 2258 290 2298 thesaurus
321 2271 519 2298 nervosae
551 2260 764 2299 orationis.
832 2261 892 2301 Ac
921 2276 1105 2315 nusquam
1135 2265 1313 2316 epitheton
1340 2280 1439 2318 pem.

66 2342 218 2387 petuam
247 2342 381 2374 temere
408 2338 499 2388 poni
520 2343 636 2388 potest
661 2343 695 2375 et
715 2338 785 2375 tali
804 2338 1024 2376 substantivo
1053 2339 1166 2388 addi,
1197 2343 1300 2378 cuius
1323 2342 1425 2379 nulla

73 2418 139 2449 aut
175 2413 325 2448 minima
364 2413 414 2449 ol'S
452 2417 504 2449 est
538 2413 573 2448 in
612 2414 865 2451 enuntiatione.
934 2413 1000 2451 De
1038 2412 1252 2466 Lygdamo
1294 2431 1424 2455 unum

75 2493 252 2535 annoto,
305 2500 398 2524 eum
445 2485 661 2539 aliquoties
703 2486 785 2526 duo
831 2487 1011 2540 epitheta
1051 2489 1124 2527 uni
1168 2492 1423 2531 substantivo

74 2559 279 2609 iunxisse,
330 2561 377 2600 rs.
415 2561 463 2600 ad
508 2562 584 2610 tlt,
619 2566 665 2601 5.
700 2568 787 2612 22„
834 2562 945 2616 quod
988 2578 1189 2618 nusquam
1233 2566 1287 2605 sie
1331 2568 1422 2606 fecit
