1721 2953
472 161 713 208 TIBULLl
762 161 871 207 LIB.
902 162 932 207 Ι.
959 171 995 208 5.
1335 163 1394 209 19

114 291 166 336 Et
200 300 366 336 tantum
399 296 604 332 venerata
636 284 807 342 virum,
854 284 974 332 hunc
1009 284 1163 332 sedula
1198 298 1345 343 curet,

179 374 291 420 Huic
327 383 453 437 paret
491 383 621 436 alque
659 370 812 436 epulas
847 372 943 436 ipsa
980 371 1182 419 ministra
1219 385 1355 436 gerat.

56 473 101 508 35
114 463 232 507 Haec
250 457 360 506 mihi
380 457 620 521 fingebam,
643 475 756 522 quae
775 476 895 504 nunc
914 457 1151 524 Eurusque
1169 459 1402 526 Notusque

175 546 310 591 Iactat
347 543 558 590 odoratos
595 554 692 589 vota
725 561 806 607 per
838 544 1086 591 Armenios.

109 631 252 695 Saepe
285 647 367 693 ego
406 630 567 676 tentavi
605 648 734 675 curas
769 616 989 694 depellere
1026 630 1152 677 vino:

179 717 238 762 At
274 715 404 763 dolor
433 716 479 763 in
516 715 721 764 lacrimas
758 728 946 764 verterat
981 735 1112 764 omne
1149 735 1333 763 merum.

113 804 255 868 Saepe
293 801 423 850 aliam
454 803 598 850 tenui:
642 803 723 850 sed
757 803 846 849 iam
882 821 983 850 cum
1020 801 1185 866 gaudia
1222 802 1406 862 adirem,

56 902 104 938 40
182 888 431 936 Admonuit
468 888 676 936 dominae
713 888 997 954 deseruitque
1034 891 1199 938 Venus.

111 978 239 1024 Tunc
274 994 344 1023 me
382 976 618 1023 discedens
653 975 859 1023 devotum
895 975 1061 1023 femina
1097 975 1233 1032 dixit,

178 1063 235 1109 Et
268 1062 408 1128 pudet
439 1073 480 1110 et
513 1073 666 1109 narrat
702 1062 814 1109 scire
847 1061 1044 1109 nefanda
1073 1080 1183 1109 mea.

112 1149 214 1195 Non
254 1147 362 1195 facit
395 1148 482 1195 hoc
518 1147 689 1204 verbis,
735 1147 848 1193 facie
884 1148 1138 1212 tenerisque
1172 1146 1347 1194 lacertis

185 1236 383 1281 Devovet
419 1245 460 1281 et
487 1233 612 1280 flavis
650 1244 802 1280 nostra
839 1232 986 1298 puella
1022 1233 1174 1282 comis.

60 1333 106 1369 45
121 1319 243 1367 Talis
276 1319 333 1366 ad
368 1319 666 1366 Haemonium
703 1318 857 1364 Nereis
893 1317 1023 1364 Pelea
1061 1317 1290 1383 quondam

184 1408 319 1452 Vecta
353 1415 418 1451 est
451 1403 654 1450 fraenato
692 1402 868 1450 caerula
900 1403 1021 1468 pisce
1058 1402 1226 1451 Thetis.

118 1492 238 1538 Haec
261 1508 455 1537 nocuere
486 1489 610 1546 mihi,
628 1489 763 1555 ,quod
789 1489 915 1537 adest
936 1488 1041 1536 huic
1067 1489 1189 1537 dives
1216 1500 1410 1538 amator:

182 1577 315 1624 Venit
350 1577 396 1623 in
433 1576 612 1623 exitium
650 1575 808 1623 callida
846 1575 945 1622 lena
981 1594 1143 1623 meum.

119 1662 400 1726 Sanguineas
438 1661 539 1708 edat
574 1661 647 1708 illa
682 1661 820 1726 dapes
855 1673 985 1726 atque
1021 1680 1097 1708 ore
1131 1673 1315 1708 cruento

62 1762 110 1795 50
190 1748 354 1794 Tristia
391 1766 491 1794 cum
525 1746 664 1793 multo
700 1745 861 1811 pocula
898 1745 996 1793 felle
1030 1746 1177 1793 bibat:

119 1836 247 1881 Hanc
285 1832 466 1880 volitent
503 1832 675 1879 animae
712 1832 878 1879 circum
913 1850 994 1879 sua
1031 1832 1120 1879 fata
1155 1843 1390 1897 querentes

183 1920 394 1984 Semper,
447 1930 487 1964 et
518 1936 539 1964 e
578 1917 700 1965 tectis
738 1918 845 1964 strix
881 1917 1072 1964 violenta
1110 1929 1262 1964 canat:

120 2008 223 2071 Ipsa
259 2005 376 2052 fame
414 2004 667 2051 stimulante
714 2003 869 2050 furens
907 2003 1160 2068 herbasque
1196 2002 1412 2068 sepulcris

186 2094 386 2156 Quaerat
422 2104 462 2139 et
498 2111 521 2138 a
556 2091 695 2138 saevis
729 2110 830 2138 ossa
866 2089 1018 2138 relicta
1048 2089 1192 2155 lupis,

65 2191 110 2226 55
124 2180 285 2227 Currat
320 2190 360 2225 et
395 2177 659 2242 inguinibus
694 2176 828 2224 nudis
860 2175 1088 2242 ululetque
1114 2193 1197 2240 per
1233 2174 1394 2232 urbes,

193 2266 301 2313 Post
336 2275 436 2328 agat
473 2283 494 2310 e
526 2263 664 2310 triviis
700 2282 858 2329 aspera
895 2263 1025 2310 turba
1064 2280 1239 2310 canum.

161 2421 204 2455 V.
220 2422 276 2454 41.
313 2420 553 2454 discedens
583 2420 792 2454 devotum
826 2419 957 2464 optimi.
1009 2419 1172 2452 devotum
1206 2418 1416 2452 descendens

71 2492 106 2520 et
131 2487 334 2521 descendens
360 2487 522 2520 devotum
547 2488 614 2520 alii.
634 2506 678 2512 —-
729 2488 770 2521 V.
787 2489 844 2522 42.
876 2492 919 2521 et
952 2491 1118 2520 narrat.
1167 2489 1226 2522 Pr.
1251 2493 1285 2520 et
1312 2489 1416 2530 vulgo

70 2555 197 2596 legitur
220 2554 309 2588 heu!
350 2554 392 2586 de
417 2554 612 2587 coniectura
638 2554 851 2587 Scimcmu.
879 2572 921 2578 -
972 2564 1077 2588 mea.
1127 2555 1306 2588 Assentior
1337 2556 1417 2587 viris

71 2620 199 2658 doctis,
234 2619 290 2660 qui
318 2630 426 2650 meam
456 2618 669 2651 scribendum
697 2622 909 2651 consuerunt.

963 2683 1030 2725 2*
