1721 2953
481 145 624 185 LIBR.
654 143 726 184 IV.
785 143 952 183 GARM.
983 145 1014 185 1.
1354 151 1433 186 3⁸5

92 266 286 305 comparet,
321 261 378 305 qui
413 261 568 295 similiter
605 270 743 294 munera
788 270 889 303 parva
926 270 991 294 non
1024 263 1196 305 respuant.
1261 261 1435 295 Tractus-it

92 326 175 361 llaec
209 338 270 371 per
302 327 532 371 septendecim
569 336 684 360 versus
710 329 744 359 et
768 329 879 359 tamen
906 326 969 361 iam
996 337 1026 361 v.
1051 330 1108 362 26.
1134 326 1221 361 redit
1246 327 1367 361 iterum
1392 329 1436 360 ad

94 392 338 426 confessionem
370 392 525 425 similem.
573 391 682 425 Porro
715 390 748 423 in
780 390 873 422 exitu
901 396 1078 435 postquam
1106 392 1147 426 ‹le
1174 392 1295 426 suturis
1326 393 1437 426 victo-

92 459 151 491 riis
179 459 347 491 Messalae
371 458 475 499 dixit,
510 459 539 492 si
564 457 764 502 simpliciter
788 457 993 492 addidisset:
1033 460 1111 491 Non
1145 471 1208 504 ego
1241 471 1319 492 sum
1347 459 1439 492 satis

92 522 144 553 ad
159 528 284 554 tantae
300 522 492 566 praeconia
515 521 646 562 laudis·
660 522 709 565 (v.
729 523 838 566 177),
862 533 960 556 nemo
982 524 1017 557 id
1041 525 1114 558 iure
1140 525 1333 569 vituperare
1356 535 1439 570 pos-

92 591 166 629 set,
189 592 416 622 consentanea
441 589 528 622 enim
552 588 628 621 talis
654 588 812 631 repetitio
838 588 870 620 in
897 589 1008 621 exitus
1032 591 1196 634 principio
1222 594 1300 634 post
1325 594 1439 624 tantae

93 654 226 688 futurae
260 655 390 697 gloriae
425 654 712 697 praedictionem3
748 653 808 687 sed
843 653 875 687 iu
910 663 951 687 eo
985 665 1100 689 rursus
1134 656 1269 690 modum
1306 656 1442 690 excedit

94 721 185 764 quod
222 722 358 765 pergit:
403 722 485 765 Ipse
523 720 609 754 milii
641 733 709 754 non
749 719 781 753 si
806 719 1029 764 praescribat
1072 722 1228 755 carmina
1267 721 1441 756 Phoebus.

95 787 192 819 Adde
219 787 363 830 denique
388 788 502 831 paullo
527 790 603 830 post
627 797 658 820 v.
686 788 752 819 197
779 796 852 829 sqq.
879 786 1011 829 locum,
1047 787 1103 820 ubi
1129 787 1304 821 submissis
1329 787 1441 822 verbis

95 854 243 886 favorem
270 854 438 886 Messalae
463 853 586 886 ambit:
620 851 735 885 nostri
759 851 791 885 si
809 852 968 897 parvula
994 864 1080 886 cura
1106 853 1161 885 Sit
1189 852 1276 891 tibi,
1302 859 1441 900 quanta

93 919 197 955 libet,
229 919 261 951 .ςὶ
284 919 332 951 sit
358 919 477 956 modo,
509 931 578 951 non
603 917 688 950 milti
713 930 823 963 regna
848 917 989 962 Lydia,
1016 931 1086 951 non
1112 918 1231 964 magni
1253 918 1370 963 potior
1394 918 1442 952 sit

87 984 197 1031 suma
220 984 373 1029 Gylippi,
397 986 505 1017 Posse
528 982 702 1016 Meleteas
725 982 793 1017 nec'
811 983 950 1029 mallem
976 983 1110 1017 vincere
1136 983 1292 1018 chartas.
1342 985 1441 1020 Quae

94 1052 265 1096 quomodo
292 1053 426 1096 placere
454 1056 595 1095 possunt
619 1052 804 1085 liberaliter
829 1051 974 1085 educato
996 1050 1149 1085 homini?
1197 1051 1267 1085 Sed
1294 1061 1336 1086 ne
1360 1062 1443 1085 con-

95 1122 163 1151 stat
187 1117 323 1160 quidem
348 1117 412 1150 sibi
437 1118 535 1160 plane
564 1121 685 1160 poeta,
712 1117 767 1158 qui
794 1127 912 1149 revera
937 1118 1051 1161 paullo
1076 1106 1152 1161 plus
1176 1118 1239 1151 sibi
1263 1118 1444 1159 tribuebat,

97 1195 159 1218 nec
193 1188 262 1217 tam
291 1185 400 1217 levem
434 1183 477 1216 de
511 1194 549 1216 se
581 1184 772 1227 opinionem
798 1183 945 1216 habebat
968 1195 1068 1227 quam
1095 1184 1279 1218 secundum
1306 1187 1445 1217 antece-

97 1250 211 1284 dentia
237 1250 377 1292 credas,
412 1250 513 1292 idque
543 1250 682 1284 ridicule
708 1252 761 1284 vel
788 1252 828 1284 iis
854 1251 936 1294 ipsis
961 1251 1044 1283 locis
1071 1251 1219 1284 ostendit
1244 1250 1301 1284 ubi
1326 1251 1445 1284 mode-

97 1318 195 1350 stiam
221 1317 371 1350 affectat.
420 1317 478 1349 Sic
504 1316 616 1349 statim
644 1320 720 1360 post
750 1317 861 1349 locum
887 1316 989 1349 modo
1018 1317 1158 1349 allatum
1183 1316 1316 1359 pergit:
1344 1314 1448 1359 Quod

96 1380 162 1413 tibi
186 1380 219 1413 si
244 1392 363 1413 versus
387 1387 506 1412 noster
530 1385 671 1412 totusue
697 1380 853 1412 minusve
883 1380 948 1413 Vel
974 1379 1055 1412 bene
1081 1380 1129 1412 sil
1155 1385 1280 1416 notus,
1314 1391 1446 1411 summo

95 1447 153 1481 vel
181 1446 311 1480 inerret
345 1446 381 1479 in
416 1458 492 1482 ore,
531 1445 644 1478 Nulla
669 1445 754 1478 mihi
780 1451 946 1478 statuent
964 1445 1077 1489 finem
1111 1451 1146 1476 te
1174 1444 1260 1484 fata
1288 1443 1446 1476 canendi.

99 1513 193 1545 Alius
227 1511 282 1546 liic
315 1513 515 1556 simpliciter
549 1511 712 1546 dixisset:
755 1511 888 1548 Quodsi
922 1521 1040 1545 versus
1075 1511 1142 1545 mei
1168 1511 1229 1544 tibi
1256 1521 1321 1544 non
1349 1511 1448 1554 plane

99 1579 333 1623 displicuerint
358 1583 446 1620 etc.;
486 1577 539 1611 hic
573 1582 688 1615 autem
722 1588 782 1611 cur
818 1583 916 1609 totus
948 1577 1062 1619 addit,
1098 1587 1178 1611 cur:
1215 1576 1272 1609 vel
1296 1574 1376 1609 bene
1401 1576 1449 1607 sit

103 1642 239 1677 notus?
296 1644 461 1676 Similiter
496 1643 530 1674 in
564 1642 706 1675 exordio
742 1652 773 1675 v.
804 1643 851 1674 24
876 1652 967 1684 sqq.:
1001 1642 1058 1674 At
1091 1642 1320 1688 quodcunque
1354 1654 1449 1674 meae

94 1714 269 1754 poterunt
294 1708 423 1741 audere
450 1709 636 1743 Camenae,
671 1707 739 1737 Seu
766 1705 831 1737 tibi
850 1716 921 1750 par
944 1712 1113 1750 poterunt
1137 1718 1219 1742 seu,
1255 1706 1349 1752 quod
1372 1718 1449 1750 spes

101 1774 250 1811 abnuit,
277 1773 394 1815 ultra,
419 1772 499 1805 Sive
525 1771 650 1806 minus,
677 1776 837 1816 certeque
861 1777 989 1803 canent
1013 1771 1138 1809 minus,
1166 1783 1262 1804 omne
1286 1783 1449 1804 vocemus

100 1843 178 1874 Hoc
204 1839 288 1879 tibi,
324 1851 384 1874 cur
411 1839 511 1873 dicit:
537 1850 597 1871 seza
626 1836 690 1870 tibi
716 1849 788 1882 par
808 1844 980 1881 poterant
997 1861 1004 1875 ,
1043 1849 1085 1872 ne
1111 1849 1251 1882 urgeam
1276 1839 1449 1882 sequentia

103 1909 247 1942 fortasse
271 1911 448 1951 corrupta,
473 1907 502 1940 si
528 1910 620 1940 tanta
646 1910 699 1939 est
723 1907 902 1939 infirmitas
930 1906 1074 1948 virium,
1103 1911 1262 1949 quantam
1291 1916 1392 1949 supra
1418 1906 1450 1938 iu

106 1975 180 2009 aliis
213 1975 296 2008 locis
331 1974 562 2017 significavit?
609 1973 703 2007 Idem
737 1973 863 2007 ibidem
897 1974 1012 2018 paullo
1041 1976 1118 2017 post
1152 1977 1268 2017 optat,
1303 1976 1340 2005 ut
1373 1982 1449 2005 cum

105 2041 201 2075 multi
227 2044 351 2085 poetae
385 2043 420 2074 et
452 2040 628 2084 pedestres
663 2040 847 2083 scriptores
874 2039 1035 2072 certaturi
1061 2039 1128 2072 sint
1153 2039 1253 2072 laude
1278 2039 1450 2072 Messalae

105 2106 276 2148 canenda,
312 2107 386 2150 ipse
411 2106 520 2139 victor
545 2104 686 2146 evadat,
722 2105 864 2148 opinans
889 2105 995 2147 igitur
1024 2105 1096 2138 fieri
1124 2115 1225 2148 posse
1253 2108 1289 2138 ut
1311 2108 1452 2148 superet

102 2174 165 2209 hos
190 2185 307 2208 omnes
333 2178 418 2208 arte.
475 2173 588 2215 Atque
611 2172 660 2206 ita
691 2175 880 2216 repugnat,
917 2175 954 2205 ut
980 2173 1092 2215 vides,
1126 2172 1241 2217 inepte
1269 2172 1332 2205 sibi
1366 2172 1452 2216 ipse,

103 2240 182 2283 quia
211 2239 290 2273 licet
314 2239 449 2273 minime
472 2249 589 2272 carere
614 2249 652 2271 se
678 2237 852 2272 confidens
878 2237 1035 2280 ingenio,
1069 2239 1168 2272 simul
1194 2242 1306 2272 tamen
1332 2238 1451 2281 quovis

103 2306 206 2341 modo
231 2310 372 2339 conatus
396 2316 476 2339 suos
502 2305 735 2339 extenuandos
769 2306 901 2339 censuit
926 2305 1128 2339 adulationis
1162 2316 1275 2339 causa.
1300 2322 1346 2328 —
1381 2304 1451 2337 De-

107 2374 263 2407 ducimur
287 2371 363 2405 liinc
389 2372 431 2405 ad
464 2373 554 2406 aliud
589 2373 705 2406 vitium
735 2374 893 2407 carminis
926 2373 1184 2417 explicandum,
1221 2371 1310 2415 quod
1336 2372 1369 2404 in
1395 2370 1449 2403 ni-

109 2440 180 2473 mia
208 2439 414 2473 adulatione
440 2443 474 2474 et
497 2439 616 2472 laudis
640 2439 914 2486 exaggeratione
937 2439 1058 2484 inepta
1087 2442 1232 2485 positum
1260 2443 1322 2473 est.
1374 2439 1451 2472 Non

110 2505 353 2551 reprehendam
390 2517 457 2548 ego
492 2505 557 2540 lioc
591 2507 725 2540 nomine
760 2507 850 2550 quod
884 2506 1021 2540 Nestori
1057 2511 1092 2541 et
1126 2507 1241 2550 Ulyssi
1269 2506 1449 2539 Messalam

108 2573 140 2605 in
167 2573 360 2616 eloquentia
386 2573 544 2617 praefert,
570 2572 651 2606 illud
678 2573 791 2616 potius
819 2573 891 2606 iure
917 2573 1110 2617 displiceret
1131 2574 1159 2607 si
1186 2573 1446 2606 Demosthenem

109 2641 166 2670 ant
203 2638 400 2674 Ciceronem
439 2638 693 2674 ee..inferiores
733 2639 886 2674 dixisset.
952 2640 1070 2675 Poesis
1108 2640 1253 2683 mytliica
1295 2641 1449 2684 exempla

1083 2707 1137 2742 25
