1721 2953
239 139 304 183 30
645 134 887 182 TIBULLI
935 135 1044 183 Llss.
1078 138 1107 183 l.
1135 149 1168 183 8.

282 260 397 306 Tum
412 258 610 305 studium
626 257 795 306 formae
811 270 891 306 est:
915 273 1148 307 comatum
1161 272 1371 320 mutatur,
1384 274 1432 309 ut
1445 281 1586 310 annos

356 343 617 391 Dissimulet
653 344 784 392 viridi
821 346 984 394 cortice
1021 346 1155 394 tincta
1193 347 1347 405 nucis,

238 429 472 478 &Tollere
507 441 600 477 tum
638 449 745 478 cura
780 443 844 478 est
881 431 1006 480 albos
1043 452 1066 480 a
1103 433 1241 498 stirpe
1278 433 1462 499 capillos

358 517 415 563 Et
448 516 608 563 faciem
643 517 824 583 dempta
856 517 970 583 pelle
1007 518 1174 566 referre
1211 538 1385 567 novam.

291 603 351 649 At
385 613 455 660 tu,
502 602 610 649 dum
646 603 781 668 primi
816 603 945 651 floret
979 604 1060 652 tibi
1097 606 1310 671 temporis
1342 617 1485 662 aetaS‚

358 690 518 736 Utere:
561 708 654 736 non
691 689 820 737 tardo
854 689 1021 737 labitur
1054 690 1130 738 illa
1165 691 1293 756 pede.

292 778 389 824 Neu
407 777 666 825 Marathum
689 789 867 844 torque:
896 796 1037 843 puero
1059 797 1172 844 quae
1196 777 1340 841 gloria
1361 778 1476 825 victo
1498 778 1591 824 est?

238 875 286 908 50
364 864 417 910 In
454 875 621 911 veteres
658 875 751 911 esto
791 863 927 922 dura,
971 863 1143 929 puella,
1188 882 1330 912 senes.

296 950 435 996 Parce
472 968 635 1014 precor
669 961 844 997 tenero:
897 968 989 997 non
1025 949 1089 997 illi
1127 951 1300 998 sontica
1336 968 1469 998 causa
1506 961 1593 1007 est,

365 1036 456 1083 Sed
493 1037 659 1084 nimius
690 1036 784 1084 luto
821 1055 1012 1102 corpora
1049 1037 1181 1101 tingit
1214 1055 1351 1084 amor.

300 1121 380 1169 Vel
417 1122 554 1169 miser
589 1123 762 1170 absenti
799 1134 989 1170 maestas
1027 1142 1162 1188 quam
1199 1141 1331 1188 saepe
1368 1121 1570 1188 querelas

365 1209 558 1256 Coniicit
594 1219 636 1255 et
668 1207 864 1255 lacrimis
901 1208 1052 1255 omnia
1090 1207 1222 1273 plena
1258 1207 1464 1255 madent!

240 1294 450 1357 55‘Quid
484 1312 554 1340 me
601 1294 826 1359 spernis?⁷
874 1295 943 1341 ait.
981 1304 1175 1360 ‘poterat
1211 1294 1415 1342 custodia
1451 1295 1592 1342 vinci:

359 1380 461 1444 Ipse
497 1378 621 1426 dedit
658 1379 834 1445 cupidis
870 1379 1023 1426 fallere
1059 1398 1192 1444 posse
1229 1380 1351 1426 deus.

298 1468 415 1515 Nota
445 1469 598 1513 Venus
633 1466 796 1514 furtiva
826 1466 936 1514 mihi
974 1478 1061 1524 est,
1110 1478 1159 1513 ut
1193 1465 1305 1513 lenis
1336 1477 1496 1529 agatur

369 1552 592 1618 Spiritus,
638 1564 687 1600 ut
721 1571 803 1599 nec
841 1552 948 1599 dent
984 1551 1135 1599 oscula
1173 1563 1300 1617 rapta
1331 1570 1516 1598 sonum:

293 1639 349 1685 Et
384 1657 569 1704 possum
604 1638 751 1685 media
789 1639 989 1704 quamvis
1026 1637 1242 1703 obrepere
1276 1649 1405 1686 nocte

242 1736 288 1768 60
365 1725 421 1771 Et
457 1725 643 1790 strepitu
680 1724 803 1771 nullo
838 1724 949 1772 clam
986 1742 1184 1771 reserare
1220 1725 1351 1772 fores.

298 1811 425 1874 Quid
456 1823 646 1877 prosunt
684 1822 813 1868 artes,
849 1811 1062 1858 miserum
1101 1811 1138 1857 si
1173 1811 1344 1876 spernit
1374 1820 1593 1857 amantem

362 1897 419 1943 Et
455 1897 569 1960 sugit
607 1916 656 1943 ex
690 1897 788 1961 ipso
826 1915 953 1943 saeva
989 1895 1137 1960 puella
1169 1897 1302 1943 toro?

342 2108 382 2141 V.
400 2110 456 2142 43.
493 2109 659 2155 formae
693 2113 761 2142 est
786 2110 903 2153 optimi
936 2114 1039 2142 recte.
1091 2109 1204 2151 Yulgo
1229 2109 1317 2142 male
1348 2106 1516 2140 omittitur
1540 2110 1594 2137 est

247 2172 334 2206 libro
359 2174 545 2207 Sron'riffl
571 2178 723 2208 auctore.

342 2258 385 2292 V.
403 2260 459 2291 49.
494 2259 616 2291 victo
652 2262 730 2291 est.
792 2258 1051 2291 Bnoukimsws
1086 2262 1138 2289 est
1174 2257 1286 2292 omisit
1319 2257 1467 2300 primus,
1504 2254 1594 2297 quod

247 2327 359 2356 tamen
399 2324 464 2355 vim
503 2324 692 2357 sententiae
729 2327 844 2365 auget.
879 2341 923 2347 -—-
990 2323 1030 2356 V.
1055 2325 1113 2356 51.
1151 2323 1332 2356 sontica
1369 2331 1456 2354 nunc
1494 2320 1595 2353 etlam

247 2389 422 2432 Excerpta
446 2389 711 2422 Fmsmcmssu
738 2389 912 2433 praebent.
934 2406 977 2413 —
1026 2388 1068 2421 V.
1084 2390 1140 2421 53.
1167 2388 1246 2421 Vel
1273 2388 1329 2420 vix
1355 2390 1447 2419 recte
1473 2384 1597 2418 liabent

248 2454 330 2487 editi
355 2458 432 2487 ante
453 2454 654 2487 Muniam-um.
705 2455 809 2487 l'mu
840 2455 934 2495 Vae,
967 2453 1057 2496 quod
1084 2463 1199 2486 verum
1226 2452 1368 2485 videtur.
1390 2469 1434 2475 —
1484 2451 1525 2485 V.
1537 2453 1596 2483 55.

249 2521 450 2563 spernis,
486 2519 571 2552 bene
597 2520 728 2562 optimi.
778 2520 892 2562 Vulgo
918 2519 1049 2563 spernit
1077 2529 1119 2553 ex
1145 2518 1237 2552 libris
1261 2518 1391 2552 STATH
1416 2516 1595 2550 nonnullis.

348 2605 386 2637 V.
402 2607 458 2637 59.
496 2614 675 2646 possum
706 2604 834 2646 optimi.
