1721 2953
306 140 385 174 300
617 131 987 176 COMMENTAR.
1019 134 1077 176 IN
1107 134 1334 176 TIBULLI

656 425 1102 474 ELEGIA
1203 429 1280 476 VI.

775 731 833 772 IN
836 730 1182 774 TRODUCTlo.

297 875 419 933 Vere
453 897 637 932 iudicatum
673 903 726 932 est
759 898 822 933 l10c
856 911 992 934 carmen
1026 910 1070 933 ex
1104 899 1402 944 praestantissimis
1427 899 1479 931 sui
1505 898 1640 940 generis

298 970 386 994 esse.
455 962 584 996 Duram
622 970 657 997 et
694 965 876 1008 superbam
911 965 1082 998 Nemesim
1122 964 1227 997 fuisse
1262 965 1344 997 satis
1375 965 1518 1005 scimus;
1564 964 1640 996 liuic

297 1036 386 1061 nunc
411 1033 512 1072 poeta
545 1031 742 1064 mollissimo
776 1032 903 1065 affectu
936 1033 1068 1075 plenam
1094 1032 1239 1073 elegiam
1274 1030 1397 1070 mittit,
1437 1039 1535 1071 quem
1573 1028 1638 1060 alio

297 1095 452 1138 tempore
493 1096 578 1129 alios
619 1097 740 1130 modos
782 1097 924 1130 vidimus
968 1100 1166 1129 tentantem·
1228 1096 1354 1138 Accipe
1391 1098 1636 1137 argumentum.

298 1160 441 1192 Aemilio
467 1161 598 1203 Macro,
624 1162 727 1195 nobili
755 1166 867 1206 poeta,
894 1163 1003 1196 amico
1030 1162 1171 1203 Tibulli,
1209 1166 1317 1194 castra
1344 1164 1474 1201 secuto,
1507 1163 1539 1192 et
1566 1160 1638 1202 ipse

296 1226 339 1259 de
363 1229 540 1271 stipendiis
566 1230 726 1264 faciendis
751 1232 903 1273 cogitare
929 1231 1065 1274 incipit,
1104 1230 1131 1262 si
1157 1229 1245 1262 forte
1274 1229 1323 1261 sic
1348 1229 1503 1269 effugere
1530 1227 1636 1270 possit

295 1305 473 1328 aerumnas
510 1296 643 1330 amoris.
702 1298 826 1330 Statim
861 1308 941 1330 vero
981 1296 1097 1329 abiicit
1135 1296 1312 1328 consilium
1350 1294 1452 1328 modo
1489 1298 1636 1338 captum,

294 1360 477 1393 recordans
503 1372 603 1403 quam
628 1372 731 1404 saepe
762 1363 827 1394 iam
863 1362 1052 1394 decreverit
1085 1360 1243 1393 deserere
1269 1360 1440 1392 Nemesim
1468 1360 1519 1391 vel
1547 1359 1637 1390 inra-

295 1428 349 1457 tus
380 1429 414 1458 et
438 1430 550 1458 tamen
575 1436 742 1468 nunquam
769 1427 931 1469 potuerit.
989 1424 1144 1458 Produnt
1173 1435 1260 1457 nunc
1286 1434 1322 1456 se
1347 1424 1497 1466 apertius
1524 1427 1557 1455 et
1583 1424 1636 1454 di-

294 1491 419 1523 sertius
444 1491 581 1523 dolores
607 1492 837 1524 intolerabiles
862 1495 1005 1534 poetae;
1031 1491 1181 1523 videmus
1207 1494 1440 1523 exsecrantem
1467 1491 1636 1522 cruciatus

294 1558 428 1590 Amoris
462 1559 664 1602 Amorisque
699 1561 786 1600 tela,
819 1564 853 1592 et
887 1560 1122 1602 cognoscimus
1156 1569 1233 1592 eum
1268 1560 1321 1592 vel
1357 1560 1427 1591 leto
1463 1559 1635 1591 finiturum

293 1622 396 1655 vitam
422 1623 546 1664 fuisse,
585 1624 648 1656 uisi
675 1634 754 1667 spes
780 1625 943 1656 retineret
969 1624 1042 1656 sore
1079 1623 1258 1666 aliquando
1292 1624 1431 1664 melius,
1470 1625 1635 1667 potentis-

293 1689 376 1721 sima
401 1689 456 1721 illa
482 1690 514 1721 in
550 1689 703 1721 omnibus
727 1689 829 1721 rebus
863 1688 1037 1730 humanis,
1073 1699 1172 1730 quam
1207 1699 1250 1721 ne
1284 1687 1379 1721 sallat
1407 1692 1482 1721 orat
1506 1687 1635 1721 Neme-

293 1756 366 1788 sim.
416 1755 472 1788 Ex
497 1767 563 1799 quo
589 1760 763 1789 crescente
789 1757 916 1790 affectu
939 1756 981 1789 ad
1007 1756 1270 1789 obtestationem
1296 1756 1527 1798 gravissimam
1553 1767 1635 1789 con—

293 1822 447 1863 vertitur,
473 1833 535 1866 per
559 1833 674 1855 manes
700 1823 826 1855 sororis
854 1822 998 1855 infelicis
1023 1825 1167 1855 amatam
1193 1821 1385 1862 obsecrans,
1415 1831 1502 1864 quae
1527 1831 1636 1865 nuper

293 1899 313 1921 e
348 1889 496 1922 fenestra
530 1899 694 1932 praeceps
730 1888 900 1922 ceciderat
934 1893 1051 1922 tenera
1087 1892 1218 1922 aetate:
1258 1887 1356 1921 huius
1391 1888 1433 1920 ad
1468 1890 1634 1922 tumulum

293 1956 438 1998 supplex
475 1955 594 1988 sedere
632 1959 667 1988 et
705 1958 823 1998 petere
860 1954 903 1987 ab
942 1965 983 1987 ea
1020 1954 1182 1987 auxilium
1218 1955 1313 1995 vult,
1352 1964 1440 1997 quae
1477 1955 1633 1996 neglecta

292 2022 423 2054 somnia
447 2022 535 2054 mala
561 2021 682 2054 mittet.
732 2021 871 2062 Verum,
897 2022 1020 2064 pergit,
1053 2022 1154 2053 finem
1179 2021 1267 2053 facio
1295 2021 1411 2053 talium
1440 2019 1633 2061 verborum,

292 2096 335 2118 ne
367 2090 549 2118 renovetur
583 2087 692 2118 luctus
718 2086 874 2119 Nemesis
907 2097 969 2119 nec
996 2087 1142 2119 lacrimis
1176 2087 1266 2119 oculi
1300 2086 1478 2119 foedentur
1512 2086 1632 2118 imme-

292 2155 426 2193 rentes;
464 2151 551 2184 bona
585 2157 636 2185 est
669 2153 799 2196 puella,
838 2157 873 2186 at
899 2154 973 2186 lena
1001 2154 1167 2197 pessima,
1203 2163 1289 2195 quae
1315 2153 1345 2185 ei
1371 2153 1483 2185 servit.
1535 2152 1632 2186 Haec

292 2221 344 2250 est
379 2228 465 2260 quae
499 2218 641 2250 aliorum
674 2223 862 2252 amatorum
896 2224 974 2252 vota
1010 2219 1147 2251 adiuvat
1180 2222 1215 2251 et
1240 2229 1294 2251 me
1321 2218 1423 2250 toties
1449 2218 1588 2250 remittit
1611 2229 1630 2250 a

291 2284 427 2325 limine,
462 2294 537 2316 cum
572 2283 729 2317 Nemesis
764 2285 852 2317 intus
884 2289 947 2317 est.
1000 2284 1088 2317 Huic
1122 2283 1226 2326 igitur
1259 2294 1296 2316 se
1332 2282 1421 2315 diras
1454 2281 1630 2325 imprecari

290 2349 400 2381 solere
436 2348 518 2381 dicit
551 2350 713 2382 maximas
747 2354 929 2393 speratque
968 2360 1108 2393 poenam
1144 2361 1163 2382 a
1200 2349 1264 2381 diis
1300 2337 1486 2382 venturam.
1534 2347 1630 2380 Haec

291 2414 463 2448 hactenus.
512 2416 618 2449 Vides
645 2418 747 2449 etiam
779 2416 876 2449 liuius
910 2418 1040 2459 elegiae
1073 2427 1236 2450 summam
1264 2417 1294 2449 in
1320 2416 1458 2459 querela
1493 2415 1630 2455 versari,

289 2486 391 2524 atque
418 2482 448 2515 id
475 2493 577 2523 agere
603 2487 738 2525 poetam
765 2483 971 2525 gravissimis
997 2487 1031 2515 et
1059 2483 1261 2515 mollissimis
1295 2481 1425 2521 verbis,
1467 2485 1503 2513 nt
1529 2492 1627 2522 quam

291 2548 436 2580 maxime
470 2552 680 2579 connnoveat
716 2549 896 2591 uectatque
931 2549 1050 2582 durum
1086 2550 1230 2581 animum
1270 2547 1436 2579 Nemesis.
1496 2548 1530 2579 ln
1561 2558 1628 2590 quo

290 2614 512 2657 contemplari
550 2614 676 2647 iuvabit
714 2626 779 2657 qua
822 2616 1021 2658 gradatione
1061 2625 1171 2648 rerum
1209 2617 1345 2654 utatur,
1390 2618 1423 2646 et
1461 2613 1629 2656 quomodo
