<?xml version="1.0" encoding="UTF-8"?>
<!DOCTYPE html PUBLIC "-//W3C//DTD XHTML 1.0 Transitional//EN"
    "http://www.w3.org/TR/xhtml1/DTD/xhtml1-transitional.dtd">
<html xmlns="http://www.w3.org/1999/xhtml" xml:lang="en" lang="en">
 <head>
  <title>
</title>
<meta http-equiv="Content-Type" content="text/html;charset=utf-8" />
  <meta name='ocr-system' content='tesseract 3.04.00' />
  <meta name='ocr-capabilities' content='ocr_page ocr_carea ocr_par ocr_line ocrx_word'/>
</head>
<body>
  <div class='ocr_page' id='page_1' title='image "./carminaexrecensi00tibuuoft_0023.png"; bbox 0 0 1721 2953; ppageno 0'>
   <div class='ocr_carea' id='block_1_1' title="bbox 0 1394 3 1998">
    <p class='ocr_par' dir='ltr' id='par_1_1' title="bbox 0 1394 3 1998">
     <span class='ocr_line' id='line_1_1' title="bbox 0 1394 3 1998; baseline 0 0"><span class='ocrx_word' id='word_1_1' title='bbox 0 1394 3 1998; x_wconf 95' lang='lat' dir='ltr'> </span> 
     </span>
    </p>
   </div>
   <div class='ocr_carea' id='block_1_2' title="bbox 652 108 1467 151">
    <p class='ocr_par' dir='ltr' id='par_1_2' title="bbox 652 108 1467 151">
     <span class='ocr_line' id='line_1_2' title="bbox 652 108 1467 151; baseline -0.002 -2"><span class='ocrx_word' id='word_1_2' title='bbox 652 108 892 151; x_wconf 81' lang='lat' dir='ltr'>TIBULLL</span> <span class='ocrx_word' id='word_1_3' title='bbox 1383 124 1467 147; x_wconf 53' lang='lat' dir='ltr'>xvir</span> 
     </span>
    </p>
   </div>
   <div class='ocr_carea' id='block_1_3' title="bbox 98 220 1463 1804">
    <p class='ocr_par' dir='ltr' id='par_1_3' title="bbox 98 220 1463 1804">
     <span class='ocr_line' id='line_1_3' title="bbox 113 220 1460 278; baseline -0.001 -13"><span class='ocrx_word' id='word_1_4' title='bbox 113 225 298 278; x_wconf 62' lang='lat' dir='ltr'>quidem5</span> <span class='ocrx_word' id='word_1_5' title='bbox 329 232 372 263; x_wconf 82' lang='lat' dir='ltr'>ut</span> <span class='ocrx_word' id='word_1_6' title='bbox 403 222 513 273; x_wconf 76' lang='lat' dir='ltr'>dixi,</span> <span class='ocrx_word' id='word_1_7' title='bbox 545 223 581 262; x_wconf 87' lang='lat' dir='ltr'>ei</span> <span class='ocrx_word' id='word_1_8' title='bbox 610 223 837 263; x_wconf 81' lang='lat' dir='ltr'>innotuisse</span> <span class='ocrx_word' id='word_1_9' title='bbox 867 220 1029 263; x_wconf 76' lang='lat' dir='ltr'>videtur</span> <span class='ocrx_word' id='word_1_10' title='bbox 1062 235 1152 262; x_wconf 85' lang='lat' dir='ltr'>cum</span> <span class='ocrx_word' id='word_1_11' title='bbox 1185 231 1277 275; x_wconf 77' lang='lat' dir='ltr'>post</span> <span class='ocrx_word' id='word_1_12' title='bbox 1308 224 1460 276; x_wconf 78' lang='lat' dir='ltr'>stipen-</span> 
     </span>
     <span class='ocr_line' id='line_1_4' title="bbox 111 299 1461 353; baseline -0.004 -10"><span class='ocrx_word' id='word_1_13' title='bbox 111 303 178 343; x_wconf 84' lang='lat' dir='ltr'>dia</span> <span class='ocrx_word' id='word_1_14' title='bbox 197 303 379 342; x_wconf 75' lang='lat' dir='ltr'>confecta</span> <span class='ocrx_word' id='word_1_15' title='bbox 401 300 576 340; x_wconf 81' lang='lat' dir='ltr'>Romam</span> <span class='ocrx_word' id='word_1_16' title='bbox 597 299 795 350; x_wconf 80' lang='lat' dir='ltr'>rediisset,</span> <span class='ocrx_word' id='word_1_17' title='bbox 828 299 936 340; x_wconf 65' lang='lat' dir='ltr'>uncle</span> <span class='ocrx_word' id='word_1_18' title='bbox 966 301 1105 353; x_wconf 82' lang='lat' dir='ltr'>paullo</span> <span class='ocrx_word' id='word_1_19' title='bbox 1133 308 1228 353; x_wconf 78' lang='lat' dir='ltr'>post</span> <span class='ocrx_word' id='word_1_20' title='bbox 1257 314 1348 339; x_wconf 84' lang='lat' dir='ltr'>eum</span> <span class='ocrx_word' id='word_1_21' title='bbox 1374 302 1461 339; x_wconf 85' lang='lat' dir='ltr'>bel-</span> 
     </span>
     <span class='ocr_line' id='line_1_5' title="bbox 108 376 1459 431; baseline -0.001 -13"><span class='ocrx_word' id='word_1_22' title='bbox 108 380 193 418; x_wconf 86' lang='lat' dir='ltr'>lum</span> <span class='ocrx_word' id='word_1_23' title='bbox 215 386 358 418; x_wconf 81' lang='lat' dir='ltr'>contra</span> <span class='ocrx_word' id='word_1_24' title='bbox 377 377 604 417; x_wconf 87' lang='lat' dir='ltr'>Antonium</span> <span class='ocrx_word' id='word_1_25' title='bbox 632 387 848 431; x_wconf 81' lang='lat' dir='ltr'>pararetur</span> <span class='ocrx_word' id='word_1_26' title='bbox 873 380 923 417; x_wconf 81' lang='lat' dir='ltr'>ab</span> <span class='ocrx_word' id='word_1_27' title='bbox 949 376 1188 429; x_wconf 76' lang='lat' dir='ltr'>Octaviano,</span> <span class='ocrx_word' id='word_1_28' title='bbox 1216 377 1335 417; x_wconf 82' lang='lat' dir='ltr'>initio</span> <span class='ocrx_word' id='word_1_29' title='bbox 1364 392 1459 417; x_wconf 80' lang='lat' dir='ltr'>ann.</span> 
     </span>
     <span class='ocr_line' id='line_1_6' title="bbox 110 452 1461 508; baseline -0.001 -14"><span class='ocrx_word' id='word_1_30' title='bbox 110 459 216 505; x_wconf 63' lang='lat'>723„</span> <span class='ocrx_word' id='word_1_31' title='bbox 243 455 440 495; x_wconf 74' lang='lat' dir='ltr'>invitatus</span> <span class='ocrx_word' id='word_1_32' title='bbox 467 463 526 494; x_wconf 84' lang='lat' dir='ltr'>est</span> <span class='ocrx_word' id='word_1_33' title='bbox 551 462 597 493; x_wconf 88' lang='lat' dir='ltr'>ut</span> <span class='ocrx_word' id='word_1_34' title='bbox 625 454 891 494; x_wconf 80' lang='lat' dir='ltr'><strong>comitaretur</strong></span> <span class='ocrx_word' id='word_1_35' title='bbox 919 463 1156 508; x_wconf 80' lang='lat' dir='ltr'>patronum.</span> <span class='ocrx_word' id='word_1_36' title='bbox 1215 452 1297 493; x_wconf 81' lang='lat' dir='ltr'>Sed</span> <span class='ocrx_word' id='word_1_37' title='bbox 1317 453 1461 492; x_wconf 88' lang='lat' dir='ltr'>Tibul-</span> 
     </span>
     <span class='ocr_line' id='line_1_7' title="bbox 104 530 1460 582; baseline -0.001 -12"><span class='ocrx_word' id='word_1_38' title='bbox 104 533 168 570; x_wconf 85' lang='lat' dir='ltr'>lus</span> <span class='ocrx_word' id='word_1_39' title='bbox 199 532 333 571; x_wconf 81' lang='lat' dir='ltr'>civilia</span> <span class='ocrx_word' id='word_1_40' title='bbox 366 545 481 571; x_wconf 85' lang='lat' dir='ltr'>arma</span> <span class='ocrx_word' id='word_1_41' title='bbox 510 544 661 571; x_wconf 79' lang='lat' dir='ltr'>exosus</span> <span class='ocrx_word' id='word_1_42' title='bbox 690 532 876 581; x_wconf 74' lang='lat' dir='ltr'>nolebat,</span> <span class='ocrx_word' id='word_1_43' title='bbox 914 540 951 570; x_wconf 84' lang='lat' dir='ltr'>et</span> <span class='ocrx_word' id='word_1_44' title='bbox 984 531 1174 582; x_wconf 79' lang='lat' dir='ltr'>fatigatus</span> <span class='ocrx_word' id='word_1_45' title='bbox 1212 530 1368 569; x_wconf 82' lang='lat' dir='ltr'>bellicis</span> <span class='ocrx_word' id='word_1_46' title='bbox 1401 530 1460 569; x_wconf 85' lang='lat' dir='ltr'>la·-</span> 
     </span>
     <span class='ocr_line' id='line_1_8' title="bbox 104 607 1463 662; baseline -0.001 -14"><span class='ocrx_word' id='word_1_47' title='bbox 104 609 275 649; x_wconf 83' lang='lat' dir='ltr'>boribus</span> <span class='ocrx_word' id='word_1_48' title='bbox 305 609 471 649; x_wconf 80' lang='lat' dir='ltr'>tandem</span> <span class='ocrx_word' id='word_1_49' title='bbox 499 607 551 649; x_wconf 79' lang='lat' dir='ltr'>ad</span> <span class='ocrx_word' id='word_1_50' title='bbox 579 609 776 648; x_wconf 81' lang='lat' dir='ltr'>rusticam</span> <span class='ocrx_word' id='word_1_51' title='bbox 805 609 929 651; x_wconf 77' lang='lat' dir='ltr'>vitam</span> <span class='ocrx_word' id='word_1_52' title='bbox 963 608 1096 648; x_wconf 82' lang='lat' dir='ltr'>redire</span> <span class='ocrx_word' id='word_1_53' title='bbox 1127 608 1338 660; x_wconf 80' lang='lat' dir='ltr'>cupiebat,</span> <span class='ocrx_word' id='word_1_54' title='bbox 1380 622 1463 662; x_wconf 83' lang='lat' dir='ltr'>qua</span> 
     </span>
     <span class='ocr_line' id='line_1_9' title="bbox 106 685 1460 740; baseline -0.002 -14"><span class='ocrx_word' id='word_1_55' title='bbox 106 687 176 726; x_wconf 85' lang='lat' dir='ltr'>diu</span> <span class='ocrx_word' id='word_1_56' title='bbox 206 695 407 727; x_wconf 82' lang='lat' dir='ltr'>caruerat.</span> <span class='ocrx_word' id='word_1_57' title='bbox 465 687 532 728; x_wconf 85' lang='lat' dir='ltr'>Sic</span> <span class='ocrx_word' id='word_1_58' title='bbox 561 688 713 740; x_wconf 73' lang='lat' dir='ltr'>scripta</span> <span class='ocrx_word' id='word_1_59' title='bbox 747 688 872 739; x_wconf 81' lang='lat' dir='ltr'>elegia</span> <span class='ocrx_word' id='word_1_60' title='bbox 896 687 1031 739; x_wconf 85' lang='lat' dir='ltr'>prima</span> <span class='ocrx_word' id='word_1_61' title='bbox 1058 685 1154 724; x_wconf 83' lang='lat' dir='ltr'><strong>libri</strong></span> <span class='ocrx_word' id='word_1_62' title='bbox 1186 685 1323 738; x_wconf 79' lang='lat' dir='ltr'>primi.</span> <span class='ocrx_word' id='word_1_63' title='bbox 1381 685 1460 723; x_wconf 73' lang='lat' dir='ltr'>Ac-</span> 
     </span>
     <span class='ocr_line' id='line_1_10' title="bbox 105 761 1458 814; baseline -0.001 -12"><span class='ocrx_word' id='word_1_64' title='bbox 105 763 274 802; x_wconf 79' lang='lat' dir='ltr'><strong>cedebat</strong></span> <span class='ocrx_word' id='word_1_65' title='bbox 304 776 420 803; x_wconf 81' lang='lat' dir='ltr'>amor</span> <span class='ocrx_word' id='word_1_66' title='bbox 448 763 593 803; x_wconf 81' lang='lat' dir='ltr'>Deliae</span> <span class='ocrx_word' id='word_1_67' title='bbox 604 792 615 813; x_wconf 70' lang='lat'><em>7</em></span> <span class='ocrx_word' id='word_1_68' title='bbox 648 772 687 802; x_wconf 82' lang='lat' dir='ltr'>et</span> <span class='ocrx_word' id='word_1_69' title='bbox 715 763 802 814; x_wconf 82' lang='lat' dir='ltr'>ipse</span> <span class='ocrx_word' id='word_1_70' title='bbox 830 762 1009 814; x_wconf 73' lang='lat' dir='ltr'>primum</span> <span class='ocrx_word' id='word_1_71' title='bbox 1040 761 1083 800; x_wconf 83' lang='lat' dir='ltr'>in</span> <span class='ocrx_word' id='word_1_72' title='bbox 1114 761 1189 800; x_wconf 83' lang='lat' dir='ltr'>hac</span> <span class='ocrx_word' id='word_1_73' title='bbox 1219 762 1346 813; x_wconf 74' lang='lat' dir='ltr'>elegia</span> <span class='ocrx_word' id='word_1_74' title='bbox 1372 775 1458 800; x_wconf 84' lang='lat' dir='ltr'>me-</span> 
     </span>
     <span class='ocr_line' id='line_1_11' title="bbox 103 838 1458 895; baseline -0.003 -14"><span class='ocrx_word' id='word_1_75' title='bbox 103 850 298 882; x_wconf 79' lang='lat' dir='ltr'>moratus,</span> <span class='ocrx_word' id='word_1_76' title='bbox 359 842 425 881; x_wconf 91' lang='lat' dir='ltr'>De</span> <span class='ocrx_word' id='word_1_77' title='bbox 456 855 539 895; x_wconf 85' lang='lat' dir='ltr'>quo</span> <span class='ocrx_word' id='word_1_78' title='bbox 560 855 672 880; x_wconf 86' lang='lat' dir='ltr'>nunc</span> <span class='ocrx_word' id='word_1_79' title='bbox 696 839 840 879; x_wconf 81' lang='lat' dir='ltr'>dicam.</span> <span class='ocrx_word' id='word_1_80' title='bbox 899 839 1063 879; x_wconf 82' lang='lat' dir='ltr'>Etenim</span> <span class='ocrx_word' id='word_1_81' title='bbox 1086 839 1192 878; x_wconf 82' lang='lat' dir='ltr'>circa</span> <span class='ocrx_word' id='word_1_82' title='bbox 1218 838 1325 878; x_wconf 80' lang='lat' dir='ltr'>idem</span> <span class='ocrx_word' id='word_1_83' title='bbox 1356 846 1458 878; x_wconf 81' lang='lat' dir='ltr'>lem-</span> 
     </span>
     <span class='ocr_line' id='line_1_12' title="bbox 101 915 1457 970; baseline -0.002 -14"><span class='ocrx_word' id='word_1_84' title='bbox 101 931 203 970; x_wconf 84' lang='lat' dir='ltr'>pus,</span> <span class='ocrx_word' id='word_1_85' title='bbox 248 930 332 970; x_wconf 86' lang='lat' dir='ltr'>quo</span> <span class='ocrx_word' id='word_1_86' title='bbox 370 916 413 955; x_wconf 89' lang='lat' dir='ltr'>in</span> <span class='ocrx_word' id='word_1_87' title='bbox 446 917 649 957; x_wconf 79' lang='lat' dir='ltr'><strong>Messalae</strong></span> <span class='ocrx_word' id='word_1_88' title='bbox 690 915 908 956; x_wconf 71' lang='lat' dir='ltr'>amicitiam</span> <span class='ocrx_word' id='word_1_89' title='bbox 952 915 1087 964; x_wconf 79' lang='lat' dir='ltr'>venit,</span> <span class='ocrx_word' id='word_1_90' title='bbox 1132 915 1255 955; x_wconf 84' lang='lat' dir='ltr'>etiam</span> <span class='ocrx_word' id='word_1_91' title='bbox 1294 915 1457 955; x_wconf 80' lang='lat' dir='ltr'>Deliam</span> 
     </span>
     <span class='ocr_line' id='line_1_13' title="bbox 103 993 1458 1046; baseline -0.001 -12"><span class='ocrx_word' id='word_1_92' title='bbox 103 1008 239 1035; x_wconf 85' lang='lat' dir='ltr'>amare</span> <span class='ocrx_word' id='word_1_93' title='bbox 268 995 421 1046; x_wconf 82' lang='lat' dir='ltr'>coepit,</span> <span class='ocrx_word' id='word_1_94' title='bbox 451 995 630 1046; x_wconf 84' lang='lat' dir='ltr'>puellam</span> <span class='ocrx_word' id='word_1_95' title='bbox 663 993 1023 1043; x_wconf 81' lang='lat' dir='ltr'>formosissimam,</span> <span class='ocrx_word' id='word_1_96' title='bbox 1056 993 1170 1032; x_wconf 86' lang='lat' dir='ltr'>cuius</span> <span class='ocrx_word' id='word_1_97' title='bbox 1201 994 1365 1043; x_wconf 76' lang='lat' dir='ltr'>faciem,</span> <span class='ocrx_word' id='word_1_98' title='bbox 1398 1001 1458 1033; x_wconf 81' lang='lat' dir='ltr'>te-</span> 
     </span>
     <span class='ocr_line' id='line_1_14' title="bbox 102 1067 1458 1120; baseline -0.003 -10"><span class='ocrx_word' id='word_1_99' title='bbox 102 1084 224 1110; x_wconf 82' lang='lat' dir='ltr'>neros</span> <span class='ocrx_word' id='word_1_100' title='bbox 259 1072 457 1120; x_wconf 78' lang='lat' dir='ltr'>lacertos,</span> <span class='ocrx_word' id='word_1_101' title='bbox 502 1083 639 1109; x_wconf 86' lang='lat' dir='ltr'>comas</span> <span class='ocrx_word' id='word_1_102' title='bbox 670 1068 797 1109; x_wconf 80' lang='lat' dir='ltr'>flavas</span> <span class='ocrx_word' id='word_1_103' title='bbox 834 1069 865 1118; x_wconf 85' lang='lat' dir='ltr'>I,</span> <span class='ocrx_word' id='word_1_104' title='bbox 897 1073 935 1118; x_wconf 89' lang='grc'>5,</span> <span class='ocrx_word' id='word_1_105' title='bbox 967 1070 1034 1108; x_wconf 80' lang='grc'>43.</span> <span class='ocrx_word' id='word_1_106' title='bbox 1071 1067 1225 1107; x_wconf 83' lang='lat' dir='ltr'>laudat.</span> <span class='ocrx_word' id='word_1_107' title='bbox 1298 1070 1458 1108; x_wconf 84' lang='lat' dir='ltr'>Verum</span> 
     </span>
     <span class='ocr_line' id='line_1_15' title="bbox 103 1145 1457 1198; baseline -0.002 -11"><span class='ocrx_word' id='word_1_108' title='bbox 103 1161 254 1187; x_wconf 85' lang='lat' dir='ltr'>nomen</span> <span class='ocrx_word' id='word_1_109' title='bbox 296 1148 384 1187; x_wconf 89' lang='lat' dir='ltr'>eius</span> <span class='ocrx_word' id='word_1_110' title='bbox 423 1148 564 1186; x_wconf 78' lang='lat' dir='ltr'>Plania</span> <span class='ocrx_word' id='word_1_111' title='bbox 601 1146 701 1194; x_wconf 75' lang='lat' dir='ltr'>suit,</span> <span class='ocrx_word' id='word_1_112' title='bbox 746 1154 791 1185; x_wconf 87' lang='lat' dir='ltr'>ut</span> <span class='ocrx_word' id='word_1_113' title='bbox 830 1160 883 1185; x_wconf 81' lang='lat' dir='ltr'>ex</span> <span class='ocrx_word' id='word_1_114' title='bbox 926 1145 1119 1197; x_wconf 83' lang='lat' dir='ltr'>Appulei.</span> <span class='ocrx_word' id='word_1_115' title='bbox 1150 1146 1324 1198; x_wconf 77' lang='lat' dir='ltr'>Apolog.</span> <span class='ocrx_word' id='word_1_116' title='bbox 1362 1149 1457 1185; x_wconf 76' lang='lat'>106.</span> 
     </span>
     <span class='ocr_line' id='line_1_16' title="bbox 103 1223 1458 1274; baseline -0.003 -10"><span class='ocrx_word' id='word_1_117' title='bbox 103 1223 295 1266; x_wconf 79' lang='lat' dir='ltr'>Oudeml.</span> <span class='ocrx_word' id='word_1_118' title='bbox 324 1224 538 1274; x_wconf 71' lang='lat' dir='ltr'>novimus7</span> <span class='ocrx_word' id='word_1_119' title='bbox 567 1224 641 1263; x_wconf 85' lang='lat' dir='ltr'>ubi</span> <span class='ocrx_word' id='word_1_120' title='bbox 669 1223 837 1273; x_wconf 76' lang='lat' dir='ltr'>legitur:</span> <span class='ocrx_word' id='word_1_121' title='bbox 874 1223 1034 1271; x_wconf 72' lang='lat' dir='ltr'>„eadem</span> <span class='ocrx_word' id='word_1_122' title='bbox 1063 1225 1173 1272; x_wconf 73' lang='lat' dir='ltr'>igitur</span> <span class='ocrx_word' id='word_1_123' title='bbox 1201 1237 1316 1274; x_wconf 77' lang='lat' dir='ltr'>opera</span> <span class='ocrx_word' id='word_1_124' title='bbox 1343 1237 1458 1262; x_wconf 50' lang='lat' dir='ltr'>ascum</span> 
     </span>
     <span class='ocr_line' id='line_1_17' title="bbox 101 1297 1457 1351; baseline -0.001 -14"><span class='ocrx_word' id='word_1_125' title='bbox 101 1310 177 1340; x_wconf 63' lang='lat' dir='ltr'>sent</span> <span class='ocrx_word' id='word_1_126' title='bbox 206 1303 248 1340; x_wconf 89' lang='lat' dir='ltr'>C.</span> <span class='ocrx_word' id='word_1_127' title='bbox 276 1301 485 1348; x_wconf 73' lang='lat' dir='ltr'>Catullum,</span> <span class='ocrx_word' id='word_1_128' title='bbox 524 1299 625 1351; x_wconf 75' lang='lat' dir='ltr'>quod</span> <span class='ocrx_word' id='word_1_129' title='bbox 654 1298 825 1335; x_wconf 78' lang='lat' dir='ltr'>Lesbiam</span> <span class='ocrx_word' id='word_1_130' title='bbox 851 1311 920 1348; x_wconf 78' lang='lat' dir='ltr'>pro</span> <span class='ocrx_word' id='word_1_131' title='bbox 956 1297 1089 1335; x_wconf 72' lang='lat' dir='ltr'>Clodia</span> <span class='ocrx_word' id='word_1_132' title='bbox 1115 1300 1312 1336; x_wconf 72' lang='lat' dir='ltr'>nominarit</span> <span class='ocrx_word' id='word_1_133' title='bbox 1339 1320 1395 1325; x_wconf 95' lang='lat'><strong>—</strong></span> <span class='ocrx_word' id='word_1_134' title='bbox 1424 1306 1457 1335; x_wconf 70' lang='lat' dir='ltr'>et</span> 
     </span>
     <span class='ocr_line' id='line_1_18' title="bbox 101 1373 1456 1430; baseline -0.004 -13"><span class='ocrx_word' id='word_1_135' title='bbox 101 1379 356 1430; x_wconf 78' lang='lat' dir='ltr'>Propertium,</span> <span class='ocrx_word' id='word_1_136' title='bbox 387 1379 452 1430; x_wconf 80' lang='lat' dir='ltr'>qui</span> <span class='ocrx_word' id='word_1_137' title='bbox 478 1376 671 1429; x_wconf 61' lang='lat' dir='ltr'>Cynthium</span> <span class='ocrx_word' id='word_1_138' title='bbox 703 1375 806 1413; x_wconf 73' lang='lat' dir='ltr'>dicat</span> <span class='ocrx_word' id='word_1_139' title='bbox 817 1404 829 1423; x_wconf 83' lang='grc'>,</span> <span class='ocrx_word' id='word_1_140' title='bbox 866 1374 1042 1413; x_wconf 71' lang='lat' dir='ltr'>Hostiam</span> <span class='ocrx_word' id='word_1_141' title='bbox 1073 1374 1291 1423; x_wconf 76' lang='lat' dir='ltr'>dissimulet,</span> <span class='ocrx_word' id='word_1_142' title='bbox 1330 1381 1363 1412; x_wconf 81' lang='lat' dir='ltr'>et</span> <span class='ocrx_word' id='word_1_143' title='bbox 1395 1373 1456 1411; x_wconf 76' lang='lat' dir='ltr'>Ti-</span> 
     </span>
     <span class='ocr_line' id='line_1_19' title="bbox 102 1447 1455 1506; baseline -0.001 -17"><span class='ocrx_word' id='word_1_144' title='bbox 102 1453 249 1502; x_wconf 75' lang='lat' dir='ltr'>bullum,</span> <span class='ocrx_word' id='word_1_145' title='bbox 279 1452 379 1506; x_wconf 81' lang='lat' dir='ltr'>quod</span> <span class='ocrx_word' id='word_1_146' title='bbox 407 1455 442 1490; x_wconf 80' lang='lat' dir='ltr'>ei</span> <span class='ocrx_word' id='word_1_147' title='bbox 466 1454 511 1490; x_wconf 78' lang='lat' dir='ltr'>sit</span> <span class='ocrx_word' id='word_1_148' title='bbox 539 1452 679 1490; x_wconf 63' lang='lat' dir='ltr'>Plania</span> <span class='ocrx_word' id='word_1_149' title='bbox 706 1454 742 1489; x_wconf 84' lang='lat' dir='ltr'>in</span> <span class='ocrx_word' id='word_1_150' title='bbox 771 1453 907 1499; x_wconf 82' lang='lat' dir='ltr'>animo,</span> <span class='ocrx_word' id='word_1_151' title='bbox 937 1451 1046 1490; x_wconf 80' lang='lat' dir='ltr'>Delia</span> <span class='ocrx_word' id='word_1_152' title='bbox 1070 1453 1106 1489; x_wconf 80' lang='lat' dir='ltr'>in</span> <span class='ocrx_word' id='word_1_153' title='bbox 1136 1451 1279 1489; x_wconf 48' lang='grc' dir='ltr'>ωσι-ειμι(</span> <span class='ocrx_word' id='word_1_154' title='bbox 1339 1447 1455 1497; x_wconf 80' lang='lat' dir='ltr'>Quae</span> 
     </span>
     <span class='ocr_line' id='line_1_20' title="bbox 98 1525 1456 1580; baseline -0.004 -12"><span class='ocrx_word' id='word_1_155' title='bbox 98 1530 262 1580; x_wconf 75' lang='lat' dir='ltr'>vulgata</span> <span class='ocrx_word' id='word_1_156' title='bbox 286 1528 421 1567; x_wconf 77' lang='lat' dir='ltr'>lectio.</span> <span class='ocrx_word' id='word_1_157' title='bbox 478 1527 571 1566; x_wconf 87' lang='lat' dir='ltr'>Alia</span> <span class='ocrx_word' id='word_1_158' title='bbox 593 1527 685 1566; x_wconf 82' lang='lat' dir='ltr'>lect.</span> <span class='ocrx_word' id='word_1_159' title='bbox 709 1527 865 1567; x_wconf 72' lang='lat' dir='ltr'>Plautia</span> <span class='ocrx_word' id='word_1_160' title='bbox 892 1526 942 1564; x_wconf 84' lang='lat' dir='ltr'>ab</span> <span class='ocrx_word' id='word_1_161' title='bbox 968 1525 1272 1564; x_wconf 76' lang='lat' dir='ltr'>Elmenllorstio</span> <span class='ocrx_word' id='word_1_162' title='bbox 1294 1539 1335 1576; x_wconf 90' lang='lat' dir='ltr'>p.</span> <span class='ocrx_word' id='word_1_163' title='bbox 1360 1529 1456 1563; x_wconf 69' lang='lat'>327„</span> 
     </span>
     <span class='ocr_line' id='line_1_21' title="bbox 101 1600 1455 1655; baseline -0.004 -10"><span class='ocrx_word' id='word_1_164' title='bbox 101 1621 120 1645; x_wconf 86' lang='lat' dir='ltr'>e</span> <span class='ocrx_word' id='word_1_165' title='bbox 150 1604 269 1645; x_wconf 86' lang='lat' dir='ltr'>Fulv.</span> <span class='ocrx_word' id='word_1_166' title='bbox 297 1611 439 1643; x_wconf 80' lang='lat' dir='ltr'>notata</span> <span class='ocrx_word' id='word_1_167' title='bbox 468 1611 527 1642; x_wconf 80' lang='lat' dir='ltr'>est</span> <span class='ocrx_word' id='word_1_168' title='bbox 559 1610 598 1641; x_wconf 81' lang='lat' dir='ltr'>et</span> <span class='ocrx_word' id='word_1_169' title='bbox 628 1617 693 1655; x_wconf 84' lang='lat' dir='ltr'>ap.</span> <span class='ocrx_word' id='word_1_170' title='bbox 724 1602 897 1641; x_wconf 84' lang='lat' dir='ltr'>Hieron.</span> <span class='ocrx_word' id='word_1_171' title='bbox 926 1600 1196 1641; x_wconf 72' lang='lat' dir='ltr'>Alexanclrin.</span> <span class='ocrx_word' id='word_1_172' title='bbox 1227 1601 1271 1640; x_wconf 87' lang='lat' dir='ltr'>in</span> <span class='ocrx_word' id='word_1_173' title='bbox 1301 1601 1455 1640; x_wconf 87' lang='lat' dir='ltr'>Tibull.</span> 
     </span>
     <span class='ocr_line' id='line_1_22' title="bbox 102 1676 1453 1731; baseline -0.004 -10"><span class='ocrx_word' id='word_1_174' title='bbox 102 1682 165 1721; x_wconf 83' lang='lat' dir='ltr'>ed.</span> <span class='ocrx_word' id='word_1_175' title='bbox 189 1681 377 1721; x_wconf 79' lang='lat' dir='ltr'>Huschk.</span> <span class='ocrx_word' id='word_1_176' title='bbox 412 1680 461 1719; x_wconf 87' lang='lat' dir='ltr'>T.</span> <span class='ocrx_word' id='word_1_177' title='bbox 494 1680 526 1718; x_wconf 89' lang='lat' dir='ltr'>I.</span> <span class='ocrx_word' id='word_1_178' title='bbox 555 1694 595 1731; x_wconf 84' lang='lat' dir='ltr'>p.</span> <span class='ocrx_word' id='word_1_179' title='bbox 623 1678 716 1718; x_wconf 86' lang='lat' dir='ltr'>XC.</span> <span class='ocrx_word' id='word_1_180' title='bbox 744 1679 934 1718; x_wconf 81' lang='lat' dir='ltr'>habetur.</span> <span class='ocrx_word' id='word_1_181' title='bbox 994 1677 1076 1715; x_wconf 85' lang='lat' dir='ltr'>Alii</span> <span class='ocrx_word' id='word_1_182' title='bbox 1106 1676 1285 1730; x_wconf 75' lang='lat' dir='ltr'>(lenique</span> <span class='ocrx_word' id='word_1_183' title='bbox 1315 1677 1453 1716; x_wconf 89' lang='lat' dir='ltr'>conie-</span> 
     </span>
     <span class='ocr_line' id='line_1_23' title="bbox 102 1752 1454 1804; baseline -0.002 -9"><span class='ocrx_word' id='word_1_184' title='bbox 102 1765 245 1796; x_wconf 81' lang='lat' dir='ltr'>cerunt</span> <span class='ocrx_word' id='word_1_185' title='bbox 273 1759 417 1804; x_wconf 70' lang='lat' dir='ltr'>flavia,</span> <span class='ocrx_word' id='word_1_186' title='bbox 445 1757 620 1803; x_wconf 67' lang='lat' dir='ltr'>mancia,</span> <span class='ocrx_word' id='word_1_187' title='bbox 645 1757 808 1795; x_wconf 71' lang='lat' dir='ltr'>Planca.</span> <span class='ocrx_word' id='word_1_188' title='bbox 865 1752 948 1793; x_wconf 80' lang='lat' dir='ltr'>Sed</span> <span class='ocrx_word' id='word_1_189' title='bbox 977 1767 1121 1794; x_wconf 84' lang='lat' dir='ltr'>verum</span> <span class='ocrx_word' id='word_1_190' title='bbox 1145 1767 1295 1792; x_wconf 89' lang='lat' dir='ltr'>nomen</span> <span class='ocrx_word' id='word_1_191' title='bbox 1315 1755 1454 1793; x_wconf 73' lang='lat' dir='ltr'>Plania</span> 
     </span>
    </p>
   </div>
   <div class='ocr_carea' id='block_1_4' title="bbox 98 1825 1452 2571">
    <p class='ocr_par' dir='ltr' id='par_1_4' title="bbox 98 1825 1452 2571">
     <span class='ocr_line' id='line_1_24' title="bbox 102 1825 1451 1883; baseline -0.004 -12"><span class='ocrx_word' id='word_1_192' title='bbox 102 1833 222 1872; x_wconf 75' lang='lat' dir='ltr'>etiam</span> <span class='ocrx_word' id='word_1_193' title='bbox 262 1831 449 1883; x_wconf 84' lang='lat' dir='ltr'>Spohnio</span> <span class='ocrx_word' id='word_1_194' title='bbox 489 1828 646 1878; x_wconf 76' lang='lat' dir='ltr'>iudice,</span> <span class='ocrx_word' id='word_1_195' title='bbox 691 1828 742 1868; x_wconf 81' lang='lat' dir='ltr'>ad</span> <span class='ocrx_word' id='word_1_196' title='bbox 785 1826 899 1881; x_wconf 81' lang='lat' dir='ltr'>quod</span> <span class='ocrx_word' id='word_1_197' title='bbox 940 1825 1189 1867; x_wconf 82' lang='lat' dir='ltr'>firmandum</span> <span class='ocrx_word' id='word_1_198' title='bbox 1228 1826 1308 1865; x_wconf 84' lang='lat' dir='ltr'>iam</span> <span class='ocrx_word' id='word_1_199' title='bbox 1353 1829 1451 1866; x_wconf 87' lang='lat' dir='ltr'>olim</span> 
     </span>
     <span class='ocr_line' id='line_1_25' title="bbox 99 1904 1451 1958; baseline -0.003 -10"><span class='ocrx_word' id='word_1_200' title='bbox 99 1907 412 1948; x_wconf 74' lang='lat' dir='ltr'>Brouckliusius</span> <span class='ocrx_word' id='word_1_201' title='bbox 440 1905 734 1958; x_wconf 75' lang='lat' dir='ltr'>Inscripfiones</span> <span class='ocrx_word' id='word_1_202' title='bbox 769 1919 835 1957; x_wconf 86' lang='lat' dir='ltr'>ap.</span> <span class='ocrx_word' id='word_1_203' title='bbox 865 1904 982 1944; x_wconf 81' lang='lat' dir='ltr'>Grut.</span> <span class='ocrx_word' id='word_1_204' title='bbox 1016 1905 1189 1944; x_wconf 74' lang='lat' dir='ltr'>contulit</span> <span class='ocrx_word' id='word_1_205' title='bbox 1218 1904 1269 1944; x_wconf 81' lang='lat' dir='ltr'>ad</span> <span class='ocrx_word' id='word_1_206' title='bbox 1298 1905 1391 1945; x_wconf 86' lang='lat' dir='ltr'>Tib.</span> <span class='ocrx_word' id='word_1_207' title='bbox 1419 1907 1451 1955; x_wconf 73' lang='lat' dir='ltr'>I,</span> 
     </span>
     <span class='ocr_line' id='line_1_26' title="bbox 102 1980 1452 2037; baseline -0.001 -13"><span class='ocrx_word' id='word_1_208' title='bbox 102 1988 138 2033; x_wconf 77' lang='lat'>1,</span> <span class='ocrx_word' id='word_1_209' title='bbox 171 1989 236 2024; x_wconf 88' lang='grc'>57.</span> <span class='ocrx_word' id='word_1_210' title='bbox 268 1997 374 2037; x_wconf 84' lang='lat' dir='ltr'>quae</span> <span class='ocrx_word' id='word_1_211' title='bbox 402 1983 580 2034; x_wconf 81' lang='lat' dir='ltr'>probant</span> <span class='ocrx_word' id='word_1_212' title='bbox 609 1981 844 2020; x_wconf 85' lang='lat' dir='ltr'>Romanum</span> <span class='ocrx_word' id='word_1_213' title='bbox 873 1980 1000 2020; x_wconf 81' lang='lat' dir='ltr'>fuisse</span> <span class='ocrx_word' id='word_1_214' title='bbox 1028 1994 1203 2032; x_wconf 74' lang='lat' dir='ltr'>nomen,</span> <span class='ocrx_word' id='word_1_215' title='bbox 1233 1983 1452 2024; x_wconf 83' lang='lat' dir='ltr'>Passovius</span> 
     </span>
     <span class='ocr_line' id='line_1_27' title="bbox 99 2056 1452 2111; baseline 0.001 -12"><span class='ocrx_word' id='word_1_216' title='bbox 99 2069 236 2099; x_wconf 83' lang='lat' dir='ltr'>autem</span> <span class='ocrx_word' id='word_1_217' title='bbox 265 2060 308 2098; x_wconf 92' lang='lat' dir='ltr'>in</span> <span class='ocrx_word' id='word_1_218' title='bbox 343 2057 538 2098; x_wconf 82' lang='lat' dir='ltr'>Seebodii</span> <span class='ocrx_word' id='word_1_219' title='bbox 565 2057 730 2097; x_wconf 86' lang='lat' dir='ltr'>Horreo</span> <span class='ocrx_word' id='word_1_220' title='bbox 759 2057 906 2109; x_wconf 85' lang='lat' dir='ltr'>philol.</span> <span class='ocrx_word' id='word_1_221' title='bbox 935 2066 976 2096; x_wconf 86' lang='lat' dir='ltr'>et</span> <span class='ocrx_word' id='word_1_222' title='bbox 1005 2056 1173 2111; x_wconf 78' lang='lat' dir='ltr'>paeclag.</span> <span class='ocrx_word' id='word_1_223' title='bbox 1205 2073 1301 2098; x_wconf 86' lang='lat' dir='ltr'>ann.</span> <span class='ocrx_word' id='word_1_224' title='bbox 1330 2062 1452 2100; x_wconf 74' lang='grc'><strong>1825.</strong></span> 
     </span>
     <span class='ocr_line' id='line_1_28' title="bbox 99 2133 1451 2190; baseline -0.001 -14"><span class='ocrx_word' id='word_1_225' title='bbox 99 2153 140 2190; x_wconf 85' lang='lat' dir='ltr'>p.</span> <span class='ocrx_word' id='word_1_226' title='bbox 175 2141 270 2177; x_wconf 83' lang='lat'><strong>191.</strong></span> <span class='ocrx_word' id='word_1_227' title='bbox 302 2144 443 2176; x_wconf 83' lang='lat' dir='ltr'>narrat</span> <span class='ocrx_word' id='word_1_228' title='bbox 473 2135 714 2175; x_wconf 82' lang='lat' dir='ltr'>sententiam</span> <span class='ocrx_word' id='word_1_229' title='bbox 743 2134 825 2174; x_wconf 78' lang='lat' dir='ltr'>viri</span> <span class='ocrx_word' id='word_1_230' title='bbox 858 2133 1067 2174; x_wconf 82' lang='lat' dir='ltr'>cuiusdam</span> <span class='ocrx_word' id='word_1_231' title='bbox 1098 2133 1228 2185; x_wconf 79' lang='lat' dir='ltr'>docti,</span> <span class='ocrx_word' id='word_1_232' title='bbox 1262 2135 1335 2188; x_wconf 85' lang='lat' dir='ltr'>qui</span> <span class='ocrx_word' id='word_1_233' title='bbox 1364 2137 1451 2175; x_wconf 89' lang='lat' dir='ltr'>De-</span> 
     </span>
     <span class='ocr_line' id='line_1_29' title="bbox 98 2210 1451 2266; baseline -0.002 -12"><span class='ocrx_word' id='word_1_234' title='bbox 98 2216 177 2254; x_wconf 84' lang='lat' dir='ltr'>liae</span> <span class='ocrx_word' id='word_1_235' title='bbox 209 2227 363 2254; x_wconf 85' lang='lat' dir='ltr'>nomen</span> <span class='ocrx_word' id='word_1_236' title='bbox 388 2213 445 2251; x_wconf 80' lang='lat' dir='ltr'>ita</span> <span class='ocrx_word' id='word_1_237' title='bbox 476 2227 500 2250; x_wconf 78' lang='lat' dir='ltr'>a</span> <span class='ocrx_word' id='word_1_238' title='bbox 528 2210 657 2266; x_wconf 74' lang='grc' dir='ltr'><em>δῆλος</em></span> <span class='ocrx_word' id='word_1_239' title='bbox 686 2210 854 2251; x_wconf 83' lang='lat' dir='ltr'>ductum</span> <span class='ocrx_word' id='word_1_240' title='bbox 876 2212 1046 2263; x_wconf 80' lang='lat' dir='ltr'>putabat</span> <span class='ocrx_word' id='word_1_241' title='bbox 1067 2219 1112 2250; x_wconf 77' lang='lat' dir='ltr'>ut</span> <span class='ocrx_word' id='word_1_242' title='bbox 1133 2212 1301 2251; x_wconf 85' lang='lat' dir='ltr'>Planiae</span> <span class='ocrx_word' id='word_1_243' title='bbox 1324 2227 1346 2251; x_wconf 87' lang='lat' dir='ltr'>a</span> <span class='ocrx_word' id='word_1_244' title='bbox 1364 2215 1451 2266; x_wconf 80' lang='lat' dir='ltr'>pla-</span> 
     </span>
     <span class='ocr_line' id='line_1_30' title="bbox 99 2287 1449 2340; baseline 0.001 -11"><span class='ocrx_word' id='word_1_245' title='bbox 99 2306 184 2340; x_wconf 80' lang='lat' dir='ltr'>nus,</span> <span class='ocrx_word' id='word_1_246' title='bbox 217 2298 257 2329; x_wconf 84' lang='lat' dir='ltr'>et</span> <span class='ocrx_word' id='word_1_247' title='bbox 283 2288 387 2329; x_wconf 81' lang='lat' dir='ltr'>illud</span> <span class='ocrx_word' id='word_1_248' title='bbox 417 2289 540 2329; x_wconf 84' lang='lat' dir='ltr'>huius</span> <span class='ocrx_word' id='word_1_249' title='bbox 568 2289 876 2329; x_wconf 67' lang='lat' dir='ltr'>translati0nem</span> <span class='ocrx_word' id='word_1_250' title='bbox 907 2288 1118 2328; x_wconf 78' lang='lat' dir='ltr'>Graecam.</span> <span class='ocrx_word' id='word_1_251' title='bbox 1178 2287 1258 2328; x_wconf 80' lang='lat' dir='ltr'>Sed</span> <span class='ocrx_word' id='word_1_252' title='bbox 1291 2288 1340 2328; x_wconf 87' lang='lat' dir='ltr'>de</span> <span class='ocrx_word' id='word_1_253' title='bbox 1371 2291 1449 2330; x_wconf 83' lang='lat' dir='ltr'>hoc</span> 
     </span>
     <span class='ocr_line' id='line_1_31' title="bbox 101 2365 1451 2420; baseline -0.001 -13"><span class='ocrx_word' id='word_1_254' title='bbox 101 2369 203 2408; x_wconf 87' lang='lat' dir='ltr'>alius</span> <span class='ocrx_word' id='word_1_255' title='bbox 229 2381 466 2420; x_wconf 85' lang='lat' dir='ltr'>comparare</span> <span class='ocrx_word' id='word_1_256' title='bbox 490 2367 604 2406; x_wconf 83' lang='lat' dir='ltr'>malit</span> <span class='ocrx_word' id='word_1_257' title='bbox 627 2366 848 2420; x_wconf 76' lang='lat' dir='ltr'>Cynthiam</span> <span class='ocrx_word' id='word_1_258' title='bbox 870 2365 1078 2418; x_wconf 76' lang='lat' dir='ltr'>Propertii</span> <span class='ocrx_word' id='word_1_259' title='bbox 1106 2365 1322 2405; x_wconf 85' lang='lat' dir='ltr'>manifesto</span> <span class='ocrx_word' id='word_1_260' title='bbox 1352 2380 1451 2418; x_wconf 75' lang='lat' dir='ltr'>pro-</span> 
     </span>
     <span class='ocr_line' id='line_1_32' title="bbox 100 2440 1452 2496; baseline -0.001 -14"><span class='ocrx_word' id='word_1_261' title='bbox 100 2453 191 2495; x_wconf 85' lang='lat' dir='ltr'>pter</span> <span class='ocrx_word' id='word_1_262' title='bbox 208 2444 443 2496; x_wconf 89' lang='lat' dir='ltr'>Apollinem</span> <span class='ocrx_word' id='word_1_263' title='bbox 464 2456 637 2496; x_wconf 83' lang='lat' dir='ltr'>poeseos</span> <span class='ocrx_word' id='word_1_264' title='bbox 659 2450 868 2482; x_wconf 78' lang='lat' dir='ltr'>auctorem</span> <span class='ocrx_word' id='word_1_265' title='bbox 887 2440 1049 2481; x_wconf 82' lang='lat' dir='ltr'>dictam.</span> <span class='ocrx_word' id='word_1_266' title='bbox 1083 2441 1176 2493; x_wconf 83' lang='lat' dir='ltr'>Ipsa</span> <span class='ocrx_word' id='word_1_267' title='bbox 1193 2447 1292 2482; x_wconf 76' lang='lat' dir='ltr'>vero</span> <span class='ocrx_word' id='word_1_268' title='bbox 1313 2443 1452 2493; x_wconf 86' lang='lat' dir='ltr'>puella</span> 
     </span>
     <span class='ocr_line' id='line_1_33' title="bbox 103 2516 1451 2571; baseline -0.001 -14"><span class='ocrx_word' id='word_1_269' title='bbox 103 2519 185 2557; x_wconf 83' lang='lat' dir='ltr'>sive</span> <span class='ocrx_word' id='word_1_270' title='bbox 212 2519 426 2559; x_wconf 71' lang='lat' dir='ltr'>libertinae</span> <span class='ocrx_word' id='word_1_271' title='bbox 456 2517 713 2568; x_wconf 77' lang='lat' dir='ltr'>conditionis,</span> <span class='ocrx_word' id='word_1_272' title='bbox 744 2518 828 2557; x_wconf 82' lang='lat' dir='ltr'>sive</span> <span class='ocrx_word' id='word_1_273' title='bbox 860 2516 972 2570; x_wconf 83' lang='lat' dir='ltr'>quod</span> <span class='ocrx_word' id='word_1_274' title='bbox 997 2517 1135 2556; x_wconf 86' lang='lat' dir='ltr'>malim</span> <span class='ocrx_word' id='word_1_275' title='bbox 1165 2518 1335 2558; x_wconf 88' lang='lat' dir='ltr'>omnino</span> <span class='ocrx_word' id='word_1_276' title='bbox 1364 2521 1451 2571; x_wconf 76' lang='lat' dir='ltr'>ple-</span> 
     </span>
    </p>
   </div>
   <div class='ocr_carea' id='block_1_5' title="bbox 107 2594 1451 2710">
    <p class='ocr_par' dir='ltr' id='par_1_5' title="bbox 107 2594 1451 2710">
     <span class='ocr_line' id='line_1_34' title="bbox 107 2594 1451 2648; baseline 0 -15"><span class='ocrx_word' id='word_1_277' title='bbox 107 2596 217 2635; x_wconf 73' lang='lat' dir='ltr'>boiae</span> <span class='ocrx_word' id='word_1_278' title='bbox 241 2596 420 2648; x_wconf 78' lang='lat' dir='ltr'>originis,</span> <span class='ocrx_word' id='word_1_279' title='bbox 450 2595 560 2637; x_wconf 81' lang='lat' dir='ltr'>haud</span> <span class='ocrx_word' id='word_1_280' title='bbox 588 2596 710 2637; x_wconf 81' lang='lat' dir='ltr'>dubie</span> <span class='ocrx_word' id='word_1_281' title='bbox 741 2609 793 2635; x_wconf 81' lang='lat' dir='ltr'>ex</span> <span class='ocrx_word' id='word_1_282' title='bbox 824 2608 872 2635; x_wconf 86' lang='lat' dir='ltr'>eo</span> <span class='ocrx_word' id='word_1_283' title='bbox 904 2596 1152 2635; x_wconf 81' lang='lat' dir='ltr'>seminarum</span> <span class='ocrx_word' id='word_1_284' title='bbox 1180 2594 1324 2636; x_wconf 82' lang='lat' dir='ltr'>ordine</span> <span class='ocrx_word' id='word_1_285' title='bbox 1352 2604 1451 2641; x_wconf 68' lang='lat' dir='ltr'>erat,</span> 
     </span>
     <span class='ocr_line' id='line_1_35' title="bbox 1045 2674 1071 2710; baseline -0.038 0"><span class='ocrx_word' id='word_1_286' title='bbox 1045 2674 1071 2710; x_wconf 84' lang='lat' dir='ltr'>l)</span> 
     </span>
    </p>
   </div>
  </div>
 </body>
</html>
