<?xml version="1.0" encoding="UTF-8"?>
<!DOCTYPE html PUBLIC "-//W3C//DTD XHTML 1.0 Transitional//EN"
    "http://www.w3.org/TR/xhtml1/DTD/xhtml1-transitional.dtd">
<html xmlns="http://www.w3.org/1999/xhtml" xml:lang="en" lang="en">
 <head>
  <title>
</title>
<meta http-equiv="Content-Type" content="text/html;charset=utf-8" />
  <meta name='ocr-system' content='tesseract 3.04.00' />
  <meta name='ocr-capabilities' content='ocr_page ocr_carea ocr_par ocr_line ocrx_word'/>
</head>
<body>
  <div class='ocr_page' id='page_1' title='image "./carminaexrecensi00tibuuoft_0146.png"; bbox 0 0 1721 2953; ppageno 0'>
   <div class='ocr_carea' id='block_1_1' title="bbox 277 150 1082 195">
    <p class='ocr_par' dir='ltr' id='par_1_1' title="bbox 277 150 1082 195">
     <span class='ocr_line' id='line_1_1' title="bbox 277 150 1082 195; baseline 0.001 -3"><span class='ocrx_word' id='word_1_1' title='bbox 277 168 351 192; x_wconf 65' lang='lat' dir='ltr'>ch</span> <span class='ocrx_word' id='word_1_2' title='bbox 819 152 893 193; x_wconf 85' lang='lat' dir='ltr'><strong>DE</strong></span> <span class='ocrx_word' id='word_1_3' title='bbox 923 150 1082 195; x_wconf 83' lang='lat' dir='ltr'><strong>POESI</strong></span> 
     </span>
    </p>
   </div>
   <div class='ocr_carea' id='block_1_2' title="bbox 272 262 1621 2554">
    <p class='ocr_par' dir='ltr' id='par_1_2' title="bbox 272 262 1621 2554">
     <span class='ocr_line' id='line_1_2' title="bbox 390 262 1560 319; baseline -0.002 -15"><span class='ocrx_word' id='word_1_4' title='bbox 390 265 500 305; x_wconf 77' lang='lat' dir='ltr'><strong>Vota</strong></span> <span class='ocrx_word' id='word_1_5' title='bbox 531 272 698 307; x_wconf 89' lang='lat' dir='ltr'><strong>movent</strong></span> <span class='ocrx_word' id='word_1_6' title='bbox 730 278 923 318; x_wconf 77' lang='lat' dir='ltr'><strong>superos:</strong></span> <span class='ocrx_word' id='word_1_7' title='bbox 952 266 1028 306; x_wconf 88' lang='lat' dir='ltr'><strong>ubi</strong></span> <span class='ocrx_word' id='word_1_8' title='bbox 1054 263 1232 319; x_wconf 85' lang='lat' dir='ltr'><strong>portitor</strong></span> <span class='ocrx_word' id='word_1_9' title='bbox 1263 277 1359 304; x_wconf 83' lang='lat' dir='ltr'><strong>aera</strong></span> <span class='ocrx_word' id='word_1_10' title='bbox 1390 262 1560 316; x_wconf 87' lang='lat' dir='ltr'><strong>recepit,</strong></span> 
     </span>
     <span class='ocr_line' id='line_1_3' title="bbox 446 338 1330 394; baseline -0.002 -13"><span class='ocrx_word' id='word_1_11' title='bbox 446 338 622 381; x_wconf 81' lang='lat' dir='ltr'><strong>Obserat</strong></span> <span class='ocrx_word' id='word_1_12' title='bbox 650 341 849 381; x_wconf 85' lang='lat' dir='ltr'><strong>herbosos</strong></span> <span class='ocrx_word' id='word_1_13' title='bbox 881 341 1018 382; x_wconf 84' lang='lat' dir='ltr'><strong>lurida</strong></span> <span class='ocrx_word' id='word_1_14' title='bbox 1046 349 1167 394; x_wconf 84' lang='lat' dir='ltr'><strong>porta</strong></span> <span class='ocrx_word' id='word_1_15' title='bbox 1194 354 1330 392; x_wconf 83' lang='lat' dir='ltr'><strong>rogos.</strong></span> 
     </span>
     <span class='ocr_line' id='line_1_4' title="bbox 275 414 1618 469; baseline -0.003 -14"><span class='ocrx_word' id='word_1_16' title='bbox 275 414 360 455; x_wconf 89' lang='lat' dir='ltr'><strong>Ubi</strong></span> <span class='ocrx_word' id='word_1_17' title='bbox 395 430 470 467; x_wconf 87' lang='lat' dir='ltr'><strong>per</strong></span> <span class='ocrx_word' id='word_1_18' title='bbox 509 423 706 469; x_wconf 79' lang='lat' dir='ltr'><strong>quattuor</strong></span> <span class='ocrx_word' id='word_1_19' title='bbox 743 415 915 457; x_wconf 81' lang='lat' dir='ltr'><strong>disticha</strong></span> <span class='ocrx_word' id='word_1_20' title='bbox 952 416 1096 458; x_wconf 84' lang='lat' dir='ltr'><strong>eadem</strong></span> <span class='ocrx_word' id='word_1_21' title='bbox 1133 416 1336 457; x_wconf 83' lang='lat' dir='ltr'><strong>sententia</strong></span> <span class='ocrx_word' id='word_1_22' title='bbox 1373 414 1452 455; x_wconf 87' lang='lat' dir='ltr'><strong>alio</strong></span> <span class='ocrx_word' id='word_1_23' title='bbox 1494 420 1618 466; x_wconf 84' lang='lat' dir='ltr'><strong>atque</strong></span> 
     </span>
     <span class='ocr_line' id='line_1_5' title="bbox 275 489 1620 543; baseline -0.001 -15"><span class='ocrx_word' id='word_1_24' title='bbox 275 490 354 529; x_wconf 79' lang='lat' dir='ltr'><strong>alio</strong></span> <span class='ocrx_word' id='word_1_25' title='bbox 402 489 525 529; x_wconf 78' lang='lat' dir='ltr'><strong>modo</strong></span> <span class='ocrx_word' id='word_1_26' title='bbox 577 505 770 543; x_wconf 83' lang='lat' dir='ltr'><strong>expressa</strong></span> <span class='ocrx_word' id='word_1_27' title='bbox 813 493 1005 533; x_wconf 82' lang='lat' dir='ltr'><strong>habetur.</strong></span> <span class='ocrx_word' id='word_1_28' title='bbox 1087 492 1260 533; x_wconf 80' lang='lat' dir='ltr'><strong>Frustra</strong></span> <span class='ocrx_word' id='word_1_29' title='bbox 1304 490 1401 530; x_wconf 83' lang='lat' dir='ltr'><strong>talia</strong></span> <span class='ocrx_word' id='word_1_30' title='bbox 1445 500 1620 542; x_wconf 82' lang='lat' dir='ltr'><strong>quaeras</strong></span> 
     </span>
     <span class='ocr_line' id='line_1_6' title="bbox 275 563 1621 617; baseline -0.001 -16"><span class='ocrx_word' id='word_1_31' title='bbox 275 563 384 615; x_wconf 84' lang='lat' dir='ltr'><strong>apud</strong></span> <span class='ocrx_word' id='word_1_32' title='bbox 425 565 652 605; x_wconf 84' lang='lat' dir='ltr'>Tibullum.</span> <span class='ocrx_word' id='word_1_33' title='bbox 720 566 934 607; x_wconf 86' lang='lat' dir='ltr'><strong>Pertinent</strong></span> <span class='ocrx_word' id='word_1_34' title='bbox 970 580 1071 607; x_wconf 87' lang='lat' dir='ltr'><strong>vero</strong></span> <span class='ocrx_word' id='word_1_35' title='bbox 1113 565 1257 606; x_wconf 85' lang='lat' dir='ltr'><strong>eodem</strong></span> <span class='ocrx_word' id='word_1_36' title='bbox 1295 564 1621 617; x_wconf 85' lang='lat' dir='ltr'><strong>comparationes</strong></span> 
     </span>
     <span class='ocr_line' id='line_1_7' title="bbox 275 637 1619 692; baseline -0.002 -14"><span class='ocrx_word' id='word_1_37' title='bbox 275 646 316 678; x_wconf 81' lang='lat' dir='ltr'><strong>et</strong></span> <span class='ocrx_word' id='word_1_38' title='bbox 346 641 535 692; x_wconf 78' lang='lat' dir='ltr'><strong>exempla</strong></span> <span class='ocrx_word' id='word_1_39' title='bbox 566 656 586 681; x_wconf 92' lang='lat' dir='ltr'><strong>e</strong></span> <span class='ocrx_word' id='word_1_40' title='bbox 611 655 752 681; x_wconf 86' lang='lat' dir='ltr'><strong>rerum</strong></span> <span class='ocrx_word' id='word_1_41' title='bbox 782 649 930 681; x_wconf 84' lang='lat' dir='ltr'><strong>natura</strong></span> <span class='ocrx_word' id='word_1_42' title='bbox 959 650 998 682; x_wconf 84' lang='lat' dir='ltr'><strong>et</strong></span> <span class='ocrx_word' id='word_1_43' title='bbox 1026 642 1109 682; x_wconf 65' lang='lat' dir='ltr'><strong>‘vita</strong></span> <span class='ocrx_word' id='word_1_44' title='bbox 1143 642 1380 690; x_wconf 88' lang='lat' dir='ltr'><strong>hominum,</strong></span> <span class='ocrx_word' id='word_1_45' title='bbox 1418 637 1619 691; x_wconf 81' lang='lat' dir='ltr'>imprimis</span> 
     </span>
     <span class='ocr_line' id='line_1_8' title="bbox 274 713 1620 771; baseline -0.001 -18"><span class='ocrx_word' id='word_1_46' title='bbox 274 729 296 753; x_wconf 84' lang='lat' dir='ltr'><strong>e</strong></span> <span class='ocrx_word' id='word_1_47' title='bbox 327 716 577 768; x_wconf 79' lang='lat' dir='ltr'><strong>mythologia</strong></span> <span class='ocrx_word' id='word_1_48' title='bbox 608 717 734 768; x_wconf 86' lang='lat' dir='ltr'><strong>petita</strong></span> <span class='ocrx_word' id='word_1_49' title='bbox 765 717 965 768; x_wconf 85' lang='lat' dir='ltr'><strong>plurima,</strong></span> <span class='ocrx_word' id='word_1_50' title='bbox 1005 731 1089 771; x_wconf 89' lang='lat' dir='ltr'><strong>quo</strong></span> <span class='ocrx_word' id='word_1_51' title='bbox 1122 725 1271 756; x_wconf 82' lang='lat' dir='ltr'><strong>ornatu</strong></span> <span class='ocrx_word' id='word_1_52' title='bbox 1302 724 1386 755; x_wconf 86' lang='lat' dir='ltr'><strong>tota</strong></span> <span class='ocrx_word' id='word_1_53' title='bbox 1414 713 1620 766; x_wconf 81' lang='lat' dir='ltr'>Propertii</span> 
     </span>
     <span class='ocr_line' id='line_1_9' title="bbox 273 789 1619 840; baseline -0.001 -13"><span class='ocrx_word' id='word_1_54' title='bbox 273 790 408 840; x_wconf 83' lang='lat' dir='ltr'><strong>poesis</strong></span> <span class='ocrx_word' id='word_1_55' title='bbox 438 789 648 830; x_wconf 81' lang='lat' dir='ltr'><strong>distincta:</strong></span> <span class='ocrx_word' id='word_1_56' title='bbox 689 806 782 830; x_wconf 87' lang='lat' dir='ltr'><strong>nam</strong></span> <span class='ocrx_word' id='word_1_57' title='bbox 813 792 933 831; x_wconf 87' lang='lat' dir='ltr'><strong>ctiam</strong></span> <span class='ocrx_word' id='word_1_58' title='bbox 958 793 1059 833; x_wconf 86' lang='lat' dir='ltr'><strong>haec</strong></span> <span class='ocrx_word' id='word_1_59' title='bbox 1090 805 1183 831; x_wconf 86' lang='lat' dir='ltr'><strong>eum</strong></span> <span class='ocrx_word' id='word_1_60' title='bbox 1212 792 1336 831; x_wconf 87' lang='lat' dir='ltr'><strong>finem</strong></span> <span class='ocrx_word' id='word_1_61' title='bbox 1364 791 1539 838; x_wconf 75' lang='lat' dir='ltr'><strong>habent,</strong></span> <span class='ocrx_word' id='word_1_62' title='bbox 1575 796 1619 826; x_wconf 84' lang='lat' dir='ltr'><strong>ut</strong></span> 
     </span>
     <span class='ocr_line' id='line_1_10' title="bbox 274 862 1620 920; baseline 0 -19"><span class='ocrx_word' id='word_1_63' title='bbox 274 862 415 902; x_wconf 81' lang='lat' dir='ltr'><strong>eadem</strong></span> <span class='ocrx_word' id='word_1_64' title='bbox 445 878 510 904; x_wconf 84' lang='lat' dir='ltr'><strong>res</strong></span> <span class='ocrx_word' id='word_1_65' title='bbox 541 873 580 905; x_wconf 85' lang='lat' dir='ltr'><strong>et</strong></span> <span class='ocrx_word' id='word_1_66' title='bbox 607 867 807 905; x_wconf 83' lang='lat' dir='ltr'><strong>sententia</strong></span> <span class='ocrx_word' id='word_1_67' title='bbox 838 868 918 906; x_wconf 83' lang='lat' dir='ltr'><strong>alio</strong></span> <span class='ocrx_word' id='word_1_68' title='bbox 949 875 1073 920; x_wconf 72' lang='lat' dir='ltr'><strong>atque</strong></span> <span class='ocrx_word' id='word_1_69' title='bbox 1105 867 1185 906; x_wconf 82' lang='lat' dir='ltr'><strong>alio</strong></span> <span class='ocrx_word' id='word_1_70' title='bbox 1215 865 1337 905; x_wconf 82' lang='lat' dir='ltr'><strong>modo</strong></span> <span class='ocrx_word' id='word_1_71' title='bbox 1369 872 1620 904; x_wconf 81' lang='lat' dir='ltr'>monstretur</span> 
     </span>
     <span class='ocr_line' id='line_1_11' title="bbox 274 939 1619 995; baseline 0.001 -19"><span class='ocrx_word' id='word_1_72' title='bbox 274 947 313 978; x_wconf 85' lang='lat' dir='ltr'><strong>et</strong></span> <span class='ocrx_word' id='word_1_73' title='bbox 337 939 579 980; x_wconf 81' lang='lat' dir='ltr'><strong>illustretur.</strong></span> <span class='ocrx_word' id='word_1_74' title='bbox 636 942 682 980; x_wconf 88' lang='lat' dir='ltr'><strong>In</strong></span> <span class='ocrx_word' id='word_1_75' title='bbox 715 955 798 995; x_wconf 91' lang='lat' dir='ltr'><strong>quo</strong></span> <span class='ocrx_word' id='word_1_76' title='bbox 829 956 914 982; x_wconf 86' lang='lat' dir='ltr'><strong>non</strong></span> <span class='ocrx_word' id='word_1_77' title='bbox 945 943 1225 995; x_wconf 81' lang='lat' dir='ltr'><strong>oppositiones</strong></span> <span class='ocrx_word' id='word_1_78' title='bbox 1252 941 1413 995; x_wconf 83' lang='lat' dir='ltr'><strong>quaerit</strong></span> <span class='ocrx_word' id='word_1_79' title='bbox 1441 941 1619 991; x_wconf 85' lang='lat' dir='ltr'><strong>Proper-</strong></span> 
     </span>
     <span class='ocr_line' id='line_1_12' title="bbox 272 1012 1619 1069; baseline 0.001 -18"><span class='ocrx_word' id='word_1_80' title='bbox 272 1012 375 1065; x_wconf 79' lang='lat' dir='ltr'><strong>tius,</strong></span> <span class='ocrx_word' id='word_1_81' title='bbox 417 1014 489 1054; x_wconf 81' lang='lat' dir='ltr'><strong>secl</strong></span> <span class='ocrx_word' id='word_1_82' title='bbox 521 1016 762 1057; x_wconf 77' lang='lat' dir='ltr'><strong>varietatem</strong></span> <span class='ocrx_word' id='word_1_83' title='bbox 790 1025 951 1057; x_wconf 85' lang='lat' dir='ltr'><strong>tantum</strong></span> <span class='ocrx_word' id='word_1_84' title='bbox 978 1016 1224 1069; x_wconf 82' lang='lat' dir='ltr'><strong>iucundam,</strong></span> <span class='ocrx_word' id='word_1_85' title='bbox 1264 1017 1392 1056; x_wconf 80' lang='lat' dir='ltr'><strong>veluti</strong></span> <span class='ocrx_word' id='word_1_86' title='bbox 1425 1015 1481 1055; x_wconf 83' lang='lat' dir='ltr'><strong>sic</strong></span> <span class='ocrx_word' id='word_1_87' title='bbox 1512 1016 1549 1065; x_wconf 80' lang='grc' dir='ltr'><strong>Ι,</strong></span> <span class='ocrx_word' id='word_1_88' title='bbox 1580 1020 1619 1063; x_wconf 86' lang='lat'><strong>2,</strong></span> 
     </span>
     <span class='ocr_line' id='line_1_13' title="bbox 274 1093 447 1144; baseline 0.017 -17"><span class='ocrx_word' id='word_1_89' title='bbox 274 1093 297 1127; x_wconf 88' lang='grc'>9</span> <span class='ocrx_word' id='word_1_90' title='bbox 331 1104 447 1144; x_wconf 83' lang='lat' dir='ltr'>sqq.:</span> 
     </span>
     <span class='ocr_line' id='line_1_14' title="bbox 387 1163 1556 1218; baseline -0.001 -13"><span class='ocrx_word' id='word_1_91' title='bbox 387 1164 586 1217; x_wconf 77' lang='lat' dir='ltr'><strong>Adspice,</strong></span> <span class='ocrx_word' id='word_1_92' title='bbox 628 1179 732 1218; x_wconf 84' lang='lat' dir='ltr'><strong>quos</strong></span> <span class='ocrx_word' id='word_1_93' title='bbox 763 1163 980 1203; x_wconf 82' lang='lat' dir='ltr'><strong>summittit</strong></span> <span class='ocrx_word' id='word_1_94' title='bbox 1005 1164 1156 1202; x_wconf 85' lang='lat' dir='ltr'><strong>humus</strong></span> <span class='ocrx_word' id='word_1_95' title='bbox 1186 1163 1369 1203; x_wconf 82' lang='lat' dir='ltr'><strong>formosa</strong></span> <span class='ocrx_word' id='word_1_96' title='bbox 1400 1165 1556 1204; x_wconf 82' lang='lat' dir='ltr'><strong>colores</strong></span> 
     </span>
     <span class='ocr_line' id='line_1_15' title="bbox 439 1238 1381 1291; baseline -0.001 -12"><span class='ocrx_word' id='word_1_97' title='bbox 439 1239 498 1279; x_wconf 86' lang='lat' dir='ltr'><strong>Ut</strong></span> <span class='ocrx_word' id='word_1_98' title='bbox 526 1240 695 1280; x_wconf 84' lang='lat' dir='ltr'><strong>veniant</strong></span> <span class='ocrx_word' id='word_1_99' title='bbox 723 1238 900 1279; x_wconf 80' lang='lat' dir='ltr'><strong>hederae</strong></span> <span class='ocrx_word' id='word_1_100' title='bbox 932 1247 1078 1291; x_wconf 70' lang='lat' dir='ltr'><strong>sponte</strong></span> <span class='ocrx_word' id='word_1_101' title='bbox 1110 1253 1184 1278; x_wconf 81' lang='lat' dir='ltr'><strong>sua</strong></span> <span class='ocrx_word' id='word_1_102' title='bbox 1213 1239 1381 1287; x_wconf 84' lang='lat' dir='ltr'><strong>meliuS,</strong></span> 
     </span>
     <span class='ocr_line' id='line_1_16' title="bbox 385 1313 1374 1366; baseline 0 -13"><span class='ocrx_word' id='word_1_103' title='bbox 385 1314 534 1366; x_wconf 84' lang='lat' dir='ltr'><strong>Surgat</strong></span> <span class='ocrx_word' id='word_1_104' title='bbox 563 1323 603 1354; x_wconf 84' lang='lat' dir='ltr'><strong>et</strong></span> <span class='ocrx_word' id='word_1_105' title='bbox 633 1315 677 1352; x_wconf 86' lang='lat' dir='ltr'><strong>in</strong></span> <span class='ocrx_word' id='word_1_106' title='bbox 709 1314 803 1354; x_wconf 82' lang='lat' dir='ltr'><strong>solis</strong></span> <span class='ocrx_word' id='word_1_107' title='bbox 836 1315 993 1354; x_wconf 81' lang='lat' dir='ltr'><strong>felicius</strong></span> <span class='ocrx_word' id='word_1_108' title='bbox 1026 1315 1195 1353; x_wconf 84' lang='lat' dir='ltr'><strong>arbutus</strong></span> <span class='ocrx_word' id='word_1_109' title='bbox 1225 1313 1374 1363; x_wconf 84' lang='lat' dir='ltr'><strong>antris,</strong></span> 
     </span>
     <span class='ocr_line' id='line_1_17' title="bbox 439 1388 1372 1442; baseline -0.002 -14"><span class='ocrx_word' id='word_1_110' title='bbox 439 1390 489 1428; x_wconf 84' lang='lat' dir='ltr'><strong>Et</strong></span> <span class='ocrx_word' id='word_1_111' title='bbox 520 1389 619 1428; x_wconf 84' lang='lat' dir='ltr'><strong>sciat</strong></span> <span class='ocrx_word' id='word_1_112' title='bbox 647 1388 842 1428; x_wconf 79' lang='lat' dir='ltr'><strong>indociles</strong></span> <span class='ocrx_word' id='word_1_113' title='bbox 874 1403 1043 1428; x_wconf 84' lang='lat' dir='ltr'><strong>currere</strong></span> <span class='ocrx_word' id='word_1_114' title='bbox 1072 1389 1242 1442; x_wconf 78' lang='lat' dir='ltr'><strong>lympha</strong></span> <span class='ocrx_word' id='word_1_115' title='bbox 1270 1388 1372 1429; x_wconf 84' lang='lat' dir='ltr'><strong>vias.</strong></span> 
     </span>
     <span class='ocr_line' id='line_1_18' title="bbox 387 1464 1275 1516; baseline -0.002 -12"><span class='ocrx_word' id='word_1_116' title='bbox 387 1464 530 1504; x_wconf 83' lang='lat' dir='ltr'><strong>Litora</strong></span> <span class='ocrx_word' id='word_1_117' title='bbox 560 1466 705 1506; x_wconf 85' lang='lat' dir='ltr'><strong>nativis</strong></span> <span class='ocrx_word' id='word_1_118' title='bbox 736 1466 939 1504; x_wconf 83' lang='lat' dir='ltr'><strong>collucent</strong></span> <span class='ocrx_word' id='word_1_119' title='bbox 967 1465 1076 1516; x_wconf 83' lang='lat' dir='ltr'><strong>picta</strong></span> <span class='ocrx_word' id='word_1_120' title='bbox 1103 1464 1275 1516; x_wconf 78' lang='lat' dir='ltr'><strong>lapillis,</strong></span> 
     </span>
     <span class='ocr_line' id='line_1_19' title="bbox 439 1538 1355 1579; baseline -0.002 -2"><span class='ocrx_word' id='word_1_121' title='bbox 439 1539 491 1577; x_wconf 87' lang='lat' dir='ltr'><strong>Et</strong></span> <span class='ocrx_word' id='word_1_122' title='bbox 520 1541 709 1579; x_wconf 86' lang='lat' dir='ltr'><strong>volucres</strong></span> <span class='ocrx_word' id='word_1_123' title='bbox 741 1541 856 1578; x_wconf 80' lang='lat' dir='ltr'><strong>nulla</strong></span> <span class='ocrx_word' id='word_1_124' title='bbox 885 1538 1044 1579; x_wconf 81' lang='lat' dir='ltr'><strong>dulcius</strong></span> <span class='ocrx_word' id='word_1_125' title='bbox 1073 1547 1160 1578; x_wconf 87' lang='lat' dir='ltr'><strong>arte</strong></span> <span class='ocrx_word' id='word_1_126' title='bbox 1191 1545 1355 1579; x_wconf 87' lang='lat' dir='ltr'><strong>canunt.</strong></span> 
     </span>
     <span class='ocr_line' id='line_1_20' title="bbox 274 1609 1619 1669; baseline -0.004 -15"><span class='ocrx_word' id='word_1_127' title='bbox 274 1616 348 1654; x_wconf 82' lang='lat' dir='ltr'><strong>His</strong></span> <span class='ocrx_word' id='word_1_128' title='bbox 379 1615 522 1654; x_wconf 81' lang='lat' dir='ltr'><strong>confer</strong></span> <span class='ocrx_word' id='word_1_129' title='bbox 551 1615 707 1654; x_wconf 86' lang='lat' dir='ltr'><strong>Tibulli</strong></span> <span class='ocrx_word' id='word_1_130' title='bbox 737 1615 960 1663; x_wconf 81' lang='lat' dir='ltr'><strong>rationem,</strong></span> <span class='ocrx_word' id='word_1_131' title='bbox 1004 1613 1076 1669; x_wconf 82' lang='lat' dir='ltr'><strong>qui</strong></span> <span class='ocrx_word' id='word_1_132' title='bbox 1103 1613 1342 1667; x_wconf 85' lang='lat' dir='ltr'><strong>ceteroquin</strong></span> <span class='ocrx_word' id='word_1_133' title='bbox 1375 1609 1619 1664; x_wconf 81' lang='lat' dir='ltr'><strong>pauclssima</strong></span> 
     </span>
     <span class='ocr_line' id='line_1_21' title="bbox 275 1688 960 1740; baseline 0.001 -12"><span class='ocrx_word' id='word_1_134' title='bbox 275 1688 514 1729; x_wconf 82' lang='lat' dir='ltr'><strong>huiusmodi</strong></span> <span class='ocrx_word' id='word_1_135' title='bbox 546 1690 691 1740; x_wconf 76' lang='lat' dir='ltr'><strong>habet,</strong></span> <span class='ocrx_word' id='word_1_136' title='bbox 731 1690 772 1739; x_wconf 83' lang='grc' dir='ltr'><strong>Ι,</strong></span> <span class='ocrx_word' id='word_1_137' title='bbox 803 1690 850 1738; x_wconf 81' lang='grc'><strong>4,</strong></span> <span class='ocrx_word' id='word_1_138' title='bbox 882 1694 960 1729; x_wconf 81' lang='lat'><strong>29:</strong></span> 
     </span>
     <span class='ocr_line' id='line_1_22' title="bbox 389 1761 1426 1817; baseline -0.005 -14"><span class='ocrx_word' id='word_1_139' title='bbox 389 1764 524 1812; x_wconf 78' lang='lat' dir='ltr'><strong>Quam</strong></span> <span class='ocrx_word' id='word_1_140' title='bbox 555 1764 632 1803; x_wconf 87' lang='lat' dir='ltr'><strong>cito</strong></span> <span class='ocrx_word' id='word_1_141' title='bbox 660 1779 866 1817; x_wconf 76' lang='lat' dir='ltr'><strong>purpureos</strong></span> <span class='ocrx_word' id='word_1_142' title='bbox 898 1763 1084 1816; x_wconf 76' lang='lat' dir='ltr'><strong>deperdit</strong></span> <span class='ocrx_word' id='word_1_143' title='bbox 1112 1770 1223 1801; x_wconf 81' lang='lat' dir='ltr'><strong>terra</strong></span> <span class='ocrx_word' id='word_1_144' title='bbox 1252 1761 1426 1808; x_wconf 84' lang='lat' dir='ltr'><strong>colores,</strong></span> 
     </span>
     <span class='ocr_line' id='line_1_23' title="bbox 442 1834 1438 1891; baseline -0.005 -12"><span class='ocrx_word' id='word_1_145' title='bbox 442 1838 577 1887; x_wconf 80' lang='lat' dir='ltr'><strong>Quam</strong></span> <span class='ocrx_word' id='word_1_146' title='bbox 605 1841 683 1879; x_wconf 87' lang='lat' dir='ltr'><strong>cito</strong></span> <span class='ocrx_word' id='word_1_147' title='bbox 701 1841 918 1883; x_wconf 54' lang='lat' dir='ltr'><strong>„formosas</strong></span> <span class='ocrx_word' id='word_1_148' title='bbox 946 1840 1125 1891; x_wconf 85' lang='lat' dir='ltr'><strong>populus</strong></span> <span class='ocrx_word' id='word_1_149' title='bbox 1159 1839 1249 1877; x_wconf 80' lang='lat' dir='ltr'><strong>alba</strong></span> <span class='ocrx_word' id='word_1_150' title='bbox 1279 1834 1438 1877; x_wconf 80' lang='lat' dir='ltr'><strong>comas!</strong></span> 
     </span>
     <span class='ocr_line' id='line_1_24' title="bbox 275 1910 1619 1967; baseline -0.005 -12"><span class='ocrx_word' id='word_1_151' title='bbox 275 1916 349 1955; x_wconf 82' lang='lat' dir='ltr'><strong>ubi</strong></span> <span class='ocrx_word' id='word_1_152' title='bbox 385 1916 591 1967; x_wconf 81' lang='lat' dir='ltr'><strong>oppositio</strong></span> <span class='ocrx_word' id='word_1_153' title='bbox 625 1915 854 1954; x_wconf 80' lang='lat' dir='ltr'><strong>manifesta.</strong></span> <span class='ocrx_word' id='word_1_154' title='bbox 913 1916 1073 1954; x_wconf 84' lang='lat' dir='ltr'><strong>Verum</strong></span> <span class='ocrx_word' id='word_1_155' title='bbox 1108 1914 1208 1952; x_wconf 81' lang='lat' dir='ltr'><strong>llaec</strong></span> <span class='ocrx_word' id='word_1_156' title='bbox 1245 1915 1457 1952; x_wconf 83' lang='lat' dir='ltr'><strong>hactenus.</strong></span> <span class='ocrx_word' id='word_1_157' title='bbox 1522 1910 1619 1949; x_wconf 67' lang='lat' dir='ltr'><strong>‘Nou</strong></span> 
     </span>
     <span class='ocr_line' id='line_1_25' title="bbox 274 1985 1620 2040; baseline -0.004 -12"><span class='ocrx_word' id='word_1_158' title='bbox 274 1989 318 2029; x_wconf 86' lang='lat' dir='ltr'><strong>id</strong></span> <span class='ocrx_word' id='word_1_159' title='bbox 356 2004 466 2029; x_wconf 88' lang='lat' dir='ltr'><strong>nunc</strong></span> <span class='ocrx_word' id='word_1_160' title='bbox 499 2002 573 2039; x_wconf 80' lang='lat' dir='ltr'><strong>ago</strong></span> <span class='ocrx_word' id='word_1_161' title='bbox 608 1997 653 2028; x_wconf 81' lang='lat' dir='ltr'><strong>ut</strong></span> <span class='ocrx_word' id='word_1_162' title='bbox 688 1989 896 2040; x_wconf 82' lang='lat' dir='ltr'><strong>Propertii</strong></span> <span class='ocrx_word' id='word_1_163' title='bbox 935 1989 1206 2029; x_wconf 84' lang='lat' dir='ltr'><strong>elocutionem</strong></span> <span class='ocrx_word' id='word_1_164' title='bbox 1239 1987 1332 2026; x_wconf 83' lang='lat' dir='ltr'><strong>data</strong></span> <span class='ocrx_word' id='word_1_165' title='bbox 1366 2000 1491 2038; x_wconf 85' lang='lat' dir='ltr'><strong>opera</strong></span> <span class='ocrx_word' id='word_1_166' title='bbox 1526 1985 1620 2023; x_wconf 90' lang='lat' dir='ltr'><strong>illu-</strong></span> 
     </span>
     <span class='ocr_line' id='line_1_26' title="bbox 276 2060 1617 2116; baseline -0.004 -12"><span class='ocrx_word' id='word_1_167' title='bbox 276 2073 398 2104; x_wconf 84' lang='lat' dir='ltr'><strong>strem</strong></span> <span class='ocrx_word' id='word_1_168' title='bbox 437 2072 585 2113; x_wconf 84' lang='lat' dir='ltr'><strong>totam,</strong></span> <span class='ocrx_word' id='word_1_169' title='bbox 625 2063 738 2116; x_wconf 80' lang='lat' dir='ltr'><strong>quod</strong></span> <span class='ocrx_word' id='word_1_170' title='bbox 774 2065 853 2103; x_wconf 83' lang='lat' dir='ltr'><strong>alio</strong></span> <span class='ocrx_word' id='word_1_171' title='bbox 888 2065 979 2103; x_wconf 92' lang='lat' dir='ltr'><strong>loco</strong></span> <span class='ocrx_word' id='word_1_172' title='bbox 1014 2064 1181 2113; x_wconf 81' lang='lat' dir='ltr'><strong>faciam3</strong></span> <span class='ocrx_word' id='word_1_173' title='bbox 1224 2062 1371 2115; x_wconf 82' lang='lat' dir='ltr'><strong>placita</strong></span> <span class='ocrx_word' id='word_1_174' title='bbox 1400 2060 1617 2112; x_wconf 83' lang='lat' dir='ltr'><strong>Propertio</strong></span> 
     </span>
     <span class='ocr_line' id='line_1_27' title="bbox 277 2137 1619 2191; baseline -0.004 -12"><span class='ocrx_word' id='word_1_175' title='bbox 277 2139 535 2191; x_wconf 86' lang='lat' dir='ltr'><strong>amplificatio</strong></span> <span class='ocrx_word' id='word_1_176' title='bbox 578 2139 708 2191; x_wconf 79' lang='lat' dir='ltr'><strong>qualis</strong></span> <span class='ocrx_word' id='word_1_177' title='bbox 747 2139 820 2188; x_wconf 80' lang='lat' dir='ltr'><strong>sit⁷</strong></span> <span class='ocrx_word' id='word_1_178' title='bbox 873 2139 1054 2178; x_wconf 78' lang='lat' dir='ltr'><strong>indicare</strong></span> <span class='ocrx_word' id='word_1_179' title='bbox 1097 2139 1236 2187; x_wconf 69' lang='lat' dir='ltr'><strong>volui,</strong></span> <span class='ocrx_word' id='word_1_180' title='bbox 1291 2146 1331 2177; x_wconf 86' lang='lat' dir='ltr'><strong>et</strong></span> <span class='ocrx_word' id='word_1_181' title='bbox 1372 2151 1495 2191; x_wconf 85' lang='lat' dir='ltr'><strong>quam</strong></span> <span class='ocrx_word' id='word_1_182' title='bbox 1536 2137 1619 2175; x_wconf 75' lang='lat' dir='ltr'><strong>vim</strong></span> 
     </span>
     <span class='ocr_line' id='line_1_28' title="bbox 276 2212 1620 2264; baseline -0.002 -12"><span class='ocrx_word' id='word_1_183' title='bbox 276 2215 375 2253; x_wconf 88' lang='lat' dir='ltr'><strong>hacc</strong></span> <span class='ocrx_word' id='word_1_184' title='bbox 407 2227 470 2253; x_wconf 83' lang='lat' dir='ltr'><strong>res</strong></span> <span class='ocrx_word' id='word_1_185' title='bbox 499 2214 669 2264; x_wconf 75' lang='lat' dir='ltr'><strong>habeat,</strong></span> <span class='ocrx_word' id='word_1_186' title='bbox 710 2214 781 2252; x_wconf 87' lang='lat' dir='ltr'><strong>ubi</strong></span> <span class='ocrx_word' id='word_1_187' title='bbox 817 2213 866 2253; x_wconf 78' lang='lat' dir='ltr'><strong>tle</strong></span> <span class='ocrx_word' id='word_1_188' title='bbox 895 2214 1128 2254; x_wconf 80' lang='lat' dir='ltr'><strong>discrimine</strong></span> <span class='ocrx_word' id='word_1_189' title='bbox 1160 2214 1419 2252; x_wconf 75' lang='lat' dir='ltr'><strong>Tibullianae</strong></span> <span class='ocrx_word' id='word_1_190' title='bbox 1451 2220 1489 2251; x_wconf 89' lang='lat' dir='ltr'><strong>et</strong></span> <span class='ocrx_word' id='word_1_191' title='bbox 1517 2212 1620 2250; x_wconf 85' lang='lat' dir='ltr'><strong>Pro-</strong></span> 
     </span>
     <span class='ocr_line' id='line_1_29' title="bbox 276 2287 1618 2342; baseline -0.001 -15"><span class='ocrx_word' id='word_1_192' title='bbox 276 2291 486 2342; x_wconf 83' lang='lat' dir='ltr'><strong>pertianac</strong></span> <span class='ocrx_word' id='word_1_193' title='bbox 529 2290 770 2328; x_wconf 81' lang='lat' dir='ltr'><strong>elocutionis</strong></span> <span class='ocrx_word' id='word_1_194' title='bbox 814 2290 958 2340; x_wconf 74' lang='lat' dir='ltr'><strong>agitur.</strong></span> <span class='ocrx_word' id='word_1_195' title='bbox 1041 2288 1214 2330; x_wconf 78' lang='lat' dir='ltr'><strong>Ovidius</strong></span> <span class='ocrx_word' id='word_1_196' title='bbox 1254 2298 1454 2341; x_wconf 78' lang='lat' dir='ltr'><strong>utroque,</strong></span> <span class='ocrx_word' id='word_1_197' title='bbox 1507 2287 1618 2340; x_wconf 79' lang='lat' dir='ltr'><strong>quod</strong></span> 
     </span>
     <span class='ocr_line' id='line_1_30' title="bbox 278 2364 1617 2416; baseline -0.002 -12"><span class='ocrx_word' id='word_1_198' title='bbox 278 2364 569 2416; x_wconf 74' lang='lat' dir='ltr'><strong>explicuinuts,</strong></span> <span class='ocrx_word' id='word_1_199' title='bbox 609 2365 777 2403; x_wconf 82' lang='lat' dir='ltr'><strong>artificio</strong></span> <span class='ocrx_word' id='word_1_200' title='bbox 816 2366 942 2403; x_wconf 85' lang='lat' dir='ltr'><strong>utitur</strong></span> <span class='ocrx_word' id='word_1_201' title='bbox 971 2365 1036 2403; x_wconf 82' lang='lat' dir='ltr'><strong>hic</strong></span> <span class='ocrx_word' id='word_1_202' title='bbox 1066 2366 1146 2404; x_wconf 84' lang='lat' dir='ltr'><strong>illic</strong></span> <span class='ocrx_word' id='word_1_203' title='bbox 1183 2366 1255 2404; x_wconf 83' lang='lat' dir='ltr'><strong>ubi</strong></span> <span class='ocrx_word' id='word_1_204' title='bbox 1282 2379 1347 2403; x_wconf 86' lang='lat' dir='ltr'><strong>res</strong></span> <span class='ocrx_word' id='word_1_205' title='bbox 1380 2365 1478 2412; x_wconf 72' lang='lat' dir='ltr'><strong>sei-13</strong></span> <span class='ocrx_word' id='word_1_206' title='bbox 1513 2377 1617 2415; x_wconf 81' lang='lat' dir='ltr'><strong>quae</strong></span> 
     </span>
     <span class='ocr_line' id='line_1_31' title="bbox 277 2438 1617 2491; baseline -0.004 -11"><span class='ocrx_word' id='word_1_207' title='bbox 277 2453 374 2480; x_wconf 67' lang='lat' dir='ltr'><strong>vero</strong></span> <span class='ocrx_word' id='word_1_208' title='bbox 406 2439 454 2477; x_wconf 82' lang='lat' dir='ltr'><strong>sit</strong></span> <span class='ocrx_word' id='word_1_209' title='bbox 487 2439 656 2490; x_wconf 79' lang='lat' dir='ltr'><strong>propria</strong></span> <span class='ocrx_word' id='word_1_210' title='bbox 683 2441 788 2480; x_wconf 80' lang='lat' dir='ltr'><strong>ratio</strong></span> <span class='ocrx_word' id='word_1_211' title='bbox 816 2442 1066 2480; x_wconf 79' lang='lat' dir='ltr'><strong>tractationis</strong></span> <span class='ocrx_word' id='word_1_212' title='bbox 1098 2454 1214 2488; x_wconf 75' lang='lat' dir='ltr'><strong>suae,</strong></span> <span class='ocrx_word' id='word_1_213' title='bbox 1239 2452 1362 2491; x_wconf 76' lang='lat' dir='ltr'><strong>supra</strong></span> <span class='ocrx_word' id='word_1_214' title='bbox 1388 2438 1464 2476; x_wconf 82' lang='lat' dir='ltr'><strong>iam</strong></span> <span class='ocrx_word' id='word_1_215' title='bbox 1491 2439 1617 2477; x_wconf 71' lang='lat' dir='ltr'><strong>verbo</strong></span> 
     </span>
     <span class='ocr_line' id='line_1_32' title="bbox 276 2513 466 2554; baseline -0.011 -1"><span class='ocrx_word' id='word_1_216' title='bbox 276 2513 466 2554; x_wconf 60' lang='lat' dir='ltr'><strong>indicavi.</strong></span> 
     </span>
    </p>
   </div>
   <div class='ocr_carea' id='block_1_3' title="bbox 361 2586 1619 2639">
    <p class='ocr_par' dir='ltr' id='par_1_3' title="bbox 361 2586 1619 2639">
     <span class='ocr_line' id='line_1_33' title="bbox 361 2586 1619 2639; baseline -0.004 -12"><span class='ocrx_word' id='word_1_217' title='bbox 361 2586 466 2627; x_wconf 85' lang='lat' dir='ltr'><strong>lllud</strong></span> <span class='ocrx_word' id='word_1_218' title='bbox 498 2587 575 2625; x_wconf 85' lang='lat' dir='ltr'><strong>hoc</strong></span> <span class='ocrx_word' id='word_1_219' title='bbox 607 2588 695 2626; x_wconf 73' lang='lat' dir='ltr'><strong>loco</strong></span> <span class='ocrx_word' id='word_1_220' title='bbox 727 2596 848 2627; x_wconf 75' lang='lat' dir='ltr'><strong>restat</strong></span> <span class='ocrx_word' id='word_1_221' title='bbox 879 2589 1101 2639; x_wconf 77' lang='lat' dir='ltr'><strong>agendum,</strong></span> <span class='ocrx_word' id='word_1_222' title='bbox 1141 2597 1182 2627; x_wconf 90' lang='lat' dir='ltr'><strong>ut</strong></span> <span class='ocrx_word' id='word_1_223' title='bbox 1213 2587 1261 2626; x_wconf 87' lang='lat' dir='ltr'><strong>de</strong></span> <span class='ocrx_word' id='word_1_224' title='bbox 1289 2590 1391 2625; x_wconf 66' lang='lat' dir='ltr'><strong>tertio</strong></span> <span class='ocrx_word' id='word_1_225' title='bbox 1423 2594 1454 2624; x_wconf 74' lang='lat' dir='ltr'><strong>ct</strong></span> <span class='ocrx_word' id='word_1_226' title='bbox 1487 2593 1619 2637; x_wconf 73' lang='lat' dir='ltr'><strong>quarto</strong></span> 
     </span>
    </p>
   </div>
  </div>
 </body>
</html>
