1721 2953
273 152 324 188 ‘24
583 146 949 188 COMMENTAR.
981 148 1039 187 IN
1070 146 1297 187 'l'lssULLI

274 272 376 306 verba
403 271 673 314 interpunctione
699 281 774 304 cum
800 272 1020 314 sequentibus
1046 272 1175 306 iunxitz
1201 275 1337 304 ceterae
1364 270 1530 304 editiones
1557 281 1614 303 ve-

275 344 364 371 teres
390 341 424 369 et
457 336 662 368 recentiores
695 335 736 368 ad
770 336 1006 369 antecedentia
1040 335 1187 369 trahunt.
1239 335 1349 368 Video
1374 336 1508 377 quidem
1534 335 1615 367 alias

274 412 436 445 nusquam
463 400 526 434 hoc
551 411 672 434 nomen
698 402 731 434 in
757 402 851 435 initio
876 404 1127 444 enuntiationis,
1153 403 1214 435 sed
1240 407 1350 434 tamen
1376 412 1476 434 eausa
1497 401 1618 433 idonea

274 477 340 499 non
365 465 482 507 adest,
513 475 619 508 quare
643 476 807 509 negemus
832 477 920 500 nunc
947 467 1046 500 aliter
1070 467 1207 500 sactum.
1267 467 1352 500 Nam
1379 477 1454 499 cum
1481 470 1618 499 antece-

275 531 431 565 dentibus
455 532 512 564 vix
538 532 625 564 bene
651 532 836 574 iunguntur
861 533 974 573 verba,
999 533 1050 565 sin
1075 532 1297 574 sequentibus
1323 532 1506 575 praemissa
1529 534 1618 571 sunt,

275 597 354 639 quid
375 596 547 641 pulchrius
570 595 634 629 hoc
653 597 686 628 in
704 596 817 629 medio
836 607 936 629 versu
958 601 1134 630 crescente
1153 597 1293 637 affectu,
1319 597 1399 629 dum
1418 596 1620 629 transiturus

273 666 327 695 est
346 662 388 695 ad
409 673 558 696 amorem
581 673 678 695 suum
702 663 972 706 depingendum!
990 681 1034 690 —
1061 665 1101 698 V.
1123 656 1179 697 58.
1205 665 1367 706 segnis
1392 664 1620 705 inersque,

275 730 381 771 quiin
402 729 527 762 bellum
546 730 594 762 ire
612 731 830 764 recusaverit.
843 750 887 755 -
907 732 948 765 V.
964 734 1020 765 59.
1043 731 1102 763 Te
1126 733 1348 773 spectem,
1375 733 1415 761 te
1434 733 1621 768 teneam,

275 793 306 828 h.
339 805 368 828 e.
404 795 532 828 utinam
569 799 603 828 te
639 800 790 839 spectem
825 800 890 829 etc.
920 790 1104 828 'Ultimum
1139 805 1273 828 versum
1305 795 1454 827 suaviter
1486 792 1623 836 repetiit

275 860 429 893 Ovmms
456 862 587 894 Amorr.
612 861 673 900 ΙΙΙ,
697 864 730 902 9,
753 863 810 894 58.
863 861 1050 894 Conserunt
1076 861 1178 894 etiam
1205 862 1371 893 Arm-1101..
1397 861 1536 892 Gufflc.
1563 858 1624 890 Ja—

276 925 370 959 cobs.
403 925 445 958 T.
471 926 516 967 II,
549 937 627 969 pag.
653 916 710 960 4'2.
760 925 904 968 Demag.
928 925 990 960 XI.
1028 921 1071 962 οἷς
1096 921 1213 964 ὄφελόν
1245 938 1282 966 γε
1311 926 1401 968 χειρὶ
1435 924 1534 967 φίλην
1559 919 1623 965 ’τήν

277 988 338 1036 σὴν
360 999 460 1037 χεῖρα
485 993 638 1033 λαβοῦσα
662 995 793 1026 θανεῖν.
817 1010 866 1019 -
901 993 943 1027 V.
969 995 1025 1026 61.
1061 992 1250 1025 construe:
1288 990 1450 1024 Flebis
1483 994 1526 1022 et
1551 999 1624 1030 me,

278 1061 316 1090 ut
342 1068 409 1101 ego
444 1062 478 1091 te
511 1068 643 1095 amore.
663 1058 812 1097 maximo
846 1058 1045 1101 amplector.
1096 1058 1212 1093 Quare
1237 1066 1306 1089 non
1331 1056 1472 1097 languet
1497 1064 1625 1097 prono-

278 1133 376 1164 men,
409 1126 447 1156 ut
480 1124 630 1158 Vossms
667 1123 839 1156 censebat.
899 1122 1039 1155 Sciebat
1063 1125 1177 1155 autem
1203 1125 1305 1165 poeta
1330 1121 1477 1164 puellam
1508 1129 1627 1153 revera

280 1199 347 1221 non
373 1188 491 1222 duram
517 1200 593 1222 esse
623 1190 755 1231 animo,
792 1189 857 1222 etsi
881 1188 1029 1221 nondum
1054 1192 1122 1222 tam
1149 1188 1257 1221 facilis
1283 1191 1356 1221 erat
1383 1196 1483 1229 quam
1510 1187 1626 1229 cupie—

279 1253 347 1286 bat.
398 1254 443 1286 At
467 1255 495 1287 si
520 1255 585 1288 iam
611 1266 698 1289 nunc
722 1259 901 1299 tantopere
926 1256 1061 1289 amabat
1094 1258 1251 1299 poetam,
1287 1258 1325 1287 ut
1350 1257 1491 1298 propter
1514 1250 1628 1285 medi-

281 1323 388 1354 tatum
415 1321 599 1354 discessum
625 1322 659 1354 in
683 1322 808 1355 bellum
836 1322 866 1356 ei
900 1323 1051 1365 graviter
1082 1323 1308 1363 irasceretur,
1342 1331 1409 1354 non
1435 1322 1547 1365 potest
1574 1319 1628 1351 in·-

284 1387 392 1430 telligi
411 1386 463 1420 hic
483 1388 589 1422 locus.
611 1405 656 1413 -
682 1399 840 1421 arsuro
863 1389 1006 1430 lecto,
1033 1389 1184 1429 funebri,
1216 1389 1250 1421 in
1269 1398 1338 1430 quo
1360 1388 1529 1421 efferenda
1550 1397 1630 1421 cor-

281 1464 365 1498 pora
383 1454 682 1498 componebantur.
695 1472 741 1480 -
761 1456 802 1489 V.
815 1457 872 1489 62.
888 1466 934 1489 os
946 1455 1046 1488 cula
1063 1454 1209 1496 dabis,
1229 1455 1416 1488 Pnopnnw.
1429 1453 1474 1494 ΙΙ,
1491 1455 1544 1491 10,
1559 1454 1624 1485 292

283 1519 472 1566 osculaque
507 1521 543 1552 in
574 1520 702 1566 gelidis
729 1533 843 1565 ponas
877 1532 1040 1566 suprema
1065 1520 1214 1553 labellis.
1263 1519 1516 1553 Oseulabantur
1541 1521 1629 1552 enim

282 1584 384 1618 etiam
417 1586 450 1619 in
476 1596 560 1628 rogo
586 1586 718 1619 iamiam
744 1586 928 1629 ponendos.
957 1603 1000 1611 —
1041 1579 1269 1618 tristibus
1295 1586 1526 1626 lacrimis,
1560 1594 1628 1617 non

283 1651 393 1684 inutili
419 1653 623 1695 pleonasmO.
680 1653 824 1696 Semper
849 1653 937 1686 enim
962 1652 1149 1685 intenditur
1172 1653 1222 1685 vis
1248 1652 1414 1694 notionis,
1450 1652 1508 1684 ubi
1536 1651 1627 1694 quod

284 1718 372 1751 inest
394 1717 429 1750 in
454 1718 675 1760 substantivo,
701 1719 803 1752 etiam
828 1719 992 1763 peculiari
1018 1719 1123 1752 verbo
1151 1728 1350 1762 expressum
1372 1718 1510 1762 iusuper
1534 1718 1629 1750 iuxta

283 1794 410 1828 ponas3
445 1795 485 1818 ac
510 1785 539 1817 si
563 1786 731 1818 sententia
755 1786 827 1819 sive
852 1797 914 1830 per
939 1797 976 1820 se
1008 1787 1079 1820 sive
1104 1789 1245 1830 propter
1269 1786 1517 1829 oppositionem
1543 1795 1630 1827 pon-

286 1848 493 1883 derosiorem
518 1850 659 1884 formam
684 1852 845 1894 postulat,
871 1850 951 1884 nihil
977 1855 1030 1884 est
1054 1852 1176 1894 aptius.
1227 1850 1397 1894 Exempla
1421 1850 1546 1891 ubique
1568 1849 1630 1882 ob-

284 1916 349 1949 via.
399 1917 458 1949 Sic
483 1916 629 1948 miserae
662 1917 825 1962 querelae
855 1919 963 1951 Ovm.
991 1919 1075 1951 Met.
1101 1918 1147 1959 ΙΙ,
1172 1919 1254 1951 342.
1289 1924 1440 1949 moestae
1468 1915 1629 1962 querelae

286 1981 365 2014 Tib.
386 1982 412 2023 I,
433 1985 468 2023 8,
491 1985 547 2015 53.
577 1981 698 2014 moesti
721 1988 866 2027 questus
888 1984 998 2016 vine.
1023 1984 1152 2025 Georg.
1177 1983 1238 2024 lV,
1261 1984 1342 2015 515.
1366 1981 1489 2014 moesti
1511 1980 1630 2013 lactus

287 2047 372 2080 Aen.
389 2046 450 2088 XI,
469 2049 515 2079 38
540 2051 677 2080 notante
702 2047 902 2088 Huscffluo,
928 2052 962 2080 et
987 2047 1109 2079 moesti
1130 2047 1240 2089 fletus
1265 2049 1453 2081 Pnopenr.
1473 2048 1500 2089 Ι,
1518 2051 1552 2090 5,
1574 2051 1629 2081 15.

288 2117 324 2145 et
348 2118 498 2144 moestae
522 2112 708 2157 exsequiae
731 2112 809 2144 Tib.
834 2112 878 2153 ll,
902 2113 935 2152 4,
963 2113 1018 2144 44.
1069 2111 1164 2144 Adde
1189 2112 1310 2145 tristes
1337 2123 1443 2144 curae
1466 2113 1494 2153 Ι,
1516 2116 1549 2153 7,
1573 2115 1631 2145 43.

281 2177 398 2223 fortis
423 2178 577 2210 audacia
600 2175 685 2220 1,'4,
714 2181 767 2212 13.
794 2177 932 2223 liquida
957 2189 1053 2223 aqua
1079 2178 1106 2219 Ι,
1131 2180 1165 2219 5,
1191 2179 1247 2212 fin.
1275 2181 1308 2220 9,
1336 2181 1392 2212 12.
1414 2181 1471 2211 50.
1522 2179 1631 2212 Porro

291 2243 386 2276 dulci
411 2243 508 2276 melle
535 2244 579 2286 ΙΙ,
605 2247 637 2285 1,
662 2248 719 2277 50.
755 2250 889 2277 veteres
914 2256 1010 2277 senes
1041 2245 1068 2285 Ι,
1092 2248 1126 2286 8,
1151 2248 1207 2277 50.
1225 2244 1420 2288 fluitantes
1446 2244 1562 2277 undae
1587 2245 1631 2285 ll,

289 2312 323 2351 5,
353 2313 410 2343 59.
446 2317 545 2341 tnulcz
571 2309 714 2342 silentia
737 2310 797 2351 IV,
828 2312 860 2352 l,
885 2312 964 2343 129.
1003 2310 1110 2342 Ovn).
1138 2310 1222 2343 Met.
1250 2309 1308 2350 IV,
1332 2311 1412 2343 433.
1446 2309 1489 2350 X,
1514 2311 1570 2341 53.
1598 2313 1632 2341 et

291 2375 488 2418 saepissime
514 2376 608 2408 alias.
667 2377 778 2418 Atque
813 2379 851 2408 ut
887 2375 988 2407 etiam
1023 2385 1067 2408 ex
1100 2375 1167 2407 alio
1202 2385 1328 2417 genere
1354 2375 1545 2417 exemplum
1571 2374 1632 2406 ad-

291 2442 378 2483 dam,
405 2438 507 2485 μικριὶ
532 2443 687 2483 πολίχνια
714 2445 770 2474 καὶ
793 2439 962 2486 νησύδρια
986 2442 1184 2474 Isocnuns
1210 2441 1295 2473 dixit
1319 2439 1466 2482 Philipp.
1490 2450 1523 2482 p.
1552 2441 1631 2472 12⁴.

292 2507 404 2540 Bekk.
452 2506 604 2548 Egregie
629 2511 742 2540 errant
767 2508 823 2550 qui
848 2507 911 2540 nisi
933 2506 1085 2540 diversae
1106 2504 1361 2547 significationis
1382 2505 1484 2538 verba
1508 2504 1633 2545 vident,

291 2574 522 2616 pleonasninnl
547 2572 682 2613 dicunt,
709 2574 805 2615 quasi
829 2583 896 2606 non
923 2573 1024 2605 etiam
1050 2571 1215 2604 intensiva
1241 2570 1290 2602 vis
1316 2570 1489 2602 notionum
1515 2570 1633 2610 augeri

290 2639 397 2681 possit
423 2642 455 2672 et
482 2639 604 2672 debeat
630 2649 742 2683 saepe.
772 2656 816 2666 —-
855 2640 896 2673 V.
922 2641 976 2672 63.
1014 2637 1184 2670 Flebis.
1237 2637 1283 2669 Ut
1308 2637 1443 2670 mollem
1470 2636 1628 2669 affectum
