1721 2953
265 112 316 147 98
571 101 939 143 COMMENTAR.
972 103 1030 142 IN
1063 103 1291 145 TlBULLI

271 230 315 264 ad
340 226 444 272 Soph.
470 226 522 259 Αἰ.
549 226 679 268 [1294.
695 243 741 249 -
765 225 916 259 arenti
939 226 1039 267 siti,
1064 224 1106 259 cf.
1128 226 1237 260 Vme.
1258 225 1388 268 Georg.
1406 225 1451 267 ΙΙ,
1471 227 1551 259 353.
1579 229 1613 259 et

271 300 377 331 Ovio.
404 293 546 328 Heroid.
570 293 630 335 lv,
655 294 732 326 144.
751 310 797 319 —
824 294 865 327 V.
884 295 928 326 43
954 304 1003 336 sq.
1032 295 1162 337 picea
1189 293 1230 326 fe
1242 303 1376 336 rrugo
1400 297 1479 326 sunt
1503 293 1610 326 nubes

270 370 382 404 atrae,
416 361 538 404 quibus
563 360 694 394 caelum
721 361 952 403 praetexitur,
986 361 1144 403 cingitur.
1194 360 1246 393 De
1274 359 1484 406 ferrugine,
1522 359 1613 402 quod

269 433 441 473 nigrorem
466 428 657 471 significat,
689 427 776 460 bene
810 426 1002 470 disputasse
1027 428 1187 461 Vossmm
1213 427 1257 460 ad
1280 427 1402 469 Virgil.
1427 427 1558 468 Georg.
1584 426 1612 467 Ι,

268 511 300 542 p.
330 499 408 529 189.
433 498 549 528 monet
573 494 903 527 thnssnmcmus.
929 511 976 517 —
1014 491 1226 525 admittat
1252 502 1318 525 nou
1344 496 1416 525 est:
1451 491 1611 532 adducat,

267 563 394 605 adigat,
409 561 483 604 'qua
503 561 635 594 ratione
658 561 782 594 eximie
800 559 978 602 langueret
999 569 1017 592 v
1030 562 1248 595 caturam,
1273 558 1334 591 sed
1353 561 1427 592 est:
1451 558 1612 599 concitet,

265 629 444 662 acceleret.
494 627 583 660 Nam
607 625 757 670 concipit
781 624 852 658 Iris
880 636 1015 670 aquas,
1050 623 1289 669 alimentaque
1314 622 1465 656 nubibus
1490 622 1611 667 affert.

266 694 309 728 cs.
336 694 443 726 Ovm.
467 692 555 726 Met.
582 691 609 733 1,
634 693 716 726 271.
767 689 866 723 Conf.
895 690 994 724 Voss.
1021 689 1064 723 ad
1090 689 1187 732 Virg.
1213 690 1346 732 Georg.
1370 689 1398 730 Ι,
1422 691 1503 722 380.
1552 690 1612 722 Sic

265 761 434 793 accelerat
468 761 627 792 venturas
661 756 802 800 pluvias.
852 755 1005 789 Verbum
1044 755 1234 788 Gunnmus
1261 755 1295 787 in
1328 754 1535 798 Paralipom.
1566 753 1610 787 nd

263 826 387 868 virgil.
413 836 446 869 p.
471 826 552 858 575.
579 822 774 866 explicavit,
806 822 997 855 SAN'rssmo
1029 823 1179 862 notante,
1206 822 1284 863 post
1309 829 1386 852 eum
1411 819 1611 861 ScALmssR,

263 893 448 933 Hmmns,
473 891 697 931 Huscnxms,
722 892 761 922 ut
785 888 937 932 postulat
961 898 1053 922 usus.
1102 888 1163 921 Sic
1181 887 1288 921 Ovm.
1309 888 1419 921 Amm.
1441 887 1470 930 Ι,
1488 890 1522 929 8,
1541 890 1609 920 50:

263 966 306 993 ut
339 958 428 992 celer
461 957 624 990 admissis
656 954 793 989 labitur
820 955 934 988 amnis
968 953 1072 1000 aquis
1108 957 1143 987 et
1166 953 1252 987 Met.
1277 953 1304 994 Ι,
1328 954 1417 986 532:
1457 951 1609 985 admisso

263 1026 426 1074 sequitur
457 1024 611 1070 vestigia
642 1035 787 1070 gressa,
825 1027 860 1057 et
897 1023 954 1066 qui
980 1021 1175 1055 notissimus
1198 1031 1300 1062 usuS‚
1335 1019 1523 1053 Pnommr.
1546 1020 1609 1061 Ill,

264 1097 320 1136 11,
347 1095 413 1127 64:
451 1091 603 1124 admisso
639 1088 772 1122 Decius
804 1088 942 1134 proelia
977 1088 1076 1132 rapit
1110 1100 1208 1133 equo.
1258 1087 1384 1120 Errant
1416 1086 1609 1128 MURETUS,

263 1160 464 1193 TURNEBUS
489 1156 630 1190 Advers.
655 1157 714 1197 29,
738 1157 816 1196 31.‚
842 1154 1023 1194 vannus,
1059 1152 1117 1196 qui
1136 1151 1349 1197 portendat,
1378 1151 1608 1196 praenuntiet

263 1226 548 1268 interpretantur,
586 1225 745 1255 monente
771 1221 871 1254 etiam
897 1220 1060 1252 Hunno.
1092 1235 1132 1243 ·-
1174 1202 1386 1252 imbrifer.
1435 1219 1495 1252 Sic
1518 1219 1606 1259 libri,

263 1295 301 1323 ut
326 1291 437 1323 var.
463 1288 572 1321 Theb.
599 1287 662 1328 IX,
687 1288 769 1320 405.
817 1285 1045 1318 Emendatum
1080 1288 1131 1317 est
1164 1284 1206 1317 ab
1240 1284 1399 1317 Hssmsm
1430 1281 1607 1329 nimbzfer.

262 1357 350 1390 Nam
386 1355 519 1388 laborat
551 1357 707 1386 metrum.
756 1352 1019 1384 Scmvmnmms
1055 1351 1088 1382 in
1124 1350 1186 1382 Gr.
1223 1349 1300 1382 Lat.
1328 1349 1369 1382 T.
1395 1349 1438 1382 ΙΙ.
1466 1360 1499 1392 p.
1524 1351 1606 1382 749.

262 1426 301 1455 ut
334 1424 427 1455 certa
461 1418 617 1461 exempla
651 1415 883 1460 productionis
921 1415 1022 1447 affert
1059 1414 1166 1448 Ovm.
1202 1424 1245 1446 ex
1280 1414 1381 1447 Pont.
1416 1413 1444 1454 I,
1477 1416 1510 1455 3,
1542 1416 1606 1447 74:

266 1486 572 1529 Thessalicamque
605 1483 696 1515 adiit
730 1483 853 1526 hospes
886 1480 1042 1515 Achillis·
1078 1480 1222 1512 humum
1258 1484 1293 1513 et
1317 1480 1398 1514 ibid.
1424 1480 1452 1522 l,
1478 1483 1510 1522 4,
1537 1483 1605 1514 46:

260 1553 324 1585 illo
357 1551 450 1598 quod
472 1548 583 1583 subiit
609 1549 747 1582 Aesone
773 1552 882 1580 natus
909 1559 1019 1591 opus5
1055 1551 1176 1579 notans
1202 1550 1314 1580 tamen
1340 1548 1419 1580 talia
1444 1547 1545 1580 etiam
1571 1548 1605 1581 in

263 1617 467 1653 hexametris
502 1616 638 1658 saepius
673 1613 839 1658 producta
873 1612 963 1655 legi,
1002 1611 1149 1653 denique
1175 1612 1309 1645 AusoN.
1334 1611 1455 1655 Epigr.
1482 1615 1538 1654 73,
1563 1615 1604 1646 4:

254 1687 398 1733 salsum
423 1682 597 1718 convincit
620 1681 714 1713 illico
739 1679 1001 1724 haruspicium,
1041 1679 1132 1722 quod
1157 1679 1266 1712 simile
1290 1683 1429 1721 nostro,
1465 1679 1526 1712 sed
1550 1690 1606 1712 se-

261 1752 361 1786 rioris
385 1750 518 1784 aetatis.
567 1748 698 1781 Tamen
723 1745 814 1790 apud
840 1745 1016 1777 Tibullum
1041 1754 1108 1777 nou
1135 1744 1327 1778 verisimilis
1352 1745 1429 1778 talis
1458 1746 1605 1787 licentia,

262 1819 325 1852 etsi
350 1819 436 1852 alius
461 1815 651 1850 huiusmodi
675 1824 792 1847 versus
819 1816 931 1846 exstat
958 1812 1043 1845 infra
1068 1812 1112 1853 Il,
1138 1814 1172 1853 4,
1197 1814 1254 1845 38.
1281 1831 1325 1837 --
1358 1813 1400 1847 V.
1427 1814 1484 1846 45.
1519 1813 1601 1846 Vel

262 1887 298 1919 si
324 1885 574 1919 caeruleas.
624 1882 700 1914 Non
727 1882 873 1914 otiosum
899 1884 951 1912 est
978 1878 1042 1912 hoc
1068 1889 1190 1912 ornans
1211 1877 1399 1922 epitheton,
1426 1878 1486 1911 sed
1505 1879 1604 1912 simul

261 1955 403 1995 propter
435 1948 683 1993 oppositionem
718 1945 882 1978 additum.
943 1945 1028 1977 Cum
1056 1944 1146 1977 euim
1169 1947 1248 1977 ante
1273 1942 1316 1976 de
1349 1943 1510 1975 terrestri
1540 1943 1606 1974 ili-

260 2028 340 2049 nere
365 2015 507 2055 dixerit,
534 2024 622 2046 nunc
646 2012 688 2044 de
714 2011 889 2044 maritimo
915 2011 1029 2044 dicere
1052 2011 1135 2044 vult.
1161 2028 1204 2034 —-
1231 2010 1378 2054 puppi.
1428 2010 1603 2052 Intelliges

261 2081 443 2124 voluptatis
469 2089 572 2112 causa
591 2081 784 2121 susceptam
808 2077 1057 2118 navigationem
1081 2077 1114 2109 in
1139 2077 1204 2109 levi
1227 2080 1318 2117 rate,
1351 2076 1408 2109 ubi
1434 2077 1527 2109 littus
1553 2077 1604 2109 le-

261 2147 363 2189 gitur.
389 2165 435 2170 —
482 2146 523 2178 V.
550 2147 594 2177 47
621 2154 695 2185 §qq.
745 2142 909 2176 Succedit
933 2142 1025 2175 aliud
1050 2152 1111 2185 par
1145 2151 1277 2182 rerum,
1311 2153 1398 2184 opus
1431 2141 1603 2173 rusticum

261 2219 295 2248 et
322 2212 473 2245 venatio.
499 2229 544 2234 —
579 2210 744 2243 Restituit
770 2209 1022 2242 LACHMANNUS
1050 2209 1204 2241 codicum
1240 2207 1419 2240 lectionem
1455 2217 1599 2250 opera,

262 2288 460 2322 comparans
486 2278 594 2311 Vino.
622 2277 751 2319 Georg.
776 2276 803 2318 l,
827 2278 906 2308 277.
933 2275 978 2316 ΙΙ,
1005 2277 1083 2309 472.
1134 2274 1256 2315 Recte,
1283 2277 1320 2306 ut
1344 2273 1487 2306 videtur.
1535 2272 1601 2305 Est

260 2355 347 2378 nunc
383 2354 487 2388 opera
524 2343 734 2382 subiectum,
774 2344 808 2374 et
841 2340 979 2373 variavit
1005 2339 1162 2372 Tibullus
1197 2340 1331 2382 poetice
1370 2338 1598 2371 constructio-

259 2421 347 2443 nem.
371 2428 418 2434 —
452 2409 679 2448 insuetas,
715 2407 891 2449 absolute,
930 2410 966 2438 ut
999 2405 1122 2449 passim
1156 2407 1204 2438 fit.
1253 2404 1418 2437 Similiter
1451 2401 1598 2443 nescius,

259 2475 379 2511 rudis,
409 2474 561 2509 inscias,
595 2473 765 2518 ignarus,
800 2473 843 2506 cs.
870 2473 1197 2506 WVUNDERLICHIUM
1224 2470 1278 2504 hic
1304 2474 1338 2502 et
1363 2469 1405 2502 ad
1432 2469 1456 2509 Ι,
1483 2473 1514 2510 7,
1541 2472 1596 2503 38.

259 2546 294 2575 et
333 2542 444 2573 Con‘r.
481 2540 522 2572 ad
558 2540 694 2571 Sallust.
732 2539 831 2572 Catil.
858 2541 915 2579 51,
951 2541 1008 2572 27.
1043 2556 1089 2562 —
1137 2536 1395 2569 atteruisse
1431 2544 1596 2572 manus,

259 2607 435 2640 conserunt
461 2617 491 2639 ν.
519 2617 548 2638 c.
584 2606 722 2637 mmm.
750 2604 844 2638 MAx.
871 2604 931 2643 lv,
956 2606 997 2636 5:
1034 2601 1116 2634 illae
1150 2600 1282 2634 ruslico
1311 2611 1409 2644 (Ῥω-ε
1444 2598 1595 2630 (inritae
