1721 2953
322 103 403 136 24ss
629 96 1000 141 COMMENTAR.
1031 101 1090 140 IN
1121 103 1350 143 'I'lBULLI

328 212 395 244 tius
419 210 630 253 accelerata,
656 211 683 253 1,
713 215 767 254 10,
793 216 827 247 3.
853 217 886 248 4.
913 235 958 239 —
996 217 1231 259 geminare
1259 217 1489 260 pericula,
1523 218 1676 260 periculo

328 287 370 310 ex
395 276 479 310 mari
503 287 579 311 cum
604 278 708 313 addat
734 281 920 324 periculum
945 293 989 317 ex
1016 284 1158 327 proeliis
1184 283 1372 326 navalibus,
1397 287 1436 317 ut
1462 288 1676 328 pentameter

325 343 504 385 significat.
530 362 577 368 —
614 355 727 388 vago
753 350 912 390 ponto,
946 349 1044 382 undis
1071 349 1166 392 vagis
1191 350 1329 382 iactato.
1379 349 1475 382 Idem
1502 347 1676 393 epitheton

325 409 411 443 infra
431 410 476 453 ΙΙ,
501 414 534 453 6,
556 415 591 446 3.
609 431 656 437 —-
682 413 837 448 dubiis
862 416 1066 458 ratibus,
1092 417 1345 450 fluctuantibus.
1372 417 1480 450 Ovrn.
1508 418 1580 450 Art.
1601 417 1676 452 Am.

324 477 369 520 ΙΙ,
393 481 474 513 514.
500 482 643 515 558.-
674 481 712 515 V.
738 483 782 515 41
809 492 862 526 sq.
887 483 916 516 P
933 483 1171 525 raedator‚
1196 483 1307 517 redux
1332 494 1352 516 e
1378 483 1468 516 bello
1494 486 1675 526 postquam

325 544 451 587 praeda
483 555 521 579 se
556 546 684 581 ditavit.
735 548 950 591 Quamquam
977 548 1065 581 enim
1091 548 1181 590 quod
1206 549 1380 592 sequitur,
1418 549 1566 581 omnium
1593 558 1676 579 ava-

323 618 437 644 rorum
466 615 500 645 et
525 611 666 647 divitum
694 617 786 656 erat,
826 619 928 659 poeta
962 619 1075 648 tamen
1107 615 1239 648 nonnisi
1274 615 1316 649 de
1341 616 1447 648 milite
1472 614 1676 658 praedatore

327 675 478 718 loquitur
502 688 521 711 e
551 677 643 712 bello
669 690 827 723 reverso,
854 685 889 715 et
914 682 1006 725 loqui
1026 681 1079 715 hic
1105 682 1225 724 debet,
1252 681 1343 724 quod
1368 692 1434 714 non
1459 684 1678 724 reputaverat

326 742 507 779 Hssmms.
557 747 652 780 Talis
685 749 773 781 enim
809 753 881 782 erat
906 749 1018 783 rivalis
1043 750 1180 783 Tibulli.
1205 768 1251 774 —
1287 749 1413 793 cupit
1448 748 1677 789 obsidere,

327 811 465 844 coemit.
524 811 651 847 Notum
689 825 770 848 vero
810 815 958 849 studium
1001 826 1142 859 pravum
1178 815 1321 848 istorum
1359 819 1552 857 temporum
1590 814 1677 846 latas

326 886 487 918 agrorum
526 880 760 922 possessiones
796 882 972 914 coemendi
1009 881 1051 914 ad
1086 891 1212 925 pascua
1248 884 1307 914 aut
1342 881 1522 913 arationes.
1570 879 1678 912 Ptm.

326 943 456 985 XVIII,
481 946 523 978 6:
563 944 765 990 latifundia
785 946 970 991 perdidere
1002 946 1172 983 Ιίαῖἱαηι,
1203 946 1273 978 iam
1303 957 1381 978 vero
1406 951 1440 977 et
1463 944 1677 988 provincias.

326 1008 394 1039 Sex
434 1008 564 1042 domini
601 1011 776 1044 semissem
811 1011 965 1058 Africae
1000 1010 1250 1057 possidebant,
1288 1023 1366 1044 cam
1402 1010 1584 1054 interfecit
1620 1022 1678 1042 eos

328 1075 422 1107 Nero
450 1075 624 1121 princeps.
679 1078 764 1111 Vide
800 1080 898 1122 plura
934 1091 988 1122 ap.
1023 1081 1286 1120 GssssnARDUM,
1323 1079 1379 1121 qui
1415 1089 1492 1111 cum
1516 1078 1582 1110 alia
1608 1081 1678 1111 tum

328 1141 570 1176 QUINTILlAN.
596 1143 783 1178 Declamat.
809 1143 906 1177 XIII.
943 1144 1053 1177 affert.
1102 1143 1189 1177 Add.
1226 1144 1416 1187 interprett.
1452 1141 1495 1175 ad
1532 1142 1676 1175 HonA'r.

329 1208 356 1249 1,
378 1210 410 1250 1,
434 1211 467 1242 9.
492 1208 554 1251 ΙΙΙ,
579 1212 632 1252 16,
653 1211 709 1244 40.
737 1214 771 1244 et
796 1211 924 1244 IquN.
947 1210 1010 1252 IX,
1035 1213 1092 1245 54.
1118 1230 1165 1236 —
1191 1212 1246 1244 Ut
1273 1224 1291 1256 p
1303 1215 1446 1252 ascat,
1473 1210 1515 1243 ad
1541 1221 1679 1254 pascua,

330 1273 373 1307 cf.
399 1275 543 1309 HORAT.
573 1276 614 1318 11,
638 1280 673 1319 3,
701 1279 754 1311 17.
781 1278 861 1321 ibiq.
890 1278 1080 1322 iuterprett.
1131 1278 1199 1311 Ubi
1234 1278 1339 1320 igitur
1371 1279 1491 1311 melius
1528 1276 1678 1310 homines

329 1341 480 1374 viverent
514 1353 590 1376 cum
623 1344 786 1376 uxoribus
822 1348 856 1376 et
889 1344 1024 1385 liberis,
1057 1354 1140 1377 oves
1173 1344 1238 1376 iste
1274 1345 1344 1377 alit.
1394 1344 1509 1376 Etiam
1535 1344 1678 1377 clientes

329 1417 496 1450 pauperes
527 1408 569 1440 ab
598 1409 708 1441 araris
733 1408 806 1441 istis
834 1409 1065 1452 pellebantur,
1091 1408 1169 1442 vide
1194 1407 1370 1452 pulchrum
1397 1409 1507 1442 locum
1535 1409 1678 1444 HoRA'r.

330 1473 396 1506 Od.
421 1473 464 1514 ΙΙ,
493 1476 546 1515 18,
572 1476 629 1507 26.
653 1474 733 1517 ibiq.
761 1474 995 1507 Mrrscrrssnr..
1022 1494 1066 1498 —
1102 1475 1245 1508 multo
1271 1474 1446 1517 iugere,
1482 1476 1679 1509 innume-

330 1549 417 1571 ram
451 1549 592 1580 ovem,
629 1538 706 1572 vide
740 1539 782 1572 de
813 1540 977 1582 singulari
1012 1540 1055 1574 ad
1090 1540 1117 1582 Ι,
1148 1543 1182 1582 3,
1207 1543 1265 1573 28.
1325 1542 1500 1585 Scriptum
1535 1543 1623 1576 enim
1659 1554 1678 1575 a

330 1604 468 1637 Tibullo
496 1604 599 1637 credo
624 1615 700 1638 cum
725 1605 800 1637 aliis
825 1614 911 1638 non:
955 1605 1004 1636 Ut
1038 1604 1153 1636 multa
1185 1604 1370 1637 innumera
1394 1605 1520 1651 iugera
1551 1615 1679 1650 pesas

332 1681 413 1706 uve,
449 1670 532 1703 sed:
571 1674 618 1703 ut
653 1671 796 1703 multo
834 1671 1106 1704 innumeram
1144 1671 1302 1714 ingere
1340 1676 1496 1715 pascat
1536 1682 1680 1715 ovem,

332 1745 535 1778 quamquam
570 1735 730 1769 librorum
762 1736 947 1768 auctoritas
982 1736 1029 1768 illi
1063 1737 1203 1769 lectioni
1240 1737 1347 1779 magis
1374 1736 1488 1770 favere
1512 1737 1678 1772 videatur.

332 1802 403 1836 Sed
437 1813 534 1844 cum,
571 1802 774 1836 observante
807 1802 981 1844 Hermo,
1019 1813 1082 1846 pro
1115 1802 1234 1848 ingere
1267 1803 1430 1847 scriptum
1467 1803 1554 1836 forte
1588 1809 1680 1836 esset
1720 1835 1721 1838 ,

332 1870 475 1914 iugera,
502 1873 537 1902 ut
563 1879 636 1902 mos
661 1869 893 1909 librariorum,
921 1870 1044 1904 exinde
1071 1874 1197 1903 mutata
1225 1870 1364 1912 reliqua.
1415 1869 1518 1905 Quod
1544 1880 1680 1912 sequor,
1719 1911 1721 1916 ἲ

333 1935 397 1967 etsi
425 1934 556 1967 nonnisi
582 1933 645 1967 boc
671 1935 747 1967 loco
780 1933 923 1967 habetur
948 1923 1056 1968 forma
1089 1935 1227 1968 ablativi
1255 1935 1437 1978 singularis
1461 1934 1601 1979 ingere,
1635 1934 1680 1968 ef.

333 2002 474 2034 Zum’r.
498 2000 540 2033 ad
567 2001 677 2034 Cicer.
707 2002 839 2034 Verrin.
867 2014 899 2046 p.
925 2004 1005 2037 475.
1058 2002 1144 2035 Nam
1170 2008 1206 2035 ut
1233 2006 1363 2035 taceam
1388 1999 1536 2034 nondum
1562 2009 1681 2032 exem·
1720 2030 1721 2034 ,

335 2069 398 2111 plis
424 2067 601 2112 probatam
635 2069 860 2103 locutionem:
893 2081 1035 2114 pascere
1062 2082 1122 2103 ονε
1145 2070 1269 2116 iugera
1295 2080 1345 2113 pr⁴
1372 2068 1577 2112 depascere,
1602 2078 1682 2100 sen-

333 2133 437 2166 tentia
461 2133 642 2169 manifesto
665 2135 878 2170 incommoda
904 2142 955 2170 est
980 2142 1014 2170 et
1040 2138 1157 2171 aliena.
1207 2137 1285 2170 Non
1311 2136 1424 2169 dicere
1450 2135 1522 2168 vult
1550 2138 1677 2178 poeta:

334 2198 515 2243 praedator
539 2200 719 2235 immensos
745 2203 850 2235 saltus
876 2203 1001 2235 coemit
1027 2207 1065 2236 ut
1097 2213 1156 2236 eos
1182 2202 1367 2246 depascere
1395 2201 1501 2245 possit
1525 2200 1680 2233 innume·
1719 2195 1721 2198 ⁴

334 2266 380 2298 ris
406 2265 542 2308 ovibus,
568 2267 646 2301 sed:
682 2272 721 2302 ut
745 2270 837 2302 alere
863 2270 969 2313 possit
994 2274 1027 2303 et
1053 2268 1177 2303 babere
1203 2269 1366 2314 plurimos
1397 2276 1522 2310 greges
1555 2265 1679 2306 ovium,
1720 2271 1721 2280 ¹

334 2330 423 2372 quod
459 2331 567 2374 ipsum
602 2333 633 2365 in
665 2334 772 2367 altera
804 2335 950 2368 lectione
982 2335 1079 2369 inest.
1130 2335 1256 2368 Contra
1282 2333 1371 2378 apud
1398 2333 1678 2365 Dssmoswssxmt
1720 2375 1721 2378 Ἴ

335 2395 376 2428 de
403 2396 536 2430 Corona
572 2410 605 2441 p.
631 2401 712 2433 278.
748 2399 834 2434 bene
868 2401 994 2435 dictum
1031 2405 1083 2434 est
1116 2397 1179 2444 ’τήν
1214 2396 1304 2445 ἱεράν
1334 2395 1451 2443 χώραν
1487 2393 1680 2441 βοσκήχιιασι

335 2464 551 2500 κατανέμειν,
589 2463 646 2496 ubi
683 2464 724 2498 de
759 2466 883 2499 invasis
916 2466 959 2499 ab
993 2465 1290 2510 Anipbissensibus
1313 2464 1404 2506 agris
1429 2474 1552 2497 sermo.
1603 2463 1680 2496 Hoc
1719 2457 1721 2486 ἶ

335 2531 447 2560 autem
474 2528 549 2561 loco
576 2530 683 2563 aliena
711 2536 763 2564 est
796 2531 944 2572 locuti03
984 2536 1019 2564 at
1054 2536 1146 2565 recte
1181 2530 1291 2574 potuit
1325 2529 1440 2561 dicere
1474 2529 1576 2561 etiam
1611 2528 1678 2559 sic:

336 2599 372 2628 ut
399 2596 500 2628 multa
528 2596 644 2639 iugera
673 2603 790 2641 pascat
816 2600 909 2641 ovis,
937 2599 966 2631 b.
995 2611 1022 2632 e.
1052 2604 1085 2631 ut
1116 2599 1218 2630 multa
1245 2599 1363 2639 iugera
1390 2595 1510 2629 babeat
1537 2592 1677 2637 praeda-
