1721 2953
268 162 349 197 4500
573 155 944 200 COMMENTAR.
976 159 1037 201 IN
1068 160 1299 202 'slssULLI

272 271 326 305 illa
356 281 437 305 vcro
470 272 570 315 plane
602 271 802 305 inconcinna
838 276 873 307 et
907 272 1069 308 deformis
1106 277 1180 317 est,
1217 274 1295 317 quia
1329 273 1432 307 medii
1457 273 1615 307 carminis

270 342 439 372 structura
464 339 561 372 mala.
612 339 714 375 Quod
747 340 871 373 sentiet
901 342 956 384 qui
990 342 1135 376 attendit
1167 342 1210 377 ad
1237 343 1477 386 dispositiones
1503 342 1615 386 poeti-

272 416 330 438 cas
368 405 552 439 carminum
591 409 626 439 et
661 405 812 441 dividere
847 413 942 442 recte
981 413 1182 452 argumenta
1218 409 1349 443 didicit.
1408 407 1462 442 Ne
1499 409 1614 449 multa,

272 472 404 502 constat
427 471 603 515 proposita
627 472 738 516 elegia
761 473 938 508 manifesto
973 474 1143 508 duabus
1177 475 1357 508 omnino
1395 474 1614 519 partibus.

272 537 404 570 Prior
435 537 478 570 ab
512 538 608 573 initio
633 539 675 572 ad
710 550 740 573 v.
767 542 824 574 20.
858 551 924 574 una
950 543 1178 586 perpetuitate
1203 543 1353 576 decurrit
1383 546 1418 576 et
1447 542 1618 586 precatio-

272 613 348 636 ncm
372 604 600 649 Proserpinae
633 617 710 640 cum
743 608 853 640 causis
887 609 956 641 suis
993 607 1115 650 habet3
1153 608 1328 642 exordium
1354 619 1374 641 a
1399 607 1618 651 sequentibus

273 670 424 713 separari
458 672 584 714 nequit.
643 673 732 707 Tum
767 675 921 717 sequitur
957 676 1107 709 altera
1142 685 1220 719 pars
1255 686 1275 708 a
1299 685 1332 707 v.
1356 677 1413 707 20.
1440 674 1482 707 ad
1506 675 1618 715 finem,

274 737 331 770 ubi
354 739 521 782 repetitur
545 741 716 784 precatio,
740 741 802 775 sed
824 752 912 783 nunc
934 742 1070 785 quidem
1095 753 1213 775 omnes
1235 741 1282 775 dii
1307 741 1407 774 inferi
1435 742 1619 785 imploran-

273 808 339 846 tur,
366 809 400 838 et
422 806 455 839 in
481 807 548 839 fine
571 808 673 842 etiam
698 809 796 842 amici
821 813 986 852 rogantur
1009 813 1047 842 ut
1071 809 1238 842 sacrificio
1263 811 1474 842 succurrant.
1523 807 1622 842 Quae

274 871 409 915 quidem
437 873 595 918 bipartita
618 875 737 910 divisio
762 877 928 919 carminis,
953 877 1018 909 etsi
1042 886 1109 910 non
1135 879 1188 909 est
1211 875 1417 916 Tibulliana,
1448 876 1563 906 tamen
1588 872 1622 905 in

275 938 332 970 tali
358 945 558 982 argumento
586 942 719 984 placet;
756 943 837 985 quid
867 944 954 979 enim
990 943 1023 978 in
1057 943 1175 977 mortis
1208 946 1302 976 metu
1336 941 1446 983 magis
1477 949 1623 972 cousen-

275 1008 412 1038 taneum
451 1016 551 1048 quam
587 1007 713 1042 iterare
750 1019 870 1052 preces
904 1009 947 1042 ad
983 1009 1068 1042 deos
1106 1012 1140 1042 et
1176 1007 1241 1042 huc
1277 1017 1439 1041 revocare
1483 1005 1622 1038 totum?

276 1070 368 1103 Male
393 1081 475 1105 vero
501 1073 640 1107 eandem
667 1086 710 1108 ex
735 1075 940 1118 repetitione
965 1075 1108 1109 sormam
1131 1076 1330 1118 Lygdamus
1355 1074 1457 1107 tertio
1482 1073 1624 1106 carmini

275 1137 438 1182 adhibuit,
465 1140 523 1173 ubi
548 1152 648 1184 quam
673 1142 717 1175 sit
744 1143 857 1175 ieiuna
881 1153 985 1186 supra
1010 1142 1165 1180 vidimus.
1213 1142 1300 1175 Post
1326 1140 1408 1174 haec
1432 1144 1470 1173 ut
1494 1139 1538 1172 de
1565 1149 1625 1172 ce-

275 1204 357 1236 teris
382 1215 600 1248 moneamus,
642 1218 709 1240 non
743 1206 844 1240 habet
871 1206 1005 1250 quidem
1040 1208 1215 1251 proposita
1250 1208 1361 1249 elegia
1397 1206 1556 1239 affectum
1590 1209 1625 1238 et

276 1270 439 1314 impetum
464 1272 592 1306 Tibulli
624 1273 657 1307 in
683 1274 783 1308 simili
818 1285 898 1308 casu
924 1275 1012 1317 eleg.
1039 1274 1066 1317 1,
1091 1277 1124 1310 3.
1157 1275 1397 1318 conspicuum,
1432 1272 1492 1305 sed
1517 1272 1625 1304 multo

277 1337 385 1371 lenior
412 1342 484 1380 est,
522 1340 632 1373 minus
657 1344 768 1373 tamen
794 1341 828 1374 in
853 1351 916 1373 suo
950 1351 1077 1383 genere
1103 1340 1263 1384 displicet
1289 1339 1383 1380 aliis,
1417 1338 1520 1371 immo
1545 1347 1626 1369 sua-

276 1413 353 1436 vem
378 1403 520 1437 dicimus
545 1406 793 1448 oppositionem
825 1405 1010 1438 amicorum
1041 1405 1250 1446 seliciorum,
1285 1405 1342 1446 qui
1369 1403 1506 1435 thermis
1531 1402 1623 1434 salu-

277 1470 393 1503 bribus
417 1474 574 1513 utuntur,
612 1475 647 1504 et
681 1475 804 1514 poetae
829 1471 920 1504 domi
953 1471 1074 1504 morbo
1099 1470 1294 1504 laborantis.
1353 1470 1432 1503 Iure
1457 1479 1539 1502 vcro
1565 1478 1623 1501 re-

278 1536 466 1581 prehendas
491 1536 581 1580 quod
606 1537 639 1570 in
665 1537 987 1571 commemoratione
1016 1537 1205 1578 scelerum,
1242 1545 1330 1578 quae
1356 1544 1422 1568 non
1447 1534 1627 1567 commise-

278 1602 343 1644 rit,
368 1602 490 1635 nimius
515 1606 588 1644 est3
620 1603 785 1635 accedunt
807 1603 873 1635 alia
897 1601 1161 1644 reprehensione
1184 1601 1290 1643 digua
1313 1601 1347 1634 in
1373 1601 1517 1644 singulis
1542 1600 1625 1634 locis

279 1668 529 1713 compluribus,
563 1668 606 1703 de
630 1669 752 1712 quibus
779 1669 812 1704 in
837 1668 1077 1713 Explicatione
1103 1667 1242 1701 dictum.

800 1828 1092 1838 2--—-———----—---

776 1969 1130 2014 EXPLICATIO.

377 2140 417 2173 V.
454 2140 587 2172 1-‘20.
655 2138 787 2171 Prior
830 2148 931 2182 pars
982 2137 1208 2170 carminis,
1275 2134 1416 2168 Amici
1460 2137 1624 2178 poetae

281 2203 301 2237 d
322 2214 384 2236 um
410 2203 593 2237 thermis
618 2206 882 2243 salubribus
906 2205 1124 2239 Etruriae
1150 2205 1361 2242 utuntur,
1398 2203 1498 2245 ipse
1525 2212 1626 2244 que-

281 2274 397 2305 ritur
432 2275 611 2305 mortem
646 2273 730 2305 sibi
764 2273 1008 2306 imminere.
1070 2273 1180 2304 Orat
1216 2269 1355 2311 igitur
1388 2268 1625 2312 Proserpi-

280 2349 373 2371 nam
401 2342 445 2370 ut
478 2342 634 2381 parcat
665 2339 771 2380 sibi,
805 2339 878 2382 qui
914 2337 1027 2371 nihil
1063 2335 1281 2370 meruerit
1314 2337 1357 2367 et
1389 2332 1530 2366 adhuc
1563 2332 1624 2364 iu-

283 2406 406 2438 venis
439 2407 508 2440 sit.

374 2471 415 2503 V.
444 2473 459 2502 1
488 2482 537 2513 sq.
573 2476 717 2504 manat
749 2474 862 2514 q‘uae
898 2470 1099 2504 sontibus
1134 2467 1257 2501 unda.
1307 2466 1517 2500 Huscuxms
1542 2473 1625 2496 con-

282 2537 347 2571 fert
374 2537 521 2571 Vnst-ir„
557 2538 632 2571 Cul.
663 2540 745 2571 146:
783 2537 854 2570 His
889 2536 1033 2569 suberat
1066 2535 1194 2581 gelidis
1227 2543 1374 2567 mcmans
1409 2542 1426 2562 c
1455 2528 1625 2575 sutilibus

282 2605 391 2640 unda.
453 2607 599 2639 Vosisms
634 2606 705 2639 siue
742 2617 844 2639 causa
879 2603 1054 2637 montibus
1091 2605 1280 2646 scripserat.
1310 2618 1353 2623 -
1400 2597 1623 2630 Etruscis,

290 2675 428 2707 &nnolat
454 2672 640 2707 Hermos:
682 2673 836 2716 „Habuit
869 2673 948 2708 olim
973 2675 1010 2705 ut
1043 2681 1131 2705 nunc
1156 2667 1291 2703 Etruria
1325 2676 1429 2710 aquas
1464 2663 1617 2698 salubre-³·
