1721 2953
523 159 666 201 LIBR.
697 161 729 199 Ι.
786 157 945 198 ELEG.
975 155 1049 197 IV.
1376 159 1454 196 103

118 278 277 326 Cybeleia
302 283 414 311 mater
438 274 566 308 incitat
591 273 640 306 ad
664 271 841 318 Phrygios
873 271 960 305 vilia
987 270 1138 305 membra
1164 270 1301 307 modos,
1341 271 1452 317 deque

115 346 189 380 viro
206 345 284 390 fias
308 355 370 377 nec
386 340 527 388 femina
554 350 615 372 nec
639 337 712 380 vir,
751 343 792 370 ut
818 336 934 372 Allis.
996 338 1094 373 Quae
1119 336 1257 370 laudant
1284 337 1453 380 interpre-

114 419 178 446 tes.
226 412 335 444 Porro
373 407 515 448 vilia,
556 407 725 439 contemta
762 413 782 436 a
818 413 856 436 se
894 406 928 435 et
963 402 1057 435 nihili
1089 402 1213 437 habita.
1264 401 1448 436 Confertur

115 479 220 511 OVID.
245 477 338 509 Fast.
364 474 423 516 IV,
444 475 533 506 243:
571 470 690 504 molles
724 467 878 502 ministri
911 486 957 492 -——-
991 468 1145 501 caedant
1178 468 1326 500 iactatis
1360 466 1448 499 vilia

112 541 261 574 membra
307 538 428 572 modis,
496 538 654 571 Alienum
698 546 779 569 vero
821 539 874 568 est
915 533 969 567 hic
1011 535 1101 577 quod
1143 536 1243 568 etiam
1292 534 1447 575 verbere,

112 608 254 650 flagellis
279 616 396 639 secare
421 615 473 649 pr.
498 604 641 638 caedere
676 603 801 636 dicitur
828 602 972 643 Latine3
1008 612 1084 635 nam
1119 612 1180 635 nec
1214 601 1364 634 additum
1397 605 1449 634 est

112 683 200 706 nunc
224 668 441 705 verberibus,
470 680 534 703 nec
557 669 638 702 satis
664 668 776 711 gravis
801 667 937 700 omnino
961 652 1126 700 sententia
1150 667 1248 700 soret.
1298 666 1385 700 Nam
1413 670 1448 700 ut

110 740 212 774 toties
244 738 326 771 alias
351 736 440 780 apud
465 742 598 769 veteres
624 740 658 769 et
685 737 795 779 ipsum
820 734 1015 776 Tibullum,
1051 734 1099 766 sic
1133 734 1235 766 etiam
1261 731 1314 766 bic
1340 743 1447 776 poena

110 806 197 839 bene
221 803 494 838 accommodatur
519 801 660 835 crimini.
711 800 823 833 Debet
849 799 1044 832 mendicare
1071 809 1131 842 per
1155 798 1277 838 urbes,
1303 799 1446 842 quitan-

109 882 181 904 rum
207 881 269 914 pro
294 871 428 903 Venere
453 867 615 911 sumpsit,
651 865 753 899 debet
787 866 935 897 eviratus
970 864 1002 896 in
1038 868 1210 908 posterum
1245 863 1359 895 vivere
1384 873 1448 895 nec

107 937 159 969 vir
183 946 246 969 nec
271 935 413 976 semina,
450 934 508 977 qui
541 934 642 967 vilem
671 931 787 965 habuit
821 932 961 965 formam
986 942 1081 964 suam
1108 935 1142 963 et
1164 931 1272 974 pretio
1298 929 1449 962 vendidit

108 1013 205 1036 usum
231 1000 499 1045 pulchritudinis.
529 1017 573 1024 -—
616 999 657 1032 V.
689 1000 747 1033 71.
796 998 946 1031 Venus
972 998 1094 1040 ipsa,
1119 996 1193 1038 ipsa
1216 1005 1350 1037 qnoque
1380 995 1447 1027 Ve-

107 1079 171 1102 nus
196 1068 278 1108 vult,
302 1071 340 1099 nt
364 1064 497 1098 blandis
522 1063 725 1098 carminibus
750 1062 813 1095 sibi
843 1062 1024 1095 concilient
1049 1071 1171 1105 pueros
1197 1065 1374 1093 amatores.
1401 1078 1448 1085 -·-

109 1132 378 1174 Blanditiis,
402 1132 574 1165 amatoriis
593 1130 807 1163 carminibus.
833 1130 942 1163 Ovm.
967 1130 1099 1161 Amorr.
1126 1128 1170 1169 ll,
1197 1130 1227 1168 1,
1251 1130 1319 1159 21:
1346 1125 1446 1159 blan-

107 1199 216 1231 ditias
237 1198 419 1244 elegosque
442 1196 544 1232 leves,
570 1207 644 1228 mea
671 1194 754 1230 tela,
778 1193 948 1238 resumpsi
958 1206 970 1231 ‚·
1000 1192 1201 1225 mollierunt
1223 1191 1332 1224 duras
1354 1191 1448 1224 lenia

106 1263 211 1299 verba
232 1264 346 1310 fores.
371 1282 418 1288 —
453 1262 538 1296 Mox
564 1260 771 1303 asyndeton:
799 1258 949 1304 querelis
973 1255 1202 1302 supplicibus,
1227 1256 1360 1289 miseris
1376 1258 1447 1300 fle-

106 1331 200 1365 tibus
231 1341 388 1374 magnam
423 1331 489 1363 vim
530 1328 650 1367 babet3
688 1327 838 1369 graviter
869 1326 942 1359 sinit
975 1325 1162 1358 orationem
1195 1323 1291 1356 deus·
1341 1324 1448 1358 Cete—

107 1408 181 1431 rum
207 1397 332 1430 favet
359 1393 582 1438 querelis,
617 1391 817 1424 fletibus
842 1393 913 1423 est:
951 1389 1188 1432 querentibus,
1213 1389 1368 1421 flentibus
1395 1390 1445 1422 fa-

107 1466 181 1504 vet,
220 1471 348 1504 eosque
382 1459 518 1493 adiuvat
552 1461 590 1490 ut
626 1455 818 1489 audiantur.
878 1455 1033 1497 Denique
1067 1454 1109 1487 de
1145 1465 1208 1487 usu
1240 1455 1446 1498 pronominis

104 1531 185 1563 illa
210 1529 254 1563 cs.
278 1527 321 1561 ad
347 1528 374 1569 I,
398 1529 433 1569 2,
455 1528 514 1559 58.
563 1524 677 1559 Finita
702 1527 781 1556 sunt
805 1526 988 1566 praecepta
1015 1521 1143 1564 Priapi.

196 1595 239 1629 V.
275 1592 405 1626 73-ad
439 1592 552 1624 finem.
614 1577 781 1622 Exitus
818 1587 1047 1621 carminis.
1111 1588 1253 1620 Poeta
1296 1588 1445 1621 laetus

103 1659 370 1705 praeceptis
402 1669 422 1690 a
457 1658 628 1700 Priapo
662 1656 852 1688 traditis
886 1654 982 1687 dum
1019 1654 1287 1695 magistrum
1327 1656 1444 1687 cele<

103 1729 220 1761 brem
247 1737 292 1759 se
317 1726 465 1758 iactat
490 1723 688 1756 futurum
715 1721 901 1761 amoris,
940 1730 1035 1752 mox
1070 1719 1267 1751 ridicule
1301 1720 1445 1752 sentit

103 1795 193 1828 sibi
231 1793 319 1837 ipsi
352 1802 400 1825 se
434 1800 560 1835 opem
603 1789 724 1822 ferre
762 1798 845 1821 non
889 1797 1042 1832 posse,
1082 1785 1281 1820 Maratlii
1320 1797 1443 1830 quem

104 1864 320 1905 torqueat
353 1860 505 1893 lentus
539 1867 668 1891 amor.

198 1927 239 1961 V.
268 1929 313 1959 73
338 1936 387 1968 sq.
438 1925 572 1958 Titio.
623 1925 916 1965 BRoncKuusms,
943 1924 1116 1964 mems,
1142 1923 1292 1957 Vossms
1315 1922 1445 1956 Titium

102 1992 305 2037 Septimium
331 1991 545 2033 intelligunt,
581 1989 728 2022 nobilem
754 1989 819 2022 ista
843 1993 956 2022 aetate
982 1992 1118 2032 poetam
1147 1988 1287 2030 lyricum
1314 1992 1348 2020 et
1374 1992 1444 2020 tra<

102 2059 234 2101 gicnm,
271 2057 314 2091 de
347 2068 415 2100 quo
450 2056 640 2090 Hom'rrus
676 2055 841 2088 videndus
876 2054 985 2097 Epist.
1020 2054 1047 2096 l,
1073 2057 1106 2097 3,
1132 2057 1166 2088 9.
1223 2054 1279 2087 Tu
1313 2064 1445 2087 mecum

103 2134 167 2156 non
200 2123 370 2156 dubitabis
403 2123 518 2155 fictum
544 2121 597 2154 hic
622 2131 696 2154 esse
721 2130 864 2162 nomen,
903 2120 1186 2162 quemadmodum
1211 2124 1283 2153 tota
1308 2120 1444 2153 consul-

102 2191 185 2223 tatio
210 2190 326 2233 Priapi
351 2190 430 2222 ficta
454 2193 517 2222 est.
565 2189 646 2221 Fuit
671 2198 793 2221 nomeu
822 2188 923 2220 etiam
950 2190 1069 2230 postea
1095 2188 1183 2220 inter
1208 2198 1268 2227 ea,
1301 2195 1445 2228 quorum

103 2268 182 2289 usus
208 2257 239 2289 in
265 2257 344 2289 ficta
367 2266 424 2296 re3
449 2266 524 2288 nam
550 2255 638 2298 apud
666 2255 916 2287 iureconsultos
942 2265 1059 2288 eorum
1086 2259 1169 2296 erat,
1194 2264 1337 2296 qnorum
1362 2262 1444 2286 cau-

102 2334 172 2355 sam
196 2322 251 2363 agi
281 2321 464 2364 fingebant,
491 2320 692 2353 observante
719 2319 999 2360 Bizoucnnusiog
1024 2320 1112 2362 apud
1138 2320 1355 2351 lovennam
1381 2318 1439 2358 lv,

103 2392 157 2421 13.
207 2389 508 2421 WUNDssnmcfflo
545 2390 683 2419 notante
719 2386 925 2428 integritatis
963 2386 1051 2418 sama
1086 2387 1249 2428 insignem
1278 2385 1444 2418 bominem

103 2454 283 2495 significat.
303 2473 351 2480 —-
376 2455 583 2487 coniunx.
635 2452 757 2485 Incidit
784 2452 889 2495 igitur
914 2454 1040 2486 interea
1067 2453 1098 2485 in
1126 2454 1258 2496 puellae
1282 2464 1443 2493 amorem,

105 2521 192 2554 unde
215 2532 395 2565 puerorum
414 2523 520 2555 amori
547 2531 611 2554 non
638 2521 781 2564 amplius
809 2521 973 2553 locus.-—
1002 2521 1040 2554 V.
1059 2523 1103 2553 75
1117 2531 1165 2563 sq.
1194 2522 1442 2561 celebrate,

105 2589 258 2633 probate,
277 2589 392 2631 colite,
418 2589 553 2622 landate
579 2588 789 2631 magistrum,
815 2587 860 2620 ait
882 2587 1209 2628 WannRLicnrus,
1237 2587 1269 2619 li.
1287 2597 1315 2619 e.
1343 2596 1437 2630 prac-

104 2655 212 2698 ‹·‹=plis
242 2655 326 2688 ineis
351 2655 481 2689 utimini
508 2665 615 2699 eaque
646 2656 772 2699 optima
798 2654 941 2696 liabete5
979 2665 1055 2688 nani
1081 2652 1250 2687 celebras-c
1276 2652 1442 2686 hominem
