1721 2953
587 133 829 174 TIBULLI.
1287 151 1385 178 cxm

34 256 245 305 feruntur,
282 259 322 293 et
355 258 548 292 ornatum
579 263 743 301 rerum,
787 250 914 291 oculis
950 264 1072 305 quem
1101 250 1264 303 videas,
1306 267 1378 294 ex·

33 339 215 383 ponunt3
243 329 399 369 Tibulli
423 341 523 368 vero
549 326 853 379 descriptiones,
886 329 1180 379 in-geniosiores
1208 338 1247 370 et
1271 333 1378 371 mul-

33 406 180 457 tiplicis
217 405 399 456 generis,
437 401 619 442 reddunt
646 403 780 443 varias
814 416 900 452 res,
940 406 1077 445 varios
1112 420 1276 456 sensus,
1317 409 1377 447 af-

33 482 181 530 fectus,
213 480 500 531 cogitationes,
529 479 839 529 imaginationes
870 489 1036 531 poetae,
1071 490 1116 521 ut
1146 482 1227 522 fert
1256 497 1378 535 argu-

31 565 214 596 mentum
245 555 485 595 carminum.
551 555 609 595 Ac
641 569 731 595 cum
763 557 993 607 praeclaras
1025 557 1177 598 formas
1211 573 1378 612 compo-

33 616 189 673 sitionis
216 633 261 671 in
288 633 338 672 iis
366 631 518 672 videris
553 645 699 684 supra,
743 630 978 685 Lygdamus
1012 634 1115 673 nihil
1142 635 1380 677 huiusmodi

34 710 156 750 habet
188 708 450 762 exquisitius,
488 707 533 746 in
573 708 862 760 sepulcralium
891 722 991 748 vero
1031 709 1188 748 rituum
1230 710 1380 751 descri-

32 786 173 836 ptione
205 785 326 824 etiam
353 782 525 823 modum
555 784 728 823 excessit
756 792 796 822 et
828 782 879 822 ad
906 785 1130 824 minutiora
1158 784 1381 827 descendit.

33 861 116 899 Alii
151 870 231 900 tres
266 860 347 900 loci
384 862 428 900 in
471 860 721 899 carminibus
759 864 804 909 3,
836 860 882 908 4,
910 863 949 899 5.
982 873 1033 898 ne
1074 867 1171 899 sunt
1210 861 1379 915 quidem

33 935 338 989 descriptiones,
358 935 431 975 sed
451 935 717 988 repetitiones
738 934 857 974 unius
880 936 1103 976 sententiae
1124 935 1173 975 ad
1196 936 1376 978 taedium

36 1016 309 1055 continuatae.
375 1014 459 1054 Ubi
497 1014 642 1065 igitur,
688 1027 843 1066 quaero
880 1015 1051 1064 iterum,
1095 1015 1165 1054 illa
1203 1030 1268 1055 ars
1307 1016 1378 1056 de-

34 1090 301 1142 scriptionum
324 1091 581 1139 Tibulliana,
610 1089 680 1128 illa
708 1089 901 1139 varietas,
930 1089 1023 1128 illae
1055 1092 1378 1144 coniunctioneS,

34 1168 316 1219 oppositiones
351 1166 622 1217 complurium
656 1163 976 1216 descriptiOnum
1013 1164 1227 1216 egregiae?
1298 1167 1380 1208 Sed

35 1241 384 1283 considerabimus
422 1239 599 1292 denique
641 1241 761 1279 etiam
799 1240 1001 1292 reliquam
1039 1243 1379 1293 compositionem

35 1321 186 1358 horum
225 1319 453 1357 carminum
494 1318 684 1370 breviter.
755 1316 826 1355 Est
867 1318 985 1355 etiam
1026 1317 1126 1355 haec
1165 1319 1379 1370 eiusmodi,

33 1402 80 1433 ut
107 1407 311 1446 nusquam
341 1393 600 1430 Tibullianae
630 1399 856 1432 structurae
886 1392 1152 1444 pulchritudo
1187 1408 1380 1447 expressa

33 1469 253 1517 habeatur,
306 1466 651 1520 quemadmodum
695 1467 811 1505 facile
852 1481 1091 1518 cognoscas,
1148 1471 1218 1510 ubi
1259 1479 1296 1510 te
1336 1474 1380 1512 in

33 1544 175 1583 talium
219 1557 359 1582 rerum
402 1543 581 1582 studium
624 1543 910 1581 insinuaveris.
993 1544 1100 1583 Nam
1145 1548 1276 1599 qualis
1321 1557 1381 1588 est

32 1622 137 1660 ratio
163 1619 344 1669 exordii,
373 1621 525 1670 exitus,
554 1620 699 1662 divisio
722 1621 870 1673 reliqui
896 1619 1118 1660 carminis?
1166 1624 1380 1664 Faciamus

34 1712 57 1736 a
90 1706 230 1752 quarta
262 1697 389 1749 elegia
416 1698 595 1736 initium.
659 1699 862 1737 Versatur
893 1698 1149 1750 querimonia
1179 1699 1381 1752 Lygdami

36 1774 204 1811 omnino
240 1773 284 1810 in
319 1786 389 1821 eo,
429 1771 542 1824 quod
570 1772 755 1821 Neaera,
796 1786 903 1824 quae
937 1773 1015 1812 sibi
1051 1787 1202 1825 sponsa
1235 1776 1380 1824 fuerat,

33 1850 159 1888 alium
189 1850 325 1889 virum
358 1848 614 1899 praeferebat
651 1848 769 1900 eique
807 1849 964 1887 nubere
998 1849 1176 1889 volebat.
1242 1852 1379 1905 Atque

34 1927 112 1965 hoc
152 1926 329 1964 carmine
370 1923 578 1963 somnium
615 1924 748 1974 fingit,
794 1923 907 1976 quod
946 1925 1126 1976 primum
1163 1927 1379 1966 certiorem

34 2002 172 2041 fecerit
193 1999 242 2039 de
266 1999 372 2039 tristi
391 2013 457 2051 reb,
486 1999 543 2038 ita
563 2013 664 2039 vero
688 2008 972 2050 argumentum
995 2009 1150 2042 tractat.
1193 2002 1380 2043 Exordio

33 2086 224 2131 precatur
260 2086 307 2116 ut
345 2075 403 2115 dii
434 2077 605 2115 meliora
637 2077 771 2116 ferant
811 2090 886 2116 nec
916 2091 1014 2117 vera
1049 2079 1129 2116 sint
1164 2079 1381 2129 insomnia,

35 2170 138 2209 quae
184 2168 302 2205 aegre
348 2151 475 2192 credit
516 2162 556 2192 et
598 2155 738 2194 inania
782 2153 892 2194 dicit.
979 2155 1065 2193 Iam
1109 2158 1295 2208 sequitur
1338 2158 1379 2195 in

0 2227 1 2268 ξ
35 2232 169 2272 medio
203 2231 381 2271 carmine
419 2231 600 2269 narratio
632 2231 779 2270 somnii
815 2233 955 2284 ipsius.
1025 2232 1096 2271 Est
1126 2233 1276 2284 Apollo
1309 2212 1380 2286 pd—

34 2316 180 2347 tronus
210 2315 443 2358 poetarum,
477 2307 548 2358 qui
578 2308 780 2358 apparuit.
836 2307 970 2347 Huius
1004 2308 1182 2359 priiuum
1216 2310 1378 2350 habitus

35 2382 279 2423 describitur
307 2381 444 2420 multis
475 2383 629 2431 verbis,
662 2390 750 2420 tum
781 2383 955 2435 loquens
988 2382 1087 2423 deus
1120 2387 1281 2425 nuntiat
1313 2389 1381 2427 alii

36 2462 190 2499 nubere
228 2461 330 2499 velle
367 2459 592 2507 Neaeram,
647 2461 850 2498 consolari
890 2469 1027 2500 tamen
1068 2463 1189 2501 simul
1233 2465 1380 2511 studet,

35 2550 127 2576 cum
158 2536 265 2577 flecti
297 2538 454 2590 possint
490 2539 649 2589 puellae
686 2537 846 2577 blandis
877 2540 1013 2578 verbis
1047 2548 1085 2578 et
1119 2541 1284 2579 servitio
1316 2556 1379 2580 se-

35 2610 152 2661 dulo,
183 2611 343 2666 dicique
372 2613 635 2653 it1bet2etia111
658 2613 844 2653 Neaerae
875 2624 917 2654 ut
948 2616 1113 2656 absIStat
1143 2632 1165 2656 a
1195 2618 1378 2665 consilio,

974 2694 1001 2732 h
