1721 2953
252 168 347 193 mvi
794 153 868 192 DE
900 152 1058 196 POESI

252 273 414 311 Etenim
453 272 576 311 habet
614 270 678 308 hic
721 284 836 311 amor
872 286 946 324 per
987 273 1124 313 omnia
1164 281 1350 326 tempora
1387 288 1460 314 sua
1501 288 1598 327 pro-

252 347 383 399 priam
418 345 623 400 quandam
659 346 947 386 sublimitatem
977 348 1168 399 religioso
1201 362 1343 399 sensu,
1374 352 1446 404 qui
1475 352 1518 389 in
1551 363 1598 389 eo

250 432 403 475 regnat.
474 422 651 463 Videtur
688 430 834 475 poetae
879 437 1041 463 sacrum
1084 424 1231 465 foedus
1271 426 1314 464 in
1353 434 1600 479 perpetuum

249 503 454 549 iunctum,
498 499 611 553 quod
648 500 738 553 ipsa
767 502 911 541 Venus
943 510 981 541 ct
1012 500 1174 554 Cupido
1205 510 1396 552 tuentur,
1441 511 1478 542 et
1513 517 1600 542 sae·

250 577 366 617 viunt
395 575 452 615 dii
481 584 632 616 temere
664 577 808 616 relicti.
877 576 1015 626 Quare
1047 592 1139 618 cum
1169 587 1399 630 aegrotaret
1424 579 1467 617 in
1498 578 1600 618 Cor-

250 668 368 706 cyra,
409 666 492 706 quo
533 651 677 693 dolore
718 661 881 694 accusat
919 667 961 694 se
1002 652 1116 707 quod
1150 655 1282 697 invito
1316 654 1393 694 deo
1422 655 1600 707 puellam

248 731 484 785 reliquerit:

366 818 527 858 Audeat
560 818 689 859 invito
722 833 772 858 ne
804 819 895 873 quis
927 819 1136 861 discedere
1167 821 1330 870 Amore,

420 895 504 933 Aut
533 894 630 934 sciat
662 908 868 946 egressum
900 909 943 935 se
972 897 1218 949 prohibente
1251 895 1341 936 deo.

251 987 447 1028 Similiter
493 989 657 1028 Deliam
703 1003 822 1042 saepe
873 991 1063 1030 hortatur
1110 998 1154 1029 ut
1207 997 1316 1030 casta
1361 990 1412 1028 sit
1456 989 1603 1029 sancti-

252 1077 332 1116 que
363 1063 534 1116 pudoris
565 1077 745 1112 memor,
789 1078 839 1103 ne
871 1062 1046 1104 deorum
1071 1065 1173 1103 iram
1203 1066 1397 1105 incurrat.
1468 1066 1602 1117 Atque

251 1141 373 1180 eliam
402 1155 493 1179 cum
524 1141 662 1181 virum
692 1141 885 1189 haberet,
927 1139 1024 1178 dum
1054 1140 1123 1179 ille
1155 1140 1338 1179 coniunx
1368 1148 1447 1188 est,
1483 1147 1605 1192 poeta

251 1224 409 1256 amator
440 1224 478 1254 et
508 1223 664 1254 amatus
697 1216 786 1256 vult
823 1214 969 1254 unicus
1001 1223 1040 1254 et
1070 1228 1192 1255 verus
1234 1229 1342 1266 esse,
1383 1224 1421 1255 et
1449 1229 1603 1268 poenas

252 1293 444 1332 coelestes
485 1291 702 1331 denuntiat
740 1293 1067 1345 corruptoribus.
1126 1293 1315 1333 Profecto
1354 1307 1439 1332 non
1479 1291 1603 1332 laudo

253 1381 325 1418 ego
355 1366 469 1421 quod
498 1369 691 1407 maritum
723 1367 952 1421 decipiebat
982 1368 1196 1419 Tibullus,
1226 1368 1298 1408 sed
1328 1370 1405 1409 hoc
1433 1371 1525 1408 loco
1553 1368 1603 1407 de

250 1453 396 1496 poetae
427 1443 624 1483 sententia
655 1446 880 1497 quaeritur.
941 1446 1041 1496 Hic,
1072 1445 1169 1486 Non
1201 1460 1273 1498 ego
1306 1455 1345 1485 te
1374 1448 1475 1485 laesi
1503 1461 1604 1499 pru-

253 1511 461 1571 densjait,
490 1521 651 1572 ignosce
682 1522 839 1562 fatenti.
898 1524 1019 1562 Iussit
1048 1524 1200 1575 Amor3
1244 1533 1388 1563 contra
1423 1524 1514 1577 quis
1545 1525 1604 1563 fe-

252 1609 315 1639 rat
346 1614 458 1639 arma
489 1596 617 1639 deos?
676 1599 836 1652 Nempe
868 1601 1052 1640 coniunx
1081 1601 1172 1640 iure
1205 1601 1313 1641 civili
1344 1610 1431 1640 erat
1460 1603 1603 1641 Deliae

251 1678 435 1724 iunctus,
466 1688 507 1714 se
539 1675 706 1715 coelesti
733 1676 826 1726 igne
859 1675 1052 1715 credebat
1080 1685 1233 1715 tactum
1266 1685 1303 1715 et
1333 1677 1514 1729 puellam
1545 1675 1606 1714 di—

252 1753 348 1790 vina
372 1752 458 1802 lege
490 1765 619 1790 suam.
677 1748 815 1798 Quare
846 1752 1078 1790 abstineant
1108 1752 1177 1790 alii
1205 1765 1348 1791 omnes
1376 1750 1548 1790 rivales:

362 1839 519 1877 Parcite
556 1852 681 1891 quam
707 1837 885 1878 custodit
911 1841 1042 1879 Amor
1074 1839 1228 1879 violare
1261 1841 1451 1892 puellam,

422 1913 486 1953 Ne
516 1915 697 1965 pigeatm
733 1928 837 1965 agno
869 1923 964 1966 post
997 1914 1183 1955 didicisse
1214 1919 1336 1956 malo.

254 2000 382 2040 Nefas
414 2008 579 2052 tangere
608 2003 789 2053 puellam
819 2017 842 2042 a
876 2001 952 2041 diis
984 2001 1143 2052 datam,
1174 2003 1288 2042 nefas
1318 2003 1438 2042 etiam
1468 2015 1607 2040 aman-

256 2085 337 2114 tem
367 2074 528 2115 laedere
559 2076 612 2115 in·
632 2078 759 2116 tutela
789 2077 966 2116 Veneris
999 2086 1187 2118 euntem:

371 2162 567 2217 Quisquis
598 2179 737 2206 amore
772 2174 948 2217 tenetur,
980 2174 1044 2206 eat
1072 2174 1269 2219 tutusque
1299 2179 1495 2219 sacerque

430 2239 644 2290 Qualibet:
677 2242 848 2283 insidias
880 2257 964 2283 non
994 2243 1176 2284 timuisse
1206 2242 1333 2283 decet.

257 2328 391 2381 Atque
423 2329 502 2370 hoc
533 2343 655 2370 sensu
689 2344 732 2370 se
771 2332 878 2371 tollit
919 2333 1039 2372 altius
1076 2340 1221 2385 poetae
1265 2331 1431 2384 spiritus
1468 2330 1511 2369 in
1552 2337 1612 2368 vtot

256 2406 378 2444 locis:
438 2414 556 2445 vocat
598 2408 772 2459 magiam
811 2409 855 2448 in
893 2408 1143 2459 subsidium,
1190 2408 1275 2447 adit
1311 2407 1508 2447 Bellonae
1545 2418 1608 2443 sa-

260 2479 486 2530 cerdotem,
531 2482 725 2534 implorat
763 2485 868 2524 iram
899 2484 1071 2525 deorum
1103 2483 1298 2527 adversus
1336 2483 1471 2521 lenam
1515 2494 1606 2520 cor-

260 2558 505 2609 ruptricmn3
547 2573 640 2598 nam
671 2569 768 2600 sunt
799 2563 969 2602 numina
999 2563 1163 2602 amanti.
1231 2559 1479 2603 Observabis
1510 2572 1610 2599 vero

264 2634 381 2673 ctiam
412 2634 575 2673 Deliam
605 2635 805 2686 religiosis
843 2637 1029 2678 sensibus
1069 2637 1247 2678 deditam
1278 2638 1415 2677 fuisse.
1476 2637 1609 2687 Atque
