1721 2953
506 143 649 186 LIBR.
681 145 732 184 11.
790 143 948 184 ELIQG.
980 146 1008 184 Ι.
1338 149 1419 185 215

72 260 216 295 disticho
241 258 284 294 ad
308 258 373 293 hoc
397 258 504 292 munit
528 256 727 301 interposita
753 257 939 289 sententia:
979 259 1103 290 casta
1140 256 1327 299 placent
1352 266 1415 288 su-

71 329 218 372 peris,
243 328 286 360 de
311 336 378 369 quo
403 324 547 359 artificio
571 323 674 357 modo
699 323 825 356 monui.

165 394 207 427 V.
231 394 370 426 15-86.
419 389 617 424 Medium
652 397 841 421 carmen.
892 386 981 420 Res
1016 386 1167 421 divina
1200 387 1310 431 ipsa.
1369 389 1418 420 Ac

71 459 213 504 primum
238 456 374 500 quidem
400 454 652 489 immolatio
679 457 719 487 et
747 462 905 497 preces
932 456 1119 486 tractantur
1141 464 1160 486 a
1187 463 1216 486 v.
1239 453 1375 485 15-26.

162 525 206 559 V.
233 527 276 558 15
301 535 353 567 sq.
402 522 612 564 cernite,
646 525 692 554 ut
726 523 800 553 eat
836 529 977 562 agnus
1002 520 1052 552 ad
1078 530 1200 561 aras,
1238 522 1416 564 postquam

71 596 124 627 ter
148 592 400 626 circumductus
426 594 501 625 erat
525 589 637 633 agris,
673 586 766 631 quod
791 596 878 619 nunc
903 587 1065 630 praeterit
1096 591 1209 630 poeta.
1259 585 1419 619 Duceba-

69 663 125 693 tur
147 663 262 693 autem
288 660 365 693 laxo
391 658 481 701 fune,
506 661 546 691 ut
571 659 694 701 sponte
718 655 770 688 ire
794 653 966 688 videretur
991 663 1054 686 nec
1079 653 1262 686 reluctans.
1311 651 1418 685 Cete-

68 738 143 761 rum
177 738 302 771 agnum
335 728 456 769 offert,
493 735 560 760 non
593 725 755 765 vitulum,
788 732 851 767 pro
885 721 986 755 modo
1021 724 1201 765 praesente
1225 720 1330 763 agelli
1354 719 1418 762 sui,

69 795 137 828 vid.
161 795 189 837 I,
220 798 252 838 1,
278 797 335 828 22.
384 794 486 827 Arae
511 796 707 826 exstructae
734 792 768 824 in
793 790 907 833 agris,
948 789 1170 823 immolationi
1195 798 1277 822 vero
1303 786 1417 821 addita

68 861 187 894 libatio
213 861 276 895 fuit
308 862 343 894 in
378 861 493 903 ignem
519 870 563 893 ex
588 859 697 900 lacte,
734 859 857 900 melle,
892 857 995 899 vino,
1029 856 1072 890 cf.
1099 857 1209 890 Vme.
1234 857 1364 898 Georg.
1390 854 1420 896 1,

66 928 211 961 344.—
235 927 496 969 Vinctaque
521 930 622 970 post
647 927 750 959 olea
775 924 964 959 candida
992 924 1123 957 turba
1146 931 1301 956 comas.
1351 923 1417 956 Se-

68 996 218 1034 quuntur
241 1003 367 1036 agnum
391 994 592 1026 comitantes
615 996 771 1035 agrestes
798 990 942 1025 candida
965 993 1061 1024 veste
1086 993 1121 1023 et
1145 988 1230 1022 oleis
1254 987 1416 1023 coronati.

66 1060 178 1095 VIRG.
203 1062 334 1102 Georg.
359 1059 386 1101 I,
411 1062 503 1094 345:
536 1065 658 1106 terque
691 1070 801 1092 novas
837 1057 966 1091 circum
982 1056 1082 1103 felix
1107 1061 1168 1088 eat
1192 1054 1310 1088 hostia
1327 1053 1417 1100 frag-

65 1136 140 1169 ges,
163 1124 273 1157 omnis
298 1136 404 1170 quam
429 1124 557 1157 chorus
582 1129 618 1155 el·
643 1123 728 1156 socii
752 1122 963 1155 comitentur
985 1127 1200 1154 ovantes.—
1226 1120 1269 1154 V.
1286 1122 1329 1153 17
1344 1129 1417 1162 sqq.

68 1190 142 1223 Dii
177 1191 327 1234 patrii.
389 1191 532 1223 Praeter
558 1189 718 1222 Cererem
745 1192 778 1221 et
803 1187 976 1221 Bacchum
1002 1197 1079 1220 cum
1104 1187 1207 1220 etiam
1239 1185 1297 1218 alii
1321 1185 1420 1218 multi

69 1257 115 1289 dii
140 1261 272 1290 tutores
303 1257 432 1301 praedii
463 1256 563 1289 simul
588 1255 798 1288 honorentur
832 1252 896 1288 hoc
922 1254 1031 1296 festo,
1068 1264 1136 1287 uno
1161 1252 1266 1286 verbo
1289 1251 1417 1296 patrios

69 1323 154 1357 deos
189 1324 378 1366 generatim
417 1323 569 1366 appellat
601 1322 782 1362 TibulluS,
821 1331 908 1363 quos
946 1321 1012 1353 iam
1049 1320 1195 1352 maiores
1230 1319 1419 1358 coluerunt,

66 1389 196 1432 praedii
221 1387 319 1421 huius
345 1397 573 1431 possessores.
622 1386 661 1419 In
688 1395 753 1428 qua
780 1384 1010 1428 appellatione
1039 1383 1104 1418 hoc
1128 1386 1239 1426 inest,
1274 1388 1314 1418 ut
1339 1394 1418 1427 per-

67 1459 150 1498 gant
187 1454 368 1499 nepotibus
404 1455 518 1487 favere
558 1452 845 1496 quemadmodum
883 1452 1047 1495 patribus.
1083 1467 1130 1476 —
1177 1457 1419 1495 purgamus.v

66 1525 304 1564 agrestes,
325 1522 383 1564 qui
408 1520 459 1554 his
484 1521 697 1554 caerimoniis
722 1520 821 1553 simul
848 1520 1044 1553 lustrantur.
1092 1518 1195 1551 Fiunt
1220 1517 1307 1550 enim
1334 1516 1419 1549 haec

65 1599 163 1621 sacra
188 1591 222 1621 et
244 1598 365 1632 preces
389 1587 487 1620 simul
514 1598 576 1631 pro
601 1586 721 1620 horum
740 1587 861 1627 salute,
886 1585 930 1619 cf.
949 1583 1309 1618 Introductionem.—-
1333 1583 1419 1616 Mox

66 1664 164 1687 usum
182 1654 362 1686 verborum
379 1665 399 1696 p
413 1654 451 1686 el
465 1653 559 1685 lere
577 1655 613 1684 et
632 1649 798 1694 depellere
818 1660 869 1693 pr.
892 1659 1115 1682 averruncare
1134 1649 1283 1681 illustrat
1300 1658 1419 1681 exem-

66 1720 131 1763 plis
157 1719 389 1759 Hmcnxms,
423 1722 462 1751 ut
486 1718 609 1750 Horat.
634 1716 745 1760 Epist.
769 1716 814 1758 ΙΙ,
842 1718 874 1758 1,
900 1717 980 1748 166.
1020 1716 1127 1748 Ovm.
1154 1715 1227 1748 Art.
1253 1714 1328 1747 Am.
1354 1714 1417 1755 ΙΙΙ,

66 1790 151 1819 379.
176 1805 221 1810 -
258 1784 421 1818 herbae
446 1788 526 1817 sunt
549 1784 670 1818 calami
695 1783 864 1825 virentes,
891 1782 995 1826 spicis
1018 1780 1128 1815 adhuc
1151 1782 1186 1815 in
1211 1781 1341 1823 vaginis
1368 1782 1419 1814 la*

67 1853 238 1894 tentibus,
277 1856 432 1895 tempore
463 1850 579 1891 veris3
628 1849 843 1890 fallaces,
878 1848 908 1880 si
939 1847 1142 1891 promittunt
1172 1848 1302 1890 largam
1327 1856 1418 1881 mes--

68 1929 161 1961 sem,
201 1919 262 1952 sed
297 1918 519 1951 mentiuntur.
542 1934 589 1940 -
621 1913 786 1950 eludat
823 1924 1033 1957 messem,
1070 1914 1239 1957 exquisite
1277 1914 1416 1948 dictum.

68 1986 155 2019 Cum
191 1986 280 2019 enim
315 1985 419 2027 vulgo
456 1981 652 2027 agricolae,
689 1981 804 2015 coloni
836 1991 898 2015 seu
932 1990 1012 2024 spes
1041 1984 1077 2013 et
1108 1983 1189 2014 vota
1221 1981 1417 2014 colonorum

68 2053 301 2096 decipiantur,
326 2051 405 2084 vide
428 2050 457 2083 si
481 2049 567 2082 tanti
594 2051 666 2090 est,
701 2049 810 2082 Vmc..
842 2047 974 2089 Georg.
1000 2046 1028 2086 Ι,
1054 2048 1136 2080 226.
1172 2047 1280 2081 Ovrn.
1306 2046 1415 2090 Epist.

68 2129 112 2152 ex
135 2119 248 2152 Ponto
273 2118 317 2159 Il,
343 2120 375 2159 9,
398 2120 456 2151 29.
492 2117 586 2150 Fast.
608 2115 670 2158 IV,
695 2118 798 2157 643„
828 2113 892 2148 hoc
916 2115 992 2147 loco
1017 2113 1138 2147 messis
1164 2113 1255 2146 eludi
1281 2113 1417 2155 dicitur,

68 2196 155 2229 quae
179 2186 344 2230 promissa
369 2194 434 2217 non
460 2183 623 2217 redditur.
642 2201 689 2208 -
713 2182 809 2216 Neu
834 2183 993 2233 timeat
1018 2191 1132 2225 agna
1157 2182 1311 2225 lupos,
1338 2191 1414 2215 nam

69 2254 171 2286 etiam
216 2262 278 2296 pro
322 2261 448 2295 pecore
484 2251 522 2284 fit
555 2251 732 2292 lustratio,
772 2249 816 2284 cf.
848 2249 876 2291 I,
913 2251 946 2290 1,
975 2250 1034 2282 21.
1088 2247 1270 2281 tardior
1302 2251 1415 2281 autem

67 2318 367 2351 wan-namneum
393 2320 553 2350 monente
578 2320 629 2350 est
654 2315 855 2350 imbecillior
879 2313 1023 2356 ceteris,
1048 2324 1137 2357 quae
1161 2324 1228 2347 non
1253 2315 1415 2358 aequipa-

69 2386 122 2416 rat
145 2387 277 2416 ceteras
300 2381 487 2416 celeritate.
506 2400 549 2407 -—
573 2382 616 2416 V.
640 2384 685 2414 21
703 2391 776 2424 sqq.
826 2380 953 2421 Tum,
975 2380 1004 2413 si
1030 2389 1175 2414 messem
1201 2391 1268 2414 non
1298 2382 1412 2414 eluse«

70 2447 113 2479 rit
137 2457 256 2490 segeS,
281 2448 376 2481 novis
401 2447 584 2481 honoribus
610 2458 671 2481 vos
696 2448 819 2481 iterum
843 2446 1062 2480 ornabimus..
1110 2446 1276 2489 Intelligit
1300 2451 1413 2480 autem

70 2512 219 2545 Vossms
241 2513 391 2547 solennia
417 2513 644 2546 auctumnalia
669 2522 777 2547 mens,
797 2512 939 2546 Octobr.
969 2516 1029 2545 aut
1051 2510 1144 2546 Nor.
1170 2512 1301 2556 (neque
1327 2514 1414 2546 enim

69 2577 242 2611 definitum
268 2581 402 2623 tempus
436 2579 529 2622 erat)
566 2589 677 2612 messe
712 2577 947 2622 vindemiaque
980 2583 1117 2623 peracta
1154 2580 1319 2613 celebrari
1355 2590 1415 2623 per

69 2643 200 2678 ltaliam
225 2645 346 2687 solita,
380 2657 456 2681 cum
481 2646 618 2683 Baccho
644 2657 766 2692 caper,
791 2645 908 2682 Cereri
933 2655 990 2680 sus
1014 2647 1067 2681 vel
1093 2657 1195 2692 porca
1220 2646 1416 2682 immolare-
