1721 2953
663 126 903 168 TIBULLl.
1382 140 1449 166 xm

104 251 358 296 mortemque
387 251 713 295 praematuram,
742 241 923 283 habendi
959 242 1176 297 cupiditate
1208 243 1451 287 arcessitam,

106 327 144 357 et
186 319 416 358 felicitatem
459 320 632 359 rusticae
672 319 780 359 vitae
820 320 862 358 in
905 334 1004 372 pace
1047 321 1179 368 actae2
1225 319 1451 371 nititurque

105 401 187 432 tota
221 394 337 432 istius
370 395 520 445 elegiae
559 396 620 436 vis
656 396 731 435 hac
762 396 1036 448 oppositione.
1103 395 1261 434 Similia
1290 394 1333 432 in
1364 393 1452 432 aliis

103 468 363 520 sequentium
389 471 608 521 elegiarum
639 469 791 511 videas.
848 470 955 510 Nam
979 485 1101 511 carm.
1123 473 1154 521 Ι,
1180 475 1217 511 1.
1244 484 1335 510 cum
1362 470 1453 508 nol-

102 543 158 582 let
186 544 405 583 Messalam
433 546 477 584 in
506 547 660 586 bellum
688 546 899 586 Actiacum
932 548 1137 598 comitari,
1177 548 1234 587 sic
1270 545 1452 587 orditur:

218 620 392 660 Divitias
423 622 526 661 alius
554 623 669 663 fulvo
701 622 780 661 sibi
813 632 1004 674 congerat
1034 637 1147 673 auro,

274 698 327 736 Et
355 706 493 738 teneat
522 700 620 738 culti
648 700 790 751 iugera
819 702 948 740 multa
976 701 1065 749 soli,

217 771 352 822 Quem
380 777 499 815 labor
529 775 715 816 assiduus
745 777 880 818 vicino
911 785 1061 816 terreat
1091 777 1220 825 hoste,

272 851 424 891 Martia
453 853 517 892 cui
550 867 717 894 somnos
748 855 913 894 classica
942 855 1062 907 pulsa
1094 855 1259 905 sugent:

215 929 285 967 Me
315 942 406 968 mea
434 940 655 983 paupertas
683 933 790 974 vitae
820 932 1006 972 traducat
1033 932 1169 981 inerti,

270 1006 387 1045 Dum
416 1020 530 1046 meus
561 1008 723 1048 assiduo
754 1010 889 1049 luceat
917 1009 1009 1060 igne
1040 1010 1171 1047 focus.

106 1081 161 1119 Ac
202 1090 391 1121 versatur
431 1083 553 1122 etiam
589 1083 666 1123 ista
706 1085 833 1136 elegia
870 1098 1001 1138 usque
1043 1082 1095 1122 ad
1132 1084 1256 1122 finem
1292 1082 1335 1120 in
1378 1081 1453 1119 hac

105 1156 364 1207 oppositione
392 1157 648 1198 illustranda.
707 1159 870 1198 Deinde
900 1173 992 1198 cum
1024 1159 1068 1197 in
1098 1158 1281 1211 Corcyra
1314 1170 1455 1208 aegro-

105 1241 226 1282 taret,
268 1234 346 1273 alio
377 1234 501 1274 modo
532 1236 727 1287 significat
754 1235 861 1276 idem
890 1237 921 1285 Ι,
953 1240 1003 1284 3.,
1034 1249 1204 1274 aureum
1233 1225 1454 1282 saeculum,

104 1308 176 1346 ubi
215 1322 301 1348 non
342 1310 495 1348 bellum
536 1324 610 1348 nec
650 1309 831 1348 habendi
871 1308 1071 1361 cupiditas
1113 1317 1220 1357 erat,
1269 1306 1454 1355 laudans,

104 1381 202 1420 dum
235 1384 313 1422 sibi
346 1382 524 1423 reditum
563 1384 612 1423 ad
651 1384 805 1438 patrios
840 1384 970 1424 Lares
1008 1393 1214 1437 precatur.
1279 1385 1331 1422 Et
1364 1384 1454 1422 iure

103 1458 269 1512 quidem
299 1460 400 1499 haec
430 1463 581 1500 omnia.
640 1460 773 1510 Quam
804 1462 921 1501 iuvat
951 1461 1063 1501 domi
1097 1462 1141 1500 in
1170 1462 1385 1501 securitate
1417 1468 1456 1499 et

104 1537 187 1575 otio
217 1537 355 1577 vivere
382 1539 610 1591 composito
639 1540 794 1578 laetum
823 1553 982 1589 acervo,
1012 1540 1085 1578 ubi
1103 1540 1192 1578 Pax
1218 1553 1314 1579 arva
1338 1534 1455 1578 colit!

670 1617 759 1655 Pax
791 1614 963 1654 candida
991 1615 1171 1668 primum

273 1690 408 1728 Duxit
437 1698 623 1730 araturos
655 1694 731 1731 sub
765 1692 859 1743 iuga
887 1691 1024 1745 panda
1058 1695 1197 1742 boves,

217 1764 307 1802 Pax
337 1765 437 1803 aluit
467 1766 568 1804 vites
600 1774 640 1803 et
667 1780 810 1805 succos
845 1766 1025 1805 condidit
1056 1781 1173 1814 uvae,

272 1839 482 1880 Funderet
515 1849 560 1880 ut
588 1850 685 1881 nato
717 1851 818 1881 testa
849 1851 1022 1894 paterna
1051 1857 1233 1882 merum:

215 1918 318 1957 Pace
346 1917 491 1956 bidens
521 1932 746 1972 vomerque
774 1920 929 1971 vigent,
960 1929 999 1961 at
1029 1919 1160 1960 tristia
1191 1920 1284 1962 duri

271 1995 416 2033 Militis
444 1995 487 2033 in
519 1997 697 2034 tenebris
732 2005 905 2048 occupat
938 2011 1051 2036 arma
1081 1998 1194 2046 situs,

215 2070 406 2109 Rusticus
439 2084 458 2108 e
490 2071 668 2124 lucoque
699 2072 821 2121 vehit,
849 2073 955 2111 male
984 2074 1147 2113 sobrius
1178 2074 1278 2126 ipse⁷

271 2146 460 2185 Uxorem
488 2147 673 2198 plaustro
704 2149 1024 2201 progeniemque
1056 2147 1239 2188 domum.

110 2222 299 2275 Denique
346 2222 442 2262 hinc
490 2231 550 2262 est
597 2223 711 2277 quod
748 2225 871 2264 Musa
910 2225 1066 2264 Tibulli
1114 2225 1235 2264 etiam
1278 2224 1320 2263 in
1369 2226 1454 2264 bel-

105 2300 182 2338 lico
216 2308 255 2339 et
286 2300 455 2352 politico
493 2311 733 2352 argumento
773 2302 823 2342 ad
856 2303 1010 2342 ruralia
1048 2310 1086 2341 et
1118 2311 1358 2354 pacatarum
1387 2317 1454 2342 re·

105 2389 198 2414 rum
230 2375 522 2429 descriptiones
535 2379 718 2426 ,transit7
748 2385 795 2416 ut
823 2379 922 2428 eleg.
949 2379 979 2426 Ι,
1012 2383 1048 2416 7.
1083 2386 1122 2416 et
1151 2379 1200 2428 ΙΙ,
1232 2382 1270 2418 5.
1302 2379 1455 2417 sactum

107 2453 356 2492 suavissime.
422 2452 528 2493 Satis
566 2452 615 2492 de
654 2454 731 2494 his.
793 2454 844 2494 Et
884 2469 992 2493 nunc
1034 2453 1212 2494 diximus
1252 2463 1450 2508 quantum

108 2539 210 2577 opus
248 2526 297 2565 de
330 2527 481 2566 rustica
510 2542 650 2568 rerum
681 2539 796 2582 parte
837 2530 946 2582 apud
981 2529 1208 2570 Tibullum.
1276 2531 1342 2570 Es!
1369 2535 1454 2568 sim-

105 2602 247 2651 plm'tas
267 2616 387 2642 aurea
412 2611 444 2642 et
467 2606 593 2644 hilaris
615 2608 861 2658 tranquillitas
885 2610 977 2646 oilae
1001 2610 1171 2656 rusticae,
1206 2622 1276 2659 quo
1304 2608 1453 2645 redeam*
