<?xml version="1.0" encoding="UTF-8"?>
<!DOCTYPE html PUBLIC "-//W3C//DTD XHTML 1.0 Transitional//EN"
    "http://www.w3.org/TR/xhtml1/DTD/xhtml1-transitional.dtd">
<html xmlns="http://www.w3.org/1999/xhtml" xml:lang="en" lang="en">
 <head>
  <title>
</title>
<meta http-equiv="Content-Type" content="text/html;charset=utf-8" />
  <meta name='ocr-system' content='tesseract 3.04.00' />
  <meta name='ocr-capabilities' content='ocr_page ocr_carea ocr_par ocr_line ocrx_word'/>
</head>
<body>
  <div class='ocr_page' id='page_1' title='image "./carminaexrecensi00tibuuoft_0595.png"; bbox 0 0 1721 2953; ppageno 0'>
   <div class='ocr_carea' id='block_1_1' title="bbox 546 127 1466 170">
    <p class='ocr_par' dir='ltr' id='par_1_1' title="bbox 546 127 1466 170">
     <span class='ocr_line' id='line_1_1' title="bbox 546 127 1466 170; baseline -0.002 0"><span class='ocrx_word' id='word_1_1' title='bbox 546 128 690 170; x_wconf 87' lang='lat' dir='ltr'>LIBR.</span> <span class='ocrx_word' id='word_1_2' title='bbox 719 128 773 168; x_wconf 93' lang='grc' dir='ltr'><strong>ΙΙ.</strong></span> <span class='ocrx_word' id='word_1_3' title='bbox 832 127 991 169; x_wconf 86' lang='lat' dir='ltr'><strong>ELEG.</strong></span> <span class='ocrx_word' id='word_1_4' title='bbox 1022 129 1075 170; x_wconf 88' lang='lat' dir='ltr'><strong>V.</strong></span> <span class='ocrx_word' id='word_1_5' title='bbox 1386 133 1466 168; x_wconf 66' lang='lat'><strong>209</strong></span> 
     </span>
    </p>
   </div>
   <div class='ocr_carea' id='block_1_2' title="bbox 107 242 1471 2671">
    <p class='ocr_par' dir='ltr' id='par_1_2' title="bbox 107 242 1471 2671">
     <span class='ocr_line' id='line_1_2' title="bbox 121 242 1469 290; baseline -0.004 -8"><span class='ocrx_word' id='word_1_6' title='bbox 121 248 205 282; x_wconf 82' lang='lat' dir='ltr'><strong>haec</strong></span> <span class='ocrx_word' id='word_1_7' title='bbox 229 247 340 290; x_wconf 85' lang='lat' dir='ltr'><strong>elegia</strong></span> <span class='ocrx_word' id='word_1_8' title='bbox 364 246 569 280; x_wconf 80' lang='lat' dir='ltr'><strong>scriberetur</strong></span> <span class='ocrx_word' id='word_1_9' title='bbox 594 244 675 278; x_wconf 88' lang='lat' dir='ltr'><strong>circ.</strong></span> <span class='ocrx_word' id='word_1_10' title='bbox 701 253 780 277; x_wconf 85' lang='lat' dir='ltr'><strong>ann.</strong></span> <span class='ocrx_word' id='word_1_11' title='bbox 804 245 906 283; x_wconf 59' lang='lat'><strong>733„</strong></span> <span class='ocrx_word' id='word_1_12' title='bbox 932 243 1112 277; x_wconf 84' lang='lat' dir='ltr'>duodecim</span> <span class='ocrx_word' id='word_1_13' title='bbox 1136 242 1253 277; x_wconf 88' lang='lat' dir='ltr'><strong>habuit</strong></span> <span class='ocrx_word' id='word_1_14' title='bbox 1277 254 1403 286; x_wconf 81' lang='lat' dir='ltr'><strong>annos,</strong></span> <span class='ocrx_word' id='word_1_15' title='bbox 1432 249 1469 277; x_wconf 89' lang='lat' dir='ltr'><strong>ut</strong></span> 
     </span>
     <span class='ocr_line' id='line_1_3' title="bbox 120 310 1469 356; baseline -0.002 -8"><span class='ocrx_word' id='word_1_16' title='bbox 120 325 209 348; x_wconf 88' lang='lat' dir='ltr'><strong>nunc</strong></span> <span class='ocrx_word' id='word_1_17' title='bbox 234 314 379 355; x_wconf 83' lang='lat' dir='ltr'><strong>intelligi</strong></span> <span class='ocrx_word' id='word_1_18' title='bbox 413 313 550 345; x_wconf 87' lang='lat' dir='ltr'><strong>omnino</strong></span> <span class='ocrx_word' id='word_1_19' title='bbox 585 320 652 343; x_wconf 92' lang='lat' dir='ltr'><strong>non</strong></span> <span class='ocrx_word' id='word_1_20' title='bbox 688 310 807 354; x_wconf 84' lang='lat' dir='ltr'><strong>possit.</strong></span> <span class='ocrx_word' id='word_1_21' title='bbox 858 312 970 352; x_wconf 82' lang='lat' dir='ltr'><strong>Atque</strong></span> <span class='ocrx_word' id='word_1_22' title='bbox 995 310 1079 344; x_wconf 84' lang='lat' dir='ltr'><strong>haec</strong></span> <span class='ocrx_word' id='word_1_23' title='bbox 1104 310 1239 354; x_wconf 91' lang='lat' dir='ltr'><strong>quidem</strong></span> <span class='ocrx_word' id='word_1_24' title='bbox 1265 311 1309 344; x_wconf 91' lang='lat' dir='ltr'><strong>de</strong></span> <span class='ocrx_word' id='word_1_25' title='bbox 1333 315 1469 356; x_wconf 76' lang='lat' dir='ltr'><strong>tempo-</strong></span> 
     </span>
     <span class='ocr_line' id='line_1_4' title="bbox 120 377 1470 422; baseline -0.004 -6"><span class='ocrx_word' id='word_1_26' title='bbox 120 383 225 416; x_wconf 84' lang='lat' dir='ltr'><strong>ribus.</strong></span> <span class='ocrx_word' id='word_1_27' title='bbox 275 383 417 415; x_wconf 89' lang='lat' dir='ltr'><strong>Sacrum</strong></span> <span class='ocrx_word' id='word_1_28' title='bbox 446 378 715 420; x_wconf 85' lang='lat' dir='ltr'><strong>inaugurationis</strong></span> <span class='ocrx_word' id='word_1_29' title='bbox 742 378 782 411; x_wconf 88' lang='lat' dir='ltr'><strong>fit</strong></span> <span class='ocrx_word' id='word_1_30' title='bbox 812 377 845 410; x_wconf 89' lang='lat' dir='ltr'><strong>in</strong></span> <span class='ocrx_word' id='word_1_31' title='bbox 872 378 999 421; x_wconf 90' lang='lat' dir='ltr'><strong>templo</strong></span> <span class='ocrx_word' id='word_1_32' title='bbox 1024 378 1189 422; x_wconf 85' lang='lat' dir='ltr'><strong>Apollinis</strong></span> <span class='ocrx_word' id='word_1_33' title='bbox 1214 379 1379 421; x_wconf 82' lang='lat' dir='ltr'><strong>Palatini,</strong></span> <span class='ocrx_word' id='word_1_34' title='bbox 1413 379 1470 411; x_wconf 91' lang='lat' dir='ltr'><strong>ubi</strong></span> 
     </span>
     <span class='ocr_line' id='line_1_5' title="bbox 121 445 1470 494; baseline -0.002 -11"><span class='ocrx_word' id='word_1_35' title='bbox 121 449 296 494; x_wconf 81' lang='lat' dir='ltr'><strong>probabile</strong></span> <span class='ocrx_word' id='word_1_36' title='bbox 325 452 397 489; x_wconf 86' lang='lat' dir='ltr'><strong>est,</strong></span> <span class='ocrx_word' id='word_1_37' title='bbox 435 447 564 480; x_wconf 79' lang='lat' dir='ltr'><strong>Vossm</strong></span> <span class='ocrx_word' id='word_1_38' title='bbox 591 449 771 486; x_wconf 87' lang='lat' dir='ltr'><strong>monente,</strong></span> <span class='ocrx_word' id='word_1_39' title='bbox 808 445 910 477; x_wconf 81' lang='lat' dir='ltr'><strong>etiam</strong></span> <span class='ocrx_word' id='word_1_40' title='bbox 943 445 1110 487; x_wconf 76' lang='lat' dir='ltr'><strong>Sibyllina</strong></span> <span class='ocrx_word' id='word_1_41' title='bbox 1135 447 1282 480; x_wconf 88' lang='lat' dir='ltr'><strong>carmina</strong></span> <span class='ocrx_word' id='word_1_42' title='bbox 1307 447 1372 479; x_wconf 91' lang='lat' dir='ltr'><strong>iam</strong></span> <span class='ocrx_word' id='word_1_43' title='bbox 1398 451 1470 480; x_wconf 88' lang='lat' dir='ltr'><strong>tum</strong></span> 
     </span>
     <span class='ocr_line' id='line_1_6' title="bbox 118 513 1468 556; baseline -0.001 -7"><span class='ocrx_word' id='word_1_44' title='bbox 118 520 252 549; x_wconf 79' lang='lat' dir='ltr'><strong>servata</strong></span> <span class='ocrx_word' id='word_1_45' title='bbox 284 525 381 556; x_wconf 86' lang='lat' dir='ltr'><strong>esse,</strong></span> <span class='ocrx_word' id='word_1_46' title='bbox 419 513 510 556; x_wconf 91' lang='lat' dir='ltr'><strong>quod</strong></span> <span class='ocrx_word' id='word_1_47' title='bbox 544 513 754 546; x_wconf 75' lang='lat' dir='ltr'><strong>Sum-omns</strong></span> <span class='ocrx_word' id='word_1_48' title='bbox 789 516 901 544; x_wconf 88' lang='lat' dir='ltr'><strong>tamen</strong></span> <span class='ocrx_word' id='word_1_49' title='bbox 937 513 1026 555; x_wconf 77' lang='lat' dir='ltr'><strong>Aug.</strong></span> <span class='ocrx_word' id='word_1_50' title='bbox 1053 515 1110 547; x_wconf 87' lang='lat'><strong>31.</strong></span> <span class='ocrx_word' id='word_1_51' title='bbox 1143 514 1186 546; x_wconf 86' lang='lat' dir='ltr'><strong>ab</strong></span> <span class='ocrx_word' id='word_1_52' title='bbox 1221 525 1307 547; x_wconf 88' lang='lat' dir='ltr'><strong>anno</strong></span> <span class='ocrx_word' id='word_1_53' title='bbox 1333 514 1468 547; x_wconf 88' lang='lat' dir='ltr'><strong>demum</strong></span> 
     </span>
     <span class='ocr_line' id='line_1_7' title="bbox 119 579 1469 624; baseline 0.001 -11"><span class='ocrx_word' id='word_1_54' title='bbox 119 582 212 613; x_wconf 91' lang='lat' dir='ltr'><strong>urbis</strong></span> <span class='ocrx_word' id='word_1_55' title='bbox 247 583 326 614; x_wconf 77' lang='lat'>742.</span> <span class='ocrx_word' id='word_1_56' title='bbox 358 580 482 613; x_wconf 88' lang='lat' dir='ltr'><strong>factum</strong></span> <span class='ocrx_word' id='word_1_57' title='bbox 519 579 701 622; x_wconf 88' lang='lat' dir='ltr'><strong>significat.</strong></span> <span class='ocrx_word' id='word_1_58' title='bbox 760 580 945 613; x_wconf 84' lang='lat' dir='ltr'><strong>Veniamus</strong></span> <span class='ocrx_word' id='word_1_59' title='bbox 981 579 1023 612; x_wconf 87' lang='lat' dir='ltr'><strong>ad</strong></span> <span class='ocrx_word' id='word_1_60' title='bbox 1058 585 1296 622; x_wconf 84' lang='lat' dir='ltr'><strong>argumentum</strong></span> <span class='ocrx_word' id='word_1_61' title='bbox 1325 582 1469 624; x_wconf 80' lang='lat' dir='ltr'><strong>elegiae.</strong></span> 
     </span>
     <span class='ocr_line' id='line_1_8' title="bbox 119 644 1471 689; baseline 0.001 -11"><span class='ocrx_word' id='word_1_62' title='bbox 119 646 268 678; x_wconf 88' lang='lat' dir='ltr'><strong>Primum</strong></span> <span class='ocrx_word' id='word_1_63' title='bbox 304 649 405 689; x_wconf 85' lang='lat' dir='ltr'><strong>poeta</strong></span> <span class='ocrx_word' id='word_1_64' title='bbox 438 646 572 678; x_wconf 78' lang='lat' dir='ltr'><strong>invocat</strong></span> <span class='ocrx_word' id='word_1_65' title='bbox 601 644 811 687; x_wconf 87' lang='lat' dir='ltr'><strong>Apollinem,</strong></span> <span class='ocrx_word' id='word_1_66' title='bbox 849 647 886 676; x_wconf 88' lang='lat' dir='ltr'><strong>ut</strong></span> <span class='ocrx_word' id='word_1_67' title='bbox 913 645 1019 677; x_wconf 85' lang='lat' dir='ltr'><strong>sacris</strong></span> <span class='ocrx_word' id='word_1_68' title='bbox 1045 647 1254 680; x_wconf 86' lang='lat' dir='ltr'><strong>solemnibus</strong></span> <span class='ocrx_word' id='word_1_69' title='bbox 1279 646 1377 680; x_wconf 80' lang='lat' dir='ltr'><strong>liuius</strong></span> <span class='ocrx_word' id='word_1_70' title='bbox 1404 647 1471 680; x_wconf 88' lang='lat' dir='ltr'><strong>diei</strong></span> 
     </span>
     <span class='ocr_line' id='line_1_9' title="bbox 119 709 1471 755; baseline 0.002 -11"><span class='ocrx_word' id='word_1_71' title='bbox 119 711 207 744; x_wconf 86' lang='lat' dir='ltr'><strong>adsit</strong></span> <span class='ocrx_word' id='word_1_72' title='bbox 232 722 308 744; x_wconf 88' lang='lat' dir='ltr'><strong>cum</strong></span> <span class='ocrx_word' id='word_1_73' title='bbox 333 712 462 744; x_wconf 83' lang='lat' dir='ltr'><strong>cithara</strong></span> <span class='ocrx_word' id='word_1_74' title='bbox 488 709 761 750; x_wconf 88' lang='lat' dir='ltr'><strong>carminibusque</strong></span> <span class='ocrx_word' id='word_1_75' title='bbox 787 713 822 741; x_wconf 88' lang='lat' dir='ltr'><strong>et</strong></span> <span class='ocrx_word' id='word_1_76' title='bbox 847 709 989 752; x_wconf 85' lang='lat' dir='ltr'><strong>pulchre</strong></span> <span class='ocrx_word' id='word_1_77' title='bbox 1016 715 1163 744; x_wconf 90' lang='lat' dir='ltr'><strong>ornatus.</strong></span> <span class='ocrx_word' id='word_1_78' title='bbox 1212 712 1352 755; x_wconf 89' lang='lat' dir='ltr'><strong>Iamque</strong></span> <span class='ocrx_word' id='word_1_79' title='bbox 1378 714 1471 746; x_wconf 88' lang='lat' dir='ltr'><strong>cele-</strong></span> 
     </span>
     <span class='ocr_line' id='line_1_10' title="bbox 119 776 1471 819; baseline 0.001 -9"><span class='ocrx_word' id='word_1_80' title='bbox 119 779 219 811; x_wconf 87' lang='lat' dir='ltr'><strong>brans</strong></span> <span class='ocrx_word' id='word_1_81' title='bbox 245 778 345 811; x_wconf 91' lang='lat' dir='ltr'><strong>deum</strong></span> <span class='ocrx_word' id='word_1_82' title='bbox 371 782 407 811; x_wconf 88' lang='lat' dir='ltr'><strong>ut</strong></span> <span class='ocrx_word' id='word_1_83' title='bbox 433 782 600 811; x_wconf 90' lang='lat' dir='ltr'><strong>rectorem</strong></span> <span class='ocrx_word' id='word_1_84' title='bbox 625 776 895 817; x_wconf 80' lang='lat' dir='ltr'><strong>vaticinationis,</strong></span> <span class='ocrx_word' id='word_1_85' title='bbox 931 781 1092 819; x_wconf 78' lang='lat' dir='ltr'><strong>precatur</strong></span> <span class='ocrx_word' id='word_1_86' title='bbox 1118 781 1156 811; x_wconf 89' lang='lat' dir='ltr'><strong>ut</strong></span> <span class='ocrx_word' id='word_1_87' title='bbox 1180 780 1282 811; x_wconf 85' lang='lat' dir='ltr'><strong>etiam</strong></span> <span class='ocrx_word' id='word_1_88' title='bbox 1308 779 1471 812; x_wconf 83' lang='lat' dir='ltr'><strong>Messali-</strong></span> 
     </span>
     <span class='ocr_line' id='line_1_11' title="bbox 117 843 1470 888; baseline 0.001 -11"><span class='ocrx_word' id='word_1_89' title='bbox 117 854 197 876; x_wconf 90' lang='lat' dir='ltr'><strong>num</strong></span> <span class='ocrx_word' id='word_1_90' title='bbox 223 843 345 877; x_wconf 88' lang='lat' dir='ltr'><strong>doceat</strong></span> <span class='ocrx_word' id='word_1_91' title='bbox 370 855 505 877; x_wconf 86' lang='lat' dir='ltr'><strong>sensum</strong></span> <span class='ocrx_word' id='word_1_92' title='bbox 531 845 693 877; x_wconf 91' lang='lat' dir='ltr'><strong>librorum</strong></span> <span class='ocrx_word' id='word_1_93' title='bbox 719 844 895 886; x_wconf 83' lang='lat' dir='ltr'><strong>Sibyllae,</strong></span> <span class='ocrx_word' id='word_1_94' title='bbox 929 854 1017 886; x_wconf 86' lang='lat' dir='ltr'><strong>quae</strong></span> <span class='ocrx_word' id='word_1_95' title='bbox 1043 855 1213 888; x_wconf 86' lang='lat' dir='ltr'><strong>nunquam</strong></span> <span class='ocrx_word' id='word_1_96' title='bbox 1238 845 1399 878; x_wconf 83' lang='lat' dir='ltr'><strong>frustrata</strong></span> <span class='ocrx_word' id='word_1_97' title='bbox 1425 846 1470 878; x_wconf 88' lang='lat' dir='ltr'><strong>sit</strong></span> 
     </span>
     <span class='ocr_line' id='line_1_12' title="bbox 115 910 1469 954; baseline 0.002 -12"><span class='ocrx_word' id='word_1_98' title='bbox 115 910 313 952; x_wconf 88' lang='lat' dir='ltr'><strong>Romanos,</strong></span> <span class='ocrx_word' id='word_1_99' title='bbox 348 915 383 943; x_wconf 90' lang='lat' dir='ltr'><strong>et</strong></span> <span class='ocrx_word' id='word_1_100' title='bbox 419 911 485 944; x_wconf 88' lang='lat' dir='ltr'><strong>iam</strong></span> <span class='ocrx_word' id='word_1_101' title='bbox 519 912 598 944; x_wconf 92' lang='lat' dir='ltr'><strong>olim</strong></span> <span class='ocrx_word' id='word_1_102' title='bbox 634 912 772 944; x_wconf 85' lang='lat' dir='ltr'><strong>Aeneae</strong></span> <span class='ocrx_word' id='word_1_103' title='bbox 808 911 940 943; x_wconf 87' lang='lat' dir='ltr'><strong>auctori</strong></span> <span class='ocrx_word' id='word_1_104' title='bbox 974 921 993 944; x_wconf 91' lang='lat' dir='ltr'><strong>e</strong></span> <span class='ocrx_word' id='word_1_105' title='bbox 1028 912 1137 954; x_wconf 86' lang='lat' dir='ltr'><strong>patria</strong></span> <span class='ocrx_word' id='word_1_106' title='bbox 1172 912 1308 945; x_wconf 84' lang='lat' dir='ltr'><strong>abeunti</strong></span> <span class='ocrx_word' id='word_1_107' title='bbox 1341 912 1469 945; x_wconf 86' lang='lat' dir='ltr'><strong>faustas</strong></span> 
     </span>
     <span class='ocr_line' id='line_1_13' title="bbox 116 976 1469 1020; baseline 0.003 -12"><span class='ocrx_word' id='word_1_108' title='bbox 116 980 226 1009; x_wconf 83' lang='lat' dir='ltr'><strong>sortes</strong></span> <span class='ocrx_word' id='word_1_109' title='bbox 251 976 394 1010; x_wconf 88' lang='lat' dir='ltr'><strong>dederit.</strong></span> <span class='ocrx_word' id='word_1_110' title='bbox 443 977 513 1011; x_wconf 90' lang='lat' dir='ltr'><strong>Sed</strong></span> <span class='ocrx_word' id='word_1_111' title='bbox 539 978 618 1011; x_wconf 90' lang='lat' dir='ltr'><strong>dum</strong></span> <span class='ocrx_word' id='word_1_112' title='bbox 643 978 676 1011; x_wconf 87' lang='lat' dir='ltr'><strong>in</strong></span> <span class='ocrx_word' id='word_1_113' title='bbox 703 989 744 1011; x_wconf 89' lang='lat' dir='ltr'><strong>eo</strong></span> <span class='ocrx_word' id='word_1_114' title='bbox 771 983 822 1012; x_wconf 90' lang='lat' dir='ltr'><strong>est</strong></span> <span class='ocrx_word' id='word_1_115' title='bbox 847 981 886 1011; x_wconf 87' lang='lat' dir='ltr'><strong>ut</strong></span> <span class='ocrx_word' id='word_1_116' title='bbox 911 977 970 1011; x_wconf 85' lang='lat' dir='ltr'><strong>has</strong></span> <span class='ocrx_word' id='word_1_117' title='bbox 996 982 1122 1020; x_wconf 84' lang='lat' dir='ltr'><strong>narret,</strong></span> <span class='ocrx_word' id='word_1_118' title='bbox 1148 978 1308 1012; x_wconf 90' lang='lat' dir='ltr'><strong>dilabitur</strong></span> <span class='ocrx_word' id='word_1_119' title='bbox 1329 990 1349 1012; x_wconf 88' lang='lat' dir='ltr'><strong>a</strong></span> <span class='ocrx_word' id='word_1_120' title='bbox 1373 983 1469 1012; x_wconf 88' lang='lat' dir='ltr'><strong>recto</strong></span> 
     </span>
     <span class='ocr_line' id='line_1_14' title="bbox 115 1044 1469 1089; baseline 0.003 -13"><span class='ocrx_word' id='word_1_121' title='bbox 115 1053 217 1076; x_wconf 87' lang='lat' dir='ltr'><strong>cursu</strong></span> <span class='ocrx_word' id='word_1_122' title='bbox 246 1049 279 1077; x_wconf 92' lang='lat' dir='ltr'><strong>et</strong></span> <span class='ocrx_word' id='word_1_123' title='bbox 305 1045 519 1088; x_wconf 88' lang='lat' dir='ltr'><strong>persequitur</strong></span> <span class='ocrx_word' id='word_1_124' title='bbox 545 1044 697 1078; x_wconf 89' lang='lat' dir='ltr'><strong>habitum</strong></span> <span class='ocrx_word' id='word_1_125' title='bbox 727 1046 900 1088; x_wconf 88' lang='lat' dir='ltr'><strong>locorum,</strong></span> <span class='ocrx_word' id='word_1_126' title='bbox 937 1046 995 1079; x_wconf 90' lang='lat' dir='ltr'><strong>ubi</strong></span> <span class='ocrx_word' id='word_1_127' title='bbox 1020 1046 1133 1080; x_wconf 88' lang='lat' dir='ltr'><strong>Roma</strong></span> <span class='ocrx_word' id='word_1_128' title='bbox 1159 1047 1313 1089; x_wconf 82' lang='lat' dir='ltr'><strong>condita,</strong></span> <span class='ocrx_word' id='word_1_129' title='bbox 1346 1048 1469 1080; x_wconf 89' lang='lat' dir='ltr'><strong>vitam-</strong></span> 
     </span>
     <span class='ocr_line' id='line_1_15' title="bbox 116 1109 1469 1156; baseline 0.004 -15"><span class='ocrx_word' id='word_1_130' title='bbox 116 1119 182 1150; x_wconf 86' lang='lat' dir='ltr'><strong>que</strong></span> <span class='ocrx_word' id='word_1_131' title='bbox 210 1109 414 1142; x_wconf 86' lang='lat' dir='ltr'><strong>fortunatam</strong></span> <span class='ocrx_word' id='word_1_132' title='bbox 440 1109 631 1150; x_wconf 82' lang='lat' dir='ltr'><strong>hominnm,</strong></span> <span class='ocrx_word' id='word_1_133' title='bbox 670 1111 726 1153; x_wconf 92' lang='lat' dir='ltr'><strong>qui</strong></span> <span class='ocrx_word' id='word_1_134' title='bbox 763 1112 842 1145; x_wconf 93' lang='lat' dir='ltr'><strong>olim</strong></span> <span class='ocrx_word' id='word_1_135' title='bbox 878 1111 932 1145; x_wconf 86' lang='lat' dir='ltr'><strong>hic</strong></span> <span class='ocrx_word' id='word_1_136' title='bbox 958 1123 1035 1145; x_wconf 91' lang='lat' dir='ltr'><strong>cum</strong></span> <span class='ocrx_word' id='word_1_137' title='bbox 1061 1114 1224 1156; x_wconf 83' lang='lat' dir='ltr'><strong>gregibus</strong></span> <span class='ocrx_word' id='word_1_138' title='bbox 1257 1115 1326 1147; x_wconf 89' lang='lat' dir='ltr'><strong>suis</strong></span> <span class='ocrx_word' id='word_1_139' title='bbox 1360 1114 1469 1156; x_wconf 84' lang='lat' dir='ltr'><strong>dege-</strong></span> 
     </span>
     <span class='ocr_line' id='line_1_16' title="bbox 114 1175 1468 1225; baseline 0.005 -18"><span class='ocrx_word' id='word_1_140' title='bbox 114 1175 194 1207; x_wconf 87' lang='lat' dir='ltr'><strong>bant</strong></span> <span class='ocrx_word' id='word_1_141' title='bbox 226 1175 321 1208; x_wconf 85' lang='lat' dir='ltr'><strong>festis</strong></span> <span class='ocrx_word' id='word_1_142' title='bbox 356 1177 515 1218; x_wconf 64' lang='lat' dir='ltr'><strong>cultuque</strong></span> <span class='ocrx_word' id='word_1_143' title='bbox 541 1177 682 1210; x_wconf 91' lang='lat' dir='ltr'><strong>deorum</strong></span> <span class='ocrx_word' id='word_1_144' title='bbox 708 1177 853 1220; x_wconf 86' lang='lat' dir='ltr'><strong>simplici</strong></span> <span class='ocrx_word' id='word_1_145' title='bbox 886 1182 920 1211; x_wconf 88' lang='lat' dir='ltr'><strong>et</strong></span> <span class='ocrx_word' id='word_1_146' title='bbox 946 1179 1079 1221; x_wconf 86' lang='lat' dir='ltr'><strong>gaudiis</strong></span> <span class='ocrx_word' id='word_1_147' title='bbox 1112 1181 1237 1213; x_wconf 85' lang='lat' dir='ltr'><strong>amoris</strong></span> <span class='ocrx_word' id='word_1_148' title='bbox 1263 1181 1468 1225; x_wconf 88' lang='lat' dir='ltr'><strong>incorruptis</strong></span> 
     </span>
     <span class='ocr_line' id='line_1_17' title="bbox 115 1240 1469 1288; baseline 0.004 -15"><span class='ocrx_word' id='word_1_149' title='bbox 115 1240 207 1273; x_wconf 90' lang='lat' dir='ltr'><strong>laeti.</strong></span> <span class='ocrx_word' id='word_1_150' title='bbox 268 1242 356 1275; x_wconf 83' lang='lat' dir='ltr'><strong>Post</strong></span> <span class='ocrx_word' id='word_1_151' title='bbox 390 1242 472 1275; x_wconf 88' lang='lat' dir='ltr'><strong>haec</strong></span> <span class='ocrx_word' id='word_1_152' title='bbox 504 1242 614 1275; x_wconf 87' lang='lat' dir='ltr'><strong>oratio</strong></span> <span class='ocrx_word' id='word_1_153' title='bbox 649 1243 682 1274; x_wconf 92' lang='lat' dir='ltr'><strong>in</strong></span> <span class='ocrx_word' id='word_1_154' title='bbox 714 1243 803 1275; x_wconf 79' lang='lat' dir='ltr'><strong>viam</strong></span> <span class='ocrx_word' id='word_1_155' title='bbox 841 1243 930 1275; x_wconf 86' lang='lat' dir='ltr'><strong>redit</strong></span> <span class='ocrx_word' id='word_1_156' title='bbox 964 1248 998 1276; x_wconf 88' lang='lat' dir='ltr'><strong>et</strong></span> <span class='ocrx_word' id='word_1_157' title='bbox 1033 1246 1235 1288; x_wconf 89' lang='lat' dir='ltr'><strong>proponitur</strong></span> <span class='ocrx_word' id='word_1_158' title='bbox 1269 1247 1469 1279; x_wconf 78' lang='lat' dir='ltr'><strong>vaticinium</strong></span> 
     </span>
     <span class='ocr_line' id='line_1_18' title="bbox 115 1308 1469 1354; baseline 0.004 -15"><span class='ocrx_word' id='word_1_159' title='bbox 115 1308 335 1340; x_wconf 82' lang='lat' dir='ltr'><strong>memorabile</strong></span> <span class='ocrx_word' id='word_1_160' title='bbox 370 1309 479 1350; x_wconf 83' lang='lat' dir='ltr'><strong>ipsum</strong></span> <span class='ocrx_word' id='word_1_161' title='bbox 515 1310 650 1341; x_wconf 84' lang='lat' dir='ltr'><strong>Aeneae</strong></span> <span class='ocrx_word' id='word_1_162' title='bbox 687 1309 822 1350; x_wconf 81' lang='lat' dir='ltr'><strong>datum3</strong></span> <span class='ocrx_word' id='word_1_163' title='bbox 861 1309 1015 1342; x_wconf 81' lang='lat' dir='ltr'><strong>videmus</strong></span> <span class='ocrx_word' id='word_1_164' title='bbox 1052 1315 1091 1343; x_wconf 92' lang='lat' dir='ltr'><strong>ut</strong></span> <span class='ocrx_word' id='word_1_165' title='bbox 1126 1311 1303 1354; x_wconf 87' lang='lat' dir='ltr'><strong>praedicat</strong></span> <span class='ocrx_word' id='word_1_166' title='bbox 1335 1312 1469 1353; x_wconf 84' lang='lat' dir='ltr'><strong>Sibylla</strong></span> 
     </span>
     <span class='ocr_line' id='line_1_19' title="bbox 114 1371 1469 1419; baseline 0.005 -16"><span class='ocrx_word' id='word_1_167' title='bbox 114 1371 209 1404; x_wconf 87' lang='lat' dir='ltr'><strong>heroi</strong></span> <span class='ocrx_word' id='word_1_168' title='bbox 235 1373 363 1406; x_wconf 84' lang='lat' dir='ltr'><strong>aditum</strong></span> <span class='ocrx_word' id='word_1_169' title='bbox 389 1375 524 1406; x_wconf 87' lang='lat' dir='ltr'><strong>fatalem</strong></span> <span class='ocrx_word' id='word_1_170' title='bbox 553 1375 595 1406; x_wconf 89' lang='lat' dir='ltr'><strong>ad</strong></span> <span class='ocrx_word' id='word_1_171' title='bbox 622 1375 765 1415; x_wconf 82' lang='lat' dir='ltr'><strong>ltaliam,</strong></span> <span class='ocrx_word' id='word_1_172' title='bbox 792 1376 967 1408; x_wconf 80' lang='lat' dir='ltr'><strong>victoriam</strong></span> <span class='ocrx_word' id='word_1_173' title='bbox 996 1375 1141 1409; x_wconf 87' lang='lat' dir='ltr'><strong>hostium</strong></span> <span class='ocrx_word' id='word_1_174' title='bbox 1169 1387 1341 1419; x_wconf 72' lang='lat' dir='ltr'><strong>novasque</strong></span> <span class='ocrx_word' id='word_1_175' title='bbox 1365 1378 1469 1411; x_wconf 87' lang='lat' dir='ltr'><strong>urbes</strong></span> 
     </span>
     <span class='ocr_line' id='line_1_20' title="bbox 113 1438 1468 1484; baseline 0.004 -14"><span class='ocrx_word' id='word_1_176' title='bbox 113 1438 307 1471; x_wconf 87' lang='lat' dir='ltr'><strong>condendas</strong></span> <span class='ocrx_word' id='word_1_177' title='bbox 332 1439 487 1472; x_wconf 88' lang='lat' dir='ltr'><strong>Laurens</strong></span> <span class='ocrx_word' id='word_1_178' title='bbox 514 1444 675 1481; x_wconf 79' lang='lat' dir='ltr'><strong>castrum,</strong></span> <span class='ocrx_word' id='word_1_179' title='bbox 709 1439 897 1482; x_wconf 82' lang='lat' dir='ltr'><strong>Lavinium,</strong></span> <span class='ocrx_word' id='word_1_180' title='bbox 923 1441 1045 1474; x_wconf 83' lang='lat' dir='ltr'><strong>Albam</strong></span> <span class='ocrx_word' id='word_1_181' title='bbox 1071 1441 1240 1484; x_wconf 84' lang='lat' dir='ltr'><strong>Longam,</strong></span> <span class='ocrx_word' id='word_1_182' title='bbox 1266 1453 1345 1475; x_wconf 81' lang='lat' dir='ltr'><strong>mox</strong></span> <span class='ocrx_word' id='word_1_183' title='bbox 1370 1443 1468 1476; x_wconf 91' lang='lat' dir='ltr'><strong>Iliam</strong></span> 
     </span>
     <span class='ocr_line' id='line_1_21' title="bbox 113 1503 1468 1550; baseline 0.003 -14"><span class='ocrx_word' id='word_1_184' title='bbox 113 1515 132 1536; x_wconf 88' lang='lat' dir='ltr'><strong>a</strong></span> <span class='ocrx_word' id='word_1_185' title='bbox 158 1503 271 1537; x_wconf 89' lang='lat' dir='ltr'><strong>Marte</strong></span> <span class='ocrx_word' id='word_1_186' title='bbox 307 1515 559 1548; x_wconf 85' lang='lat' dir='ltr'><strong>compressam,</strong></span> <span class='ocrx_word' id='word_1_187' title='bbox 597 1505 744 1547; x_wconf 88' lang='lat' dir='ltr'><strong>denique</strong></span> <span class='ocrx_word' id='word_1_188' title='bbox 770 1506 936 1547; x_wconf 84' lang='lat' dir='ltr'><strong>originem</strong></span> <span class='ocrx_word' id='word_1_189' title='bbox 962 1507 1097 1540; x_wconf 85' lang='lat' dir='ltr'><strong>Romae</strong></span> <span class='ocrx_word' id='word_1_190' title='bbox 1122 1507 1370 1550; x_wconf 87' lang='lat' dir='ltr'><strong>imperiumque</strong></span> <span class='ocrx_word' id='word_1_191' title='bbox 1396 1512 1468 1540; x_wconf 84' lang='lat' dir='ltr'><strong>ter—</strong></span> 
     </span>
     <span class='ocr_line' id='line_1_22' title="bbox 111 1571 1468 1617; baseline 0.003 -14"><span class='ocrx_word' id='word_1_192' title='bbox 111 1580 223 1603; x_wconf 86' lang='lat' dir='ltr'><strong>rarum</strong></span> <span class='ocrx_word' id='word_1_193' title='bbox 263 1571 336 1604; x_wconf 92' lang='lat' dir='ltr'><strong>urbi</strong></span> <span class='ocrx_word' id='word_1_194' title='bbox 375 1572 592 1604; x_wconf 87' lang='lat' dir='ltr'><strong>destinatum.</strong></span> <span class='ocrx_word' id='word_1_195' title='bbox 631 1572 751 1605; x_wconf 70' lang='lat' dir='ltr'><strong>&#39;Nunc</strong></span> <span class='ocrx_word' id='word_1_196' title='bbox 788 1577 892 1616; x_wconf 85' lang='lat' dir='ltr'><strong>poeta</strong></span> <span class='ocrx_word' id='word_1_197' title='bbox 926 1573 967 1605; x_wconf 91' lang='lat' dir='ltr'><strong>ad</strong></span> <span class='ocrx_word' id='word_1_198' title='bbox 1005 1574 1197 1616; x_wconf 89' lang='lat' dir='ltr'><strong>praesentia</strong></span> <span class='ocrx_word' id='word_1_199' title='bbox 1238 1578 1393 1617; x_wconf 89' lang='lat' dir='ltr'><strong>tempora</strong></span> <span class='ocrx_word' id='word_1_200' title='bbox 1430 1585 1468 1607; x_wconf 90' lang='lat' dir='ltr'><strong>se</strong></span> 
     </span>
     <span class='ocr_line' id='line_1_23' title="bbox 110 1637 1466 1683; baseline 0.004 -15"><span class='ocrx_word' id='word_1_201' title='bbox 110 1638 288 1668; x_wconf 82' lang='lat' dir='ltr'><strong>convertit.</strong></span> <span class='ocrx_word' id='word_1_202' title='bbox 335 1637 467 1678; x_wconf 73' lang='lat' dir='ltr'><strong>Sibylla</strong></span> <span class='ocrx_word' id='word_1_203' title='bbox 493 1637 651 1679; x_wconf 88' lang='lat' dir='ltr'><strong>princeps</strong></span> <span class='ocrx_word' id='word_1_204' title='bbox 677 1637 786 1670; x_wconf 81' lang='lat' dir='ltr'><strong>fausta</strong></span> <span class='ocrx_word' id='word_1_205' title='bbox 812 1639 946 1671; x_wconf 89' lang='lat' dir='ltr'><strong>Romae</strong></span> <span class='ocrx_word' id='word_1_206' title='bbox 972 1640 1160 1680; x_wconf 82' lang='lat' dir='ltr'><strong>nuntiavit,</strong></span> <span class='ocrx_word' id='word_1_207' title='bbox 1200 1641 1358 1683; x_wconf 84' lang='lat' dir='ltr'><strong>prodigia</strong></span> <span class='ocrx_word' id='word_1_208' title='bbox 1384 1651 1466 1673; x_wconf 79' lang='lat' dir='ltr'><strong>vero</strong></span> 
     </span>
     <span class='ocr_line' id='line_1_24' title="bbox 110 1701 1467 1746; baseline 0.003 -13"><span class='ocrx_word' id='word_1_209' title='bbox 110 1701 276 1734; x_wconf 86' lang='lat' dir='ltr'><strong>terribilia</strong></span> <span class='ocrx_word' id='word_1_210' title='bbox 307 1712 394 1744; x_wconf 87' lang='lat' dir='ltr'><strong>quae</strong></span> <span class='ocrx_word' id='word_1_211' title='bbox 430 1713 446 1734; x_wconf 90' lang='lat' dir='ltr'><strong>a</strong></span> <span class='ocrx_word' id='word_1_212' title='bbox 485 1703 609 1734; x_wconf 85' lang='lat' dir='ltr'><strong>ceteris</strong></span> <span class='ocrx_word' id='word_1_213' title='bbox 636 1702 777 1743; x_wconf 82' lang='lat' dir='ltr'><strong>sibyllis</strong></span> <span class='ocrx_word' id='word_1_214' title='bbox 809 1703 984 1746; x_wconf 83' lang='lat' dir='ltr'><strong>praedicta</strong></span> <span class='ocrx_word' id='word_1_215' title='bbox 1018 1715 1163 1737; x_wconf 89' lang='lat' dir='ltr'><strong>evenere</strong></span> <span class='ocrx_word' id='word_1_216' title='bbox 1188 1705 1356 1737; x_wconf 84' lang='lat' dir='ltr'><strong>bellorum</strong></span> <span class='ocrx_word' id='word_1_217' title='bbox 1383 1706 1467 1737; x_wconf 82' lang='lat' dir='ltr'><strong>civi-</strong></span> 
     </span>
     <span class='ocr_line' id='line_1_25' title="bbox 111 1766 1466 1814; baseline 0.002 -14"><span class='ocrx_word' id='word_1_218' title='bbox 111 1768 192 1800; x_wconf 90' lang='lat' dir='ltr'><strong>lium</strong></span> <span class='ocrx_word' id='word_1_219' title='bbox 217 1772 372 1811; x_wconf 86' lang='lat' dir='ltr'><strong>tempore</strong></span> <span class='ocrx_word' id='word_1_220' title='bbox 400 1778 520 1811; x_wconf 90' lang='lat' dir='ltr'><strong>nuper,</strong></span> <span class='ocrx_word' id='word_1_221' title='bbox 546 1766 628 1800; x_wconf 81' lang='lat' dir='ltr'><strong>haec</strong></span> <span class='ocrx_word' id='word_1_222' title='bbox 655 1768 719 1800; x_wconf 90' lang='lat' dir='ltr'><strong>iam</strong></span> <span class='ocrx_word' id='word_1_223' title='bbox 747 1772 821 1800; x_wconf 88' lang='lat' dir='ltr'><strong>orat</strong></span> <span class='ocrx_word' id='word_1_224' title='bbox 847 1769 1040 1812; x_wconf 87' lang='lat' dir='ltr'><strong>Apollinem</strong></span> <span class='ocrx_word' id='word_1_225' title='bbox 1067 1774 1105 1802; x_wconf 89' lang='lat' dir='ltr'><strong>ut</strong></span> <span class='ocrx_word' id='word_1_226' title='bbox 1130 1771 1266 1803; x_wconf 87' lang='lat' dir='ltr'><strong>aboleat</strong></span> <span class='ocrx_word' id='word_1_227' title='bbox 1290 1771 1322 1802; x_wconf 89' lang='lat' dir='ltr'><strong>in</strong></span> <span class='ocrx_word' id='word_1_228' title='bbox 1348 1775 1466 1814; x_wconf 77' lang='lat' dir='ltr'><strong>poste-</strong></span> 
     </span>
     <span class='ocr_line' id='line_1_26' title="bbox 111 1834 1463 1881; baseline 0.003 -15"><span class='ocrx_word' id='word_1_229' title='bbox 111 1845 184 1866; x_wconf 90' lang='lat' dir='ltr'><strong>rum</strong></span> <span class='ocrx_word' id='word_1_230' title='bbox 219 1838 254 1867; x_wconf 86' lang='lat' dir='ltr'><strong>et</strong></span> <span class='ocrx_word' id='word_1_231' title='bbox 285 1834 394 1866; x_wconf 84' lang='lat' dir='ltr'><strong>felicis</strong></span> <span class='ocrx_word' id='word_1_232' title='bbox 430 1834 633 1877; x_wconf 84' lang='lat' dir='ltr'><strong>fecundique</strong></span> <span class='ocrx_word' id='word_1_233' title='bbox 670 1836 748 1868; x_wconf 88' lang='lat' dir='ltr'><strong>anni</strong></span> <span class='ocrx_word' id='word_1_234' title='bbox 784 1837 897 1869; x_wconf 88' lang='lat' dir='ltr'><strong>omina</strong></span> <span class='ocrx_word' id='word_1_235' title='bbox 932 1848 1020 1869; x_wconf 89' lang='lat' dir='ltr'><strong>nunc</strong></span> <span class='ocrx_word' id='word_1_236' title='bbox 1051 1838 1214 1881; x_wconf 88' lang='lat' dir='ltr'><strong>praebeat</strong></span> <span class='ocrx_word' id='word_1_237' title='bbox 1239 1839 1344 1870; x_wconf 87' lang='lat' dir='ltr'><strong>sacris</strong></span> <span class='ocrx_word' id='word_1_238' title='bbox 1371 1837 1463 1870; x_wconf 85' lang='lat' dir='ltr'><strong>hisce</strong></span> 
     </span>
     <span class='ocr_line' id='line_1_27' title="bbox 110 1900 1465 1944; baseline 0.002 -12"><span class='ocrx_word' id='word_1_239' title='bbox 110 1900 265 1942; x_wconf 87' lang='lat' dir='ltr'><strong>laurique</strong></span> <span class='ocrx_word' id='word_1_240' title='bbox 299 1900 450 1933; x_wconf 84' lang='lat' dir='ltr'><strong>ardentis</strong></span> <span class='ocrx_word' id='word_1_241' title='bbox 483 1901 615 1944; x_wconf 86' lang='lat' dir='ltr'><strong>crepitu</strong></span> <span class='ocrx_word' id='word_1_242' title='bbox 649 1900 773 1934; x_wconf 85' lang='lat' dir='ltr'><strong>fausto.</strong></span> <span class='ocrx_word' id='word_1_243' title='bbox 821 1902 931 1934; x_wconf 84' lang='lat' dir='ltr'><strong>Datur</strong></span> <span class='ocrx_word' id='word_1_244' title='bbox 958 1913 1069 1935; x_wconf 86' lang='lat' dir='ltr'><strong>omen.</strong></span> <span class='ocrx_word' id='word_1_245' title='bbox 1120 1904 1179 1935; x_wconf 85' lang='lat' dir='ltr'><strong>Sic</strong></span> <span class='ocrx_word' id='word_1_246' title='bbox 1205 1902 1290 1935; x_wconf 83' lang='lat' dir='ltr'><strong>hanc</strong></span> <span class='ocrx_word' id='word_1_247' title='bbox 1317 1903 1465 1936; x_wconf 71' lang='lat' dir='ltr'><strong>felicita-</strong></span> 
     </span>
     <span class='ocr_line' id='line_1_28' title="bbox 109 1968 1466 2012; baseline 0.001 -12"><span class='ocrx_word' id='word_1_248' title='bbox 109 1971 177 2000; x_wconf 90' lang='lat' dir='ltr'><strong>tem</strong></span> <span class='ocrx_word' id='word_1_249' title='bbox 204 1969 337 2010; x_wconf 86' lang='lat' dir='ltr'><strong>qualem</strong></span> <span class='ocrx_word' id='word_1_250' title='bbox 363 1972 478 2011; x_wconf 88' lang='lat' dir='ltr'><strong>sperat</strong></span> <span class='ocrx_word' id='word_1_251' title='bbox 501 1972 665 2011; x_wconf 87' lang='lat' dir='ltr'><strong>optatque</strong></span> <span class='ocrx_word' id='word_1_252' title='bbox 691 1969 757 2001; x_wconf 88' lang='lat' dir='ltr'><strong>iam</strong></span> <span class='ocrx_word' id='word_1_253' title='bbox 783 1968 936 2012; x_wconf 83' lang='lat' dir='ltr'><strong>pluribus</strong></span> <span class='ocrx_word' id='word_1_254' title='bbox 962 1969 1147 2010; x_wconf 81' lang='lat' dir='ltr'><strong>describit,</strong></span> <span class='ocrx_word' id='word_1_255' title='bbox 1184 1969 1298 2012; x_wconf 86' lang='lat' dir='ltr'><strong>copias</strong></span> <span class='ocrx_word' id='word_1_256' title='bbox 1328 1968 1466 2001; x_wconf 86' lang='lat' dir='ltr'><strong>Cereris</strong></span> 
     </span>
     <span class='ocr_line' id='line_1_29' title="bbox 110 2033 1463 2077; baseline 0 -11"><span class='ocrx_word' id='word_1_257' title='bbox 110 2038 144 2067; x_wconf 86' lang='lat' dir='ltr'><strong>et</strong></span> <span class='ocrx_word' id='word_1_258' title='bbox 170 2033 316 2076; x_wconf 84' lang='lat' dir='ltr'><strong>Bacchi,</strong></span> <span class='ocrx_word' id='word_1_259' title='bbox 354 2034 488 2077; x_wconf 84' lang='lat' dir='ltr'><strong>pecoris</strong></span> <span class='ocrx_word' id='word_1_260' title='bbox 523 2033 688 2075; x_wconf 86' lang='lat' dir='ltr'><strong>feturam,</strong></span> <span class='ocrx_word' id='word_1_261' title='bbox 727 2037 762 2067; x_wconf 83' lang='lat' dir='ltr'><strong>et</strong></span> <span class='ocrx_word' id='word_1_262' title='bbox 794 2035 955 2067; x_wconf 81' lang='lat' dir='ltr'><strong>fiorentes</strong></span> <span class='ocrx_word' id='word_1_263' title='bbox 986 2045 1110 2076; x_wconf 87' lang='lat' dir='ltr'><strong>magna</strong></span> <span class='ocrx_word' id='word_1_264' title='bbox 1145 2035 1308 2077; x_wconf 84' lang='lat' dir='ltr'><strong>progenie</strong></span> <span class='ocrx_word' id='word_1_265' title='bbox 1343 2034 1463 2067; x_wconf 84' lang='lat' dir='ltr'><strong>domos</strong></span> 
     </span>
     <span class='ocr_line' id='line_1_30' title="bbox 108 2101 1462 2145; baseline 0 -11"><span class='ocrx_word' id='word_1_266' title='bbox 108 2101 263 2144; x_wconf 79' lang='lat' dir='ltr'><strong>festaque</strong></span> <span class='ocrx_word' id='word_1_267' title='bbox 289 2102 412 2134; x_wconf 84' lang='lat' dir='ltr'><strong>ruralia</strong></span> <span class='ocrx_word' id='word_1_268' title='bbox 439 2112 514 2135; x_wconf 89' lang='lat' dir='ltr'><strong>cum</strong></span> <span class='ocrx_word' id='word_1_269' title='bbox 542 2102 666 2135; x_wconf 90' lang='lat' dir='ltr'><strong>amoris</strong></span> <span class='ocrx_word' id='word_1_270' title='bbox 700 2102 839 2135; x_wconf 89' lang='lat' dir='ltr'><strong>lusibus.</strong></span> <span class='ocrx_word' id='word_1_271' title='bbox 890 2102 928 2135; x_wconf 90' lang='lat' dir='ltr'><strong>In</strong></span> <span class='ocrx_word' id='word_1_272' title='bbox 955 2113 1023 2145; x_wconf 89' lang='lat' dir='ltr'><strong>quo</strong></span> <span class='ocrx_word' id='word_1_273' title='bbox 1057 2112 1148 2135; x_wconf 86' lang='lat' dir='ltr'><strong>nexu</strong></span> <span class='ocrx_word' id='word_1_274' title='bbox 1177 2102 1323 2144; x_wconf 91' lang='lat' dir='ltr'><strong>denique</strong></span> <span class='ocrx_word' id='word_1_275' title='bbox 1360 2102 1462 2134; x_wconf 84' lang='lat' dir='ltr'><strong>etiam</strong></span> 
     </span>
     <span class='ocr_line' id='line_1_31' title="bbox 107 2168 1462 2212; baseline -0.001 -11"><span class='ocrx_word' id='word_1_276' title='bbox 107 2179 187 2201; x_wconf 86' lang='lat' dir='ltr'><strong>suos</strong></span> <span class='ocrx_word' id='word_1_277' title='bbox 224 2169 328 2212; x_wconf 84' lang='lat' dir='ltr'><strong>ipsius</strong></span> <span class='ocrx_word' id='word_1_278' title='bbox 361 2179 494 2202; x_wconf 89' lang='lat' dir='ltr'><strong>amores</strong></span> <span class='ocrx_word' id='word_1_279' title='bbox 529 2169 753 2211; x_wconf 82' lang='lat' dir='ltr'><strong>Nemesisque</strong></span> <span class='ocrx_word' id='word_1_280' title='bbox 788 2169 911 2202; x_wconf 90' lang='lat' dir='ltr'><strong>fastum</strong></span> <span class='ocrx_word' id='word_1_281' title='bbox 948 2168 1160 2201; x_wconf 88' lang='lat' dir='ltr'><strong>recordatur.</strong></span> <span class='ocrx_word' id='word_1_282' title='bbox 1210 2168 1300 2201; x_wconf 91' lang='lat' dir='ltr'><strong>Hinc</strong></span> <span class='ocrx_word' id='word_1_283' title='bbox 1329 2168 1361 2200; x_wconf 94' lang='lat' dir='ltr'><strong>in</strong></span> <span class='ocrx_word' id='word_1_284' title='bbox 1395 2168 1462 2200; x_wconf 87' lang='lat' dir='ltr'><strong>fine</strong></span> 
     </span>
     <span class='ocr_line' id='line_1_32' title="bbox 108 2233 1463 2277; baseline -0.001 -10"><span class='ocrx_word' id='word_1_285' title='bbox 108 2235 150 2268; x_wconf 88' lang='lat' dir='ltr'><strong>ad</strong></span> <span class='ocrx_word' id='word_1_286' title='bbox 178 2234 397 2268; x_wconf 85' lang='lat' dir='ltr'><strong>Messalinum</strong></span> <span class='ocrx_word' id='word_1_287' title='bbox 425 2236 612 2268; x_wconf 88' lang='lat' dir='ltr'><strong>orationem</strong></span> <span class='ocrx_word' id='word_1_288' title='bbox 646 2236 815 2277; x_wconf 84' lang='lat' dir='ltr'><strong>reflectit,</strong></span> <span class='ocrx_word' id='word_1_289' title='bbox 852 2239 886 2267; x_wconf 87' lang='lat' dir='ltr'><strong>et</strong></span> <span class='ocrx_word' id='word_1_290' title='bbox 921 2233 999 2267; x_wconf 86' lang='lat' dir='ltr'><strong>huic</strong></span> <span class='ocrx_word' id='word_1_291' title='bbox 1033 2233 1239 2277; x_wconf 86' lang='lat' dir='ltr'><strong>triumphum</strong></span> <span class='ocrx_word' id='word_1_292' title='bbox 1274 2238 1463 2275; x_wconf 82' lang='lat' dir='ltr'><strong>auguratur</strong></span> 
     </span>
     <span class='ocr_line' id='line_1_33' title="bbox 107 2302 1459 2345; baseline 0 -11"><span class='ocrx_word' id='word_1_293' title='bbox 107 2303 186 2335; x_wconf 88' lang='lat' dir='ltr'><strong>olim</strong></span> <span class='ocrx_word' id='word_1_294' title='bbox 210 2302 469 2345; x_wconf 87' lang='lat' dir='ltr'><strong>reportandum,</strong></span> <span class='ocrx_word' id='word_1_295' title='bbox 495 2306 716 2336; x_wconf 86' lang='lat' dir='ltr'><strong>monstratum</strong></span> <span class='ocrx_word' id='word_1_296' title='bbox 740 2306 832 2336; x_wconf 86' lang='lat' dir='ltr'><strong>tecte</strong></span> <span class='ocrx_word' id='word_1_297' title='bbox 858 2302 923 2335; x_wconf 88' lang='lat' dir='ltr'><strong>iam</strong></span> <span class='ocrx_word' id='word_1_298' title='bbox 950 2302 983 2334; x_wconf 93' lang='lat' dir='ltr'><strong>in</strong></span> <span class='ocrx_word' id='word_1_299' title='bbox 1010 2302 1172 2343; x_wconf 83' lang='lat' dir='ltr'><strong>exordio,</strong></span> <span class='ocrx_word' id='word_1_300' title='bbox 1201 2313 1263 2345; x_wconf 90' lang='lat' dir='ltr'><strong>pro</strong></span> <span class='ocrx_word' id='word_1_301' title='bbox 1291 2312 1357 2344; x_wconf 91' lang='lat' dir='ltr'><strong>quo</strong></span> <span class='ocrx_word' id='word_1_302' title='bbox 1382 2305 1459 2334; x_wconf 82' lang='lat' dir='ltr'><strong>vota</strong></span> 
     </span>
     <span class='ocr_line' id='line_1_34' title="bbox 107 2367 1460 2411; baseline -0.001 -10"><span class='ocrx_word' id='word_1_303' title='bbox 107 2368 235 2401; x_wconf 86' lang='lat' dir='ltr'><strong>faciens</strong></span> <span class='ocrx_word' id='word_1_304' title='bbox 260 2379 394 2401; x_wconf 88' lang='lat' dir='ltr'><strong>carmen</strong></span> <span class='ocrx_word' id='word_1_305' title='bbox 431 2368 558 2400; x_wconf 88' lang='lat' dir='ltr'><strong>claudit</strong></span> <span class='ocrx_word' id='word_1_306' title='bbox 591 2369 778 2411; x_wconf 87' lang='lat' dir='ltr'><strong>egregium.</strong></span> <span class='ocrx_word' id='word_1_307' title='bbox 840 2367 1025 2401; x_wconf 79' lang='lat' dir='ltr'><strong>Videamus</strong></span> <span class='ocrx_word' id='word_1_308' title='bbox 1051 2378 1140 2401; x_wconf 90' lang='lat' dir='ltr'><strong>nunc</strong></span> <span class='ocrx_word' id='word_1_309' title='bbox 1165 2368 1207 2400; x_wconf 90' lang='lat' dir='ltr'><strong>de</strong></span> <span class='ocrx_word' id='word_1_310' title='bbox 1234 2368 1362 2400; x_wconf 85' lang='lat' dir='ltr'><strong>unitate</strong></span> <span class='ocrx_word' id='word_1_311' title='bbox 1389 2368 1460 2400; x_wconf 87' lang='lat' dir='ltr'><strong>ele—</strong></span> 
     </span>
     <span class='ocr_line' id='line_1_35' title="bbox 108 2433 1461 2478; baseline -0.003 -9"><span class='ocrx_word' id='word_1_312' title='bbox 108 2436 184 2478; x_wconf 88' lang='lat' dir='ltr'><strong>giae</strong></span> <span class='ocrx_word' id='word_1_313' title='bbox 210 2440 245 2469; x_wconf 91' lang='lat' dir='ltr'><strong>et</strong></span> <span class='ocrx_word' id='word_1_314' title='bbox 270 2436 526 2478; x_wconf 82' lang='lat' dir='ltr'><strong>compositionis</strong></span> <span class='ocrx_word' id='word_1_315' title='bbox 551 2438 636 2468; x_wconf 91' lang='lat' dir='ltr'><strong>arte.</strong></span> <span class='ocrx_word' id='word_1_316' title='bbox 698 2434 776 2468; x_wconf 88' lang='lat' dir='ltr'><strong>Non</strong></span> <span class='ocrx_word' id='word_1_317' title='bbox 803 2433 950 2466; x_wconf 88' lang='lat' dir='ltr'><strong>mirabor</strong></span> <span class='ocrx_word' id='word_1_318' title='bbox 975 2434 1002 2466; x_wconf 89' lang='lat' dir='ltr'><strong>si</strong></span> <span class='ocrx_word' id='word_1_319' title='bbox 1030 2434 1137 2476; x_wconf 89' lang='lat' dir='ltr'><strong>primo</strong></span> <span class='ocrx_word' id='word_1_320' title='bbox 1164 2433 1329 2476; x_wconf 81' lang='lat' dir='ltr'><strong>adspectu</strong></span> <span class='ocrx_word' id='word_1_321' title='bbox 1355 2435 1461 2466; x_wconf 83' lang='lat' dir='ltr'><strong>multa</strong></span> 
     </span>
     <span class='ocr_line' id='line_1_36' title="bbox 108 2501 1460 2544; baseline -0.001 -10"><span class='ocrx_word' id='word_1_322' title='bbox 108 2502 219 2536; x_wconf 88' lang='lat' dir='ltr'><strong>inesse</strong></span> <span class='ocrx_word' id='word_1_323' title='bbox 243 2503 392 2543; x_wconf 86' lang='lat' dir='ltr'><strong>iudices,</strong></span> <span class='ocrx_word' id='word_1_324' title='bbox 419 2513 506 2544; x_wconf 84' lang='lat' dir='ltr'><strong>quae</strong></span> <span class='ocrx_word' id='word_1_325' title='bbox 532 2513 550 2534; x_wconf 89' lang='lat' dir='ltr'><strong>a</strong></span> <span class='ocrx_word' id='word_1_326' title='bbox 577 2503 706 2535; x_wconf 85' lang='lat' dir='ltr'><strong>ratione</strong></span> <span class='ocrx_word' id='word_1_327' title='bbox 732 2501 809 2534; x_wconf 86' lang='lat' dir='ltr'><strong>sesti</strong></span> <span class='ocrx_word' id='word_1_328' title='bbox 836 2505 871 2534; x_wconf 92' lang='lat' dir='ltr'><strong>et</strong></span> <span class='ocrx_word' id='word_1_329' title='bbox 900 2501 975 2533; x_wconf 80' lang='lat' dir='ltr'><strong>talis</strong></span> <span class='ocrx_word' id='word_1_330' title='bbox 1001 2501 1157 2534; x_wconf 88' lang='lat' dir='ltr'><strong>carminis</strong></span> <span class='ocrx_word' id='word_1_331' title='bbox 1182 2502 1324 2534; x_wconf 77' lang='lat' dir='ltr'><strong>consilio</strong></span> <span class='ocrx_word' id='word_1_332' title='bbox 1350 2502 1460 2533; x_wconf 80' lang='lat' dir='ltr'><strong>aliena</strong></span> 
     </span>
     <span class='ocr_line' id='line_1_37' title="bbox 109 2568 1459 2612; baseline -0.001 -10"><span class='ocrx_word' id='word_1_333' title='bbox 109 2569 306 2611; x_wconf 77' lang='lat' dir='ltr'><strong>videantur3</strong></span> <span class='ocrx_word' id='word_1_334' title='bbox 329 2570 388 2603; x_wconf 92' lang='lat' dir='ltr'><strong>sed</strong></span> <span class='ocrx_word' id='word_1_335' title='bbox 415 2569 513 2602; x_wconf 82' lang='lat' dir='ltr'><strong>facile</strong></span> <span class='ocrx_word' id='word_1_336' title='bbox 540 2569 673 2602; x_wconf 83' lang='lat' dir='ltr'><strong>ostendi</strong></span> <span class='ocrx_word' id='word_1_337' title='bbox 699 2572 812 2612; x_wconf 84' lang='lat' dir='ltr'><strong>potest</strong></span> <span class='ocrx_word' id='word_1_338' title='bbox 831 2569 972 2611; x_wconf 89' lang='lat' dir='ltr'><strong>egregie</strong></span> <span class='ocrx_word' id='word_1_339' title='bbox 998 2568 1109 2601; x_wconf 81' lang='lat' dir='ltr'><strong>omnia</strong></span> <span class='ocrx_word' id='word_1_340' title='bbox 1136 2569 1345 2611; x_wconf 83' lang='lat' dir='ltr'><strong>excogitata.</strong></span> <span class='ocrx_word' id='word_1_341' title='bbox 1395 2568 1459 2601; x_wconf 73' lang='lat' dir='ltr'><strong>Est</strong></span> 
     </span>
     <span class='ocr_line' id='line_1_38' title="bbox 108 2634 1460 2671; baseline 0 -3"><span class='ocrx_word' id='word_1_342' title='bbox 108 2640 221 2670; x_wconf 83' lang='lat' dir='ltr'><strong>autem</strong></span> <span class='ocrx_word' id='word_1_343' title='bbox 249 2635 384 2669; x_wconf 89' lang='lat' dir='ltr'><strong>omnino</strong></span> <span class='ocrx_word' id='word_1_344' title='bbox 410 2635 588 2669; x_wconf 84' lang='lat' dir='ltr'><strong>consilium</strong></span> <span class='ocrx_word' id='word_1_345' title='bbox 611 2634 741 2670; x_wconf 90' lang='lat' dir='ltr'><strong>Tibulli</strong></span> <span class='ocrx_word' id='word_1_346' title='bbox 764 2636 935 2669; x_wconf 84' lang='lat' dir='ltr'><strong>illustrare</strong></span> <span class='ocrx_word' id='word_1_347' title='bbox 961 2635 1150 2669; x_wconf 88' lang='lat' dir='ltr'><strong>luculenter</strong></span> <span class='ocrx_word' id='word_1_348' title='bbox 1176 2634 1337 2671; x_wconf 82' lang='lat' dir='ltr'><strong>honorem</strong></span> <span class='ocrx_word' id='word_1_349' title='bbox 1362 2636 1460 2669; x_wconf 71' lang='lat' dir='ltr'><strong>Mes-</strong></span> 
     </span>
    </p>
   </div>
  </div>
 </body>
</html>
