1721 2953
589 144 838 187 TIBULLI.
1275 160 1378 184 cmii

33 265 149 306 Adde
176 266 275 307 ibid.
308 278 347 304 v.
383 263 447 302 14.
477 269 517 301 et
545 261 596 312 ΙΙ,
616 261 655 312 4,
686 264 724 301 3.
756 268 795 300 et
824 261 852 309 Ι,
887 266 923 309 9,
960 264 1023 300 11,
1047 264 1112 302 12,
1169 260 1301 310 Pergo
1329 257 1379 298 ad

35 343 125 381 alia.
155 363 211 371 —-
278 339 527 392 Epanalepsin
566 337 691 376 totius
740 340 964 376 sententiae
994 349 1160 389 gravem
1188 335 1382 375 Tibullus

34 418 157 457 habet
184 416 215 465 Ι,
247 418 284 465 3,
314 415 353 452 4.
386 417 434 452 5:

209 489 425 528 Abstineas
457 486 620 535 avidas,
656 487 774 527 Mors
804 500 954 539 precor
984 495 1092 536 atra,
1133 499 1292 526 manus.

144 565 385 614 Abstineas,
417 564 534 604 Mors
560 573 670 614 atra,
716 577 886 616 precor,

34 639 105 679 ubi
133 639 177 677 in
206 639 490 691 Explicatione
521 640 642 678 etiam
675 639 755 678 alia
784 638 1044 678 adduximus.
1104 637 1274 675 Referas
1304 636 1384 673 huc

33 714 153 752 etiam
182 715 278 752 talia
307 714 337 764 Ι,
371 718 406 764 1,
436 719 505 754 23.
543 716 615 765 IV,
649 719 686 765 5,
719 720 756 754 7.
821 714 954 753 Habet
985 714 1084 751 haec
1114 710 1244 761 figura
1277 708 1385 761 apud

32 789 244 828 Tibullum
278 790 400 828 simul
438 791 549 829 hunc
589 804 730 840 usum,
766 798 814 828 ut
852 789 1046 828 transitus
1086 786 1136 825 ad
1175 786 1387 838 sequentia

31 866 251 914 muniatur,
281 867 325 904 in
350 879 474 918 quam
502 879 590 904 rem
622 866 730 905 conf.
747 866 778 914 Ι,
804 869 838 913 1,
857 869 922 903 63.
981 861 1104 911 Quod
1129 874 1256 914 porro
1289 868 1388 899 nota

34 941 154 978 etiam
189 941 247 979 ita
286 939 397 989 fieri,
444 949 489 980 ut
527 949 622 993 post
660 941 791 980 maius
834 940 1095 981 intervallum
1141 936 1191 976 ad
1232 949 1387 976 novum

32 1015 170 1054 locum
211 1012 562 1056 introducendum
602 1025 814 1069 repetatur
855 1017 940 1056 sive
982 1014 1127 1053 iisdem
1170 1014 1254 1053 sive
1300 1012 1388 1051 aliis

32 1091 170 1132 verbis
216 1093 406 1144 superior
449 1091 671 1142 sententia,
721 1100 767 1131 ut
806 1092 844 1140 Ι,
877 1096 926 1140 6,
960 1096 1027 1129 37.
1071 1090 1162 1128 coll.
1193 1093 1318 1127 v.23.
1350 1095 1390 1126 et

34 1167 66 1215 Ι,
99 1171 164 1215 10,
198 1171 265 1206 25.
305 1168 398 1206 coll.
426 1182 466 1207 v.
486 1170 552 1205 15.
620 1167 756 1218 Atque
788 1166 907 1205 etiam
940 1164 1143 1204 clauditur
1171 1163 1241 1202 tali
1271 1176 1390 1215 repe-

32 1241 178 1280 titione
209 1241 423 1281 commode
450 1244 565 1280 locus
600 1241 864 1289 antecedens,
896 1239 993 1278 dum
1024 1247 1296 1290 praeparatur
1329 1252 1390 1277 se-

35 1330 188 1369 quens,
227 1326 269 1355 ut
300 1318 330 1365 Ι,
355 1321 391 1367 3,
413 1320 479 1356 51.
503 1321 569 1356 52.
600 1329 682 1368 quo
715 1315 886 1354 disticho
917 1314 1120 1365 repetitur
1148 1322 1288 1352 votum
1321 1327 1390 1351 su-

34 1392 172 1444 perius
207 1407 246 1431 v.
271 1396 337 1430 33.
373 1394 463 1442 34„
506 1399 545 1430 et
577 1392 628 1441 Π,
653 1393 690 1440 4,
720 1394 788 1428 20.
821 1391 913 1429 coll.
943 1405 982 1429 v.
1007 1393 1070 1429 15.
1103 1388 1201 1427 ibid.
1232 1396 1269 1426 et
1296 1389 1325 1436 Ι,
1353 1393 1390 1437 5,

37 1471 104 1507 17.
167 1466 285 1506 Adde
317 1468 348 1517 Ι,
378 1473 417 1515 2,
448 1471 517 1507 23.
548 1469 617 1505 24.
659 1466 731 1506 ubi
772 1465 1017 1517 amplificata
1057 1465 1255 1503 sementia
1287 1462 1392 1502 redit

35 1541 89 1581 ad.
119 1543 284 1582 initium
313 1544 394 1581 loci
432 1558 470 1583 v.
492 1546 557 1581 16.
607 1541 722 1581 'Nam
750 1541 1015 1593 repetitiones
1041 1541 1118 1578 hae
1149 1548 1216 1577 aut
1247 1538 1389 1577 iisdem

35 1619 174 1658 verbis
208 1619 334 1668 fiunt,
367 1627 436 1656 aut
466 1617 538 1656 ubi
569 1617 676 1666 aliis,
709 1618 776 1658 vel
804 1617 1016 1656 breviores
1042 1623 1155 1664 sunt,
1187 1616 1252 1654 vel
1279 1613 1392 1667 quod

35 1695 281 1746 plerumque
316 1694 472 1745 aptius7
511 1693 750 1744 ampliores,
791 1701 913 1744 atque
942 1693 1020 1730 hoc
1050 1692 1239 1730 ultimum
1271 1691 1391 1728 etiam

39 1769 89 1809 ad
121 1768 349 1808 Pindarum
381 1767 521 1806 notavi
545 1767 786 1814 NemNHI,
819 1769 886 1805 34.
954 1766 1090 1818 Atque
1121 1767 1220 1804 haec
1253 1767 1393 1804 hacte-

37 1858 128 1883 nus.
157 1867 215 1874 -——
271 1844 493 1895 Postquain
526 1841 575 1880 de
611 1841 844 1893 potioribus
879 1840 1136 1892 repetitionis
1177 1840 1393 1879 schematis

39 1917 146 1970 apud
187 1918 399 1956 Tibullum
433 1915 539 1965 dixi,
579 1924 703 1954 restat
734 1925 777 1954 ut
806 1920 957 1954 rariora
977 1913 1179 1968 quaedam
1210 1916 1395 1956 afferam.

41 1993 145 2031 Cum
174 1992 264 2031 finis
295 1990 571 2030 antecedentis
604 1992 831 2030 sententiae
872 1991 913 2029 in
944 1990 1062 2030 initio
1093 1991 1300 2043 sequentis
1329 2005 1396 2030 re-

37 2070 214 2122 petitur,
259 2069 508 2120 anastrophen
554 2076 594 2107 et
623 2068 918 2120 epanastrophen
959 2066 1101 2105 dicunt
1131 2075 1313 2119 veteres,
1351 2076 1397 2107 ut

40 2145 133 2184 Tib.
163 2146 194 2194 Ι,
227 2148 261 2194 1,
298 2145 379 2182 45:

152 2221 285 2259 Parva
314 2231 424 2269 seges
455 2218 551 2257 satis
583 2226 663 2267 est,
704 2217 800 2256 satis
831 2225 910 2265 est,
949 2217 1207 2270 requiescere
1235 2219 1340 2258 lecto

209 2293 253 2333 Si
282 2293 389 2332 lieet.

41 2370 156 2410 Adde
187 2370 243 2418 ΙΙ,
280 2373 317 2418 5,
354 2373 456 2420 1173
494 2367 606 2420 quod
639 2369 802 2407 schema
834 2366 941 2419 apud
968 2374 1110 2418 poetas
1138 2366 1397 2419 frequentius

43 2459 127 2484 esse
167 2457 291 2498 quam
331 2443 376 2481 in
416 2456 539 2495 prosa
586 2444 774 2481 oratione
817 2450 1070 2481 annotarunt
1106 2442 1188 2480 iam
1228 2451 1400 2482 veteres.

43 2521 89 2558 In
119 2520 230 2558 Albii
267 2528 402 2558 tamen
435 2519 684 2558 carminibus
726 2532 820 2556 rara
859 2531 948 2567 res,
994 2516 1108 2570 quod
1140 2529 1235 2556 casu
1263 2520 1400 2569 potuit

44 2595 197 2633 factum
241 2607 342 2633 esse.
427 2592 552 2642 Quod
599 2606 699 2634 vero
744 2594 867 2632 etiam
919 2601 1160 2645 usurpatam
1209 2593 1254 2631 in
1302 2606 1398 2632 con-
