1721 2953
246 101 320 135 1¹20
554 89 923 133 COMMENTAR.
953 90 1011 130 IN
1041 90 1269 131 TlBULLI

241 210 319 242 nine
346 208 518 241 Cirrumio
544 204 638 238 audit
674 203 823 248 Epithal.
849 207 927 247 28.,
961 204 1051 239 unde
1085 205 1186 238 etiam
1222 206 1436 237 certaverant
1470 202 1513 236 de
1546 213 1586 236 ea

243 275 396 319 luppiter
432 275 466 304 et
504 270 697 314 Neptunus.
721 286 768 296 —
805 270 1021 304 fraenato
1055 270 1203 313 pisce,
1241 267 1419 312 delphino,
1460 272 1499 301 ut
1532 278 1586 310 ap.

247 341 382 373 Vnst—311.
412 336 542 369 chc.
569 336 596 378 Ι,
625 338 691 370 130
715 346 788 378 sqq.
839 337 917 372 Quo
954 336 1058 369 etiam
1090 336 1164 368 aliis
1197 336 1408 379 temporibus
1445 333 1590 375 vehitur,

245 405 286 438 cs.
314 402 421 435 Ovio.
446 401 531 434 Met.
557 400 620 442 XI,
642 403 722 434 237.
771 400 878 434 Notat
903 402 1195 434 Bnoucxnusms.
1246 401 1298 434 De
1331 411 1362 433 v.
1387 399 1590 446 frttenatus

247 470 515 501 Bimufflnmus
531 466 746 499 annnmus
771 465 904 499 confert
927 467 1040 499 Satur.
1067 466 1187 500 Aeliill.
1213 467 1241 508 Ι,
1263 468 1355 499 221:
1380 464 1490 498 Elicit
1512 464 1592 496 inde

240 532 353 577 frelis
379 539 415 565 et
440 532 569 565 murice
596 532 726 578 frenat
753 538 860 565 actito
893 532 1078 577 delphinas
1104 532 1238 578 biiuges
1263 537 1328 566 etc.
1379 532 1524 565 Omnino
1550 532 1594 564 de

247 599 448 632 animalibus
476 598 633 640 marinis,
667 597 789 640 quibus
825 597 971 631 insident
1004 598 1050 631 dii
1087 598 1228 640 marini,
1265 598 1350 632 dixit
1383 597 1529 633 Vossms
1560 598 1595 630 in

249 665 359 709 Epist.
386 663 531 707 Mythol.
557 664 603 697 T.
626 664 671 706 Il,
697 674 751 708 cp.
777 666 902 698 22-28.
951 663 1082 697 Ibidem
1109 664 1317 708 explicatum
1343 667 1395 697 est
1420 662 1594 707 epitheton

249 731 411 764 usitatum
443 732 679 774 caerulus,
711 731 804 774 quod
838 730 881 764 de
913 732 1057 765 vestium
1082 731 1199 764 colore
1225 732 1383 764 caeruleo
1408 734 1461 764 est
1494 730 1596 763 intel-

250 799 434 841 ligendum.
484 797 531 831 Et
565 797 617 831 bic
655 798 791 841 quidem
827 798 1006 832 manifesto
1043 797 1086 831 ad
1121 802 1278 831 ornatum
1315 798 1508 842 appositum
1545 801 1599 830 est

251 865 499 910 pulcherrimae
535 866 631 899 deae.
682 865 803 909 Neque
831 866 920 899 enim
946 866 1091 899 otiosum
1118 865 1234 899 haberi
1272 865 1386 901 debet.
1436 865 1596 898 Ceterum

252 933 345 966 varie
376 935 523 966 tractata
556 942 576 964 a
610 932 722 975 poetis
756 931 869 964 sabula
903 931 945 964 de
971 931 1021 964 his
1047 932 1193 975 nuptiis,
1230 930 1272 964 cf.
1306 931 1431 965 ΗΕΥΝ.
1457 929 1488 964 h.
1514 931 1538 965 l.
1565 934 1598 964 et

252 1000 362 1033 Pmn.
387 998 486 1032 Nem.
511 999 573 1040 IV,
598 1001 644 1032 62
669 1010 741 1042 sqq.
769 1003 803 1032 et
828 998 945 1032 Isthm.
972 999 1048 1032 Vll.
1074 1016 1122 1023 —

348 1065 391 1099 V.
425 1068 565 1099 47-66.
625 1066 819 1100 Medium
859 1076 1047 1100 carmen.
1107 1066 1221 1099 Pars
1258 1064 1405 1097 altera
1441 1072 1597 1097 rerum.

254 1130 532 1165 Dehortatur
571 1131 743 1164 Deliam
781 1131 988 1173 graviter
1025 1141 1046 1164 a
1085 1129 1353 1174 praeceptis
1391 1129 1520 1162 lenae
1559 1131 1601 1161 et

256 1197 476 1240 pauperis
501 1197 719 1230 amatoris
744 1196 906 1230 officia
932 1195 1095 1230 laudat.

351 1263 393 1296 V.
414 1265 459 1296 47
478 1273 528 1305 sq.
555 1263 677 1295 Haec
703 1273 901 1296 nocuere
925 1261 1052 1303 mihi,
1078 1260 1194 1305 quod
1215 1264 1280 1294 etc.
1329 1261 1418 1294 Sunt
1441 1259 1498 1303 qui
1526 1264 1603 1305 post

258 1327 344 1360 milii
376 1329 538 1361 maiorem
571 1328 821 1360 distinctionem
857 1331 985 1370 ponant
1016 1331 1051 1360 et
1078 1326 1120 1359 ad
1147 1326 1381 1359 antecedentia
1407 1326 1506 1359 colon
1532 1329 1602 1357 tra-

258 1394 358 1436 hant,
394 1396 499 1428 veluti
525 1395 631 1427 Ovm.
663 1394 748 1427 Met.
775 1394 837 1435 lx,
861 1396 941 1427 612.
978 1394 1232 1426 enumeratione
1266 1403 1376 1426 rerum
1410 1393 1602 1425 nocentiinn

259 1461 353 1493 finita
378 1460 472 1493 addit
497 1461 615 1493 eadem
642 1460 754 1494 verba.
816 1460 887 1494 Sed
922 1462 1066 1501 primum
1103 1461 1192 1493 mala
1225 1458 1278 1492 hic
1304 1463 1356 1492 est
1390 1460 1466 1491 talis
1503 1469 1603 1501 repe<-

259 1526 355 1566 titio,
379 1527 474 1568 quasi
499 1525 582 1558 illud
609 1526 755 1558 maxime
781 1524 895 1558 doleat
921 1530 954 1559 et
980 1527 1103 1559 iterum
1130 1526 1322 1567 iterumque
1347 1525 1517 1557 inculcare
1545 1535 1604 1556 ve-

260 1592 320 1633 lit,
355 1591 446 1633 quod
479 1592 530 1625 vis
564 1592 713 1625 mascula
747 1602 824 1625 eum
849 1592 1013 1625 destituat
1044 1592 1077 1625 in
1103 1592 1177 1624 istis
1201 1591 1434 1635 amplexibus;
1470 1600 1545 1623 nani
1573 1592 1604 1623 in

260 1654 325 1688 hoc
359 1666 450 1689 nexu
485 1667 605 1688 nocere
639 1657 740 1690 aliter
776 1656 922 1699 intelligi
955 1667 1023 1689 non
1062 1660 1192 1700 posset.
1240 1656 1372 1690 Deinde
1407 1666 1483 1689 cum
1518 1666 1606 1689 nunc

261 1721 344 1755 haec
378 1723 423 1755 sit
447 1722 619 1764 sequentis
644 1723 835 1755 sententiae
859 1723 968 1755 ratio:
1007 1721 1112 1766 Quod
1141 1721 1243 1754 adest
1275 1720 1358 1754 huic
1387 1720 1483 1753 dives
1507 1732 1606 1752 ama-

260 1795 335 1825 tor,
373 1788 472 1821 lenae
508 1787 609 1822 debeo
641 1788 679 1821 in
712 1788 859 1822 exitium
885 1801 996 1821 meam
1022 1800 1111 1835 quae
1136 1788 1230 1822 venit
1257 1794 1292 1821 et
1317 1787 1472 1832 corrupit
1504 1788 1608 1833 puel-

261 1853 350 1890 lam,
384 1864 451 1896 quo
478 1854 614 1887 tandem
639 1853 838 1888 nexurhaec
864 1865 940 1889 cum
965 1855 1246 1889 antecedentibus
1271 1854 1485 1897 iunguntur?
1534 1855 1608 1888 Re-

261 1920 429 1964 spondeas
455 1931 517 1964 per
542 1922 792 1964 oppositionem
820 1922 927 1965 iungi.
977 1922 1153 1965 Intelligas
1177 1923 1283 1965 igitur
1313 1922 1381 1955 sic:
1421 1921 1519 1955 Haec
1543 1931 1609 1954 no-

263 1996 365 2018 cuere
394 1985 473 2018 mihi
498 1986 531 2018 in
557 1987 737 2030 amplexu,
762 1987 852 2030 quod
880 1998 961 2021 vero
985 1987 1080 2021 dives
1104 1992 1236 2021 amator
1261 1987 1338 2021 huic
1362 1986 1479 2028 adest,
1505 1987 1537 2020 in
1566 1997 1608 2020 eo

262 2052 338 2083 lena
364 2050 444 2084 mihi
470 2051 595 2083 nocuit.
646 2052 778 2093 Audio,
813 2053 872 2086 sed
909 2064 975 2086 non
1009 2054 1094 2086 dixit
1120 2054 1168 2087 ita
1191 2053 1359 2087 Tibullus.
1409 2053 1495 2086 Cum
1521 2054 1609 2086 enim

262 2115 405 2148 nocendi
430 2116 522 2149 notio
549 2127 638 2150 nunc
661 2117 695 2149 iu
721 2121 865 2160 utraque
891 2121 1058 2152 sententia
1082 2120 1173 2161 insit,
1200 2121 1372 2164 oppositio
1397 2130 1464 2153 non
1488 2120 1521 2153 in
1548 2119 1610 2152 hac

263 2187 377 2227 potest
401 2193 489 2224 esse,
512 2183 572 2216 sed
598 2173 649 2217 e'st
670 2186 863 2219 necessario
884 2187 917 2219 in
937 2186 1115 2228 adiunctis,
1140 2187 1230 2221 unde
1256 2198 1322 2230 ego
1349 2187 1463 2221 addidi
1487 2188 1608 2221 verba:

261 2249 295 2280 in
321 2249 501 2292 amplexu,
531 2251 643 2291 qualia
670 2251 772 2285 etiam
798 2252 955 2286 Tibullus
981 2253 1107 2287 addere
1132 2254 1319 2287 debuisset.
1375 2254 1506 2287 Deinde
1531 2264 1607 2287 cuni

263 2326 304 2349 ex
333 2316 397 2348 ista
422 2317 552 2349 ratione
578 2328 643 2350 non
678 2329 708 2351 v.
736 2318 857 2354 adest,
893 2320 954 2353 sed
988 2332 1020 2352 v.
1048 2320 1144 2353 dives
1169 2326 1330 2355 amator,
1366 2331 1432 2353 non
1457 2331 1486 2352 v.
1515 2320 1609 2352 venit

259 2381 297 2413 in
320 2380 489 2416 exitium,
522 2382 582 2415 sed
608 2393 638 2417 v.
664 2383 744 2415 lena
770 2385 915 2428 primum
941 2386 1052 2420 locum
1077 2390 1194 2420 tenere
1220 2386 1365 2419 debeant
1391 2386 1423 2417 in
1448 2384 1608 2417 membris

261 2447 352 2488 suis,
394 2448 496 2482 etiam
529 2447 593 2482 boc
627 2460 727 2483 secus
761 2450 886 2485 habere
921 2453 1025 2487 vides.
1075 2454 1191 2489 Quare
1216 2456 1286 2485 tota
1312 2451 1375 2484 ista
1409 2452 1495 2484 ratio
1528 2462 1607 2495 per-

265 2521 373 2554 versa,
399 2522 442 2545 ne
468 2513 564 2556 plura
591 2513 723 2548 addam.
774 2515 968 2551 Teneamus
995 2518 1099 2560 igitur
1123 2518 1265 2550 alteram
1291 2516 1354 2550 loci
1381 2518 1607 2551 constructio-

259 2586 337 2610 nem
365 2577 536 2619 Humwo,
565 2579 881 2623 Wnismmmcfflo,
907 2583 1136 2616 LAchAlsix‘o
1165 2582 1360 2625 probatam,
1396 2593 1482 2624 quae
1506 2581 1605 2615 unice
