1721 2953
484 171 628 212 LIBR.
657 170 732 210 lv.
791 170 959 211 CARM.
989 170 1063 211 IV.
1355 174 1436 212 439

426 469 898 518 CARMEN
1003 473 1085 519 IV.

561 775 968 821 INTRODUCTIO.

88 935 331 999 Aegrotante
365 955 520 1000 Sulpicia
554 959 678 1000 poeta,
716 954 846 988 amicus
871 951 1048 995 Cerinthi,
1084 954 1274 997 Apollinem
1299 953 1433 988 invocat

86 1028 125 1057 ut
149 1023 327 1057 medeatur
350 1023 506 1067 puellae,
541 1026 575 1056 et
600 1021 686 1056 lianc
711 1025 794 1067 puta
817 1030 982 1055 summam
1008 1021 1173 1054 carminis.
1231 1020 1294 1053 Est
1318 1023 1432 1053 autem

87 1095 140 1125 ter
166 1092 313 1135 repetita
337 1091 507 1125 invocatio
532 1090 610 1132 dei,
647 1094 681 1124 et
714 1088 818 1123 habet
854 1099 991 1123 carmen
1025 1087 1199 1133 pulchram
1233 1087 1431 1121 divisionem

88 1157 243 1200 partium.
292 1156 488 1190 Primum
515 1153 604 1189 enim
628 1158 729 1189 vocat
753 1154 854 1188 deum
877 1157 916 1187 ut
933 1154 1087 1188 morbum
1108 1154 1277 1188 formosae
1297 1154 1431 1198 puellae

87 1223 257 1264 expellat,
283 1231 326 1255 ne
351 1225 508 1266 turpetur
531 1231 656 1265 corpus
681 1221 788 1254 macie
813 1224 848 1253 et
872 1220 1024 1264 pallore,
1048 1225 1152 1264 atque
1176 1221 1276 1254 etiam
1302 1220 1430 1253 maiora

85 1289 174 1321 mala
202 1291 343 1322 avertat.
393 1288 444 1321 Ac
477 1297 539 1331 par
573 1292 647 1321 erat
681 1287 724 1320 ab
761 1285 813 1320 his
848 1287 979 1320 initium
1013 1287 1098 1320 fieri.
1149 1287 1237 1320 Tum
1262 1287 1431 1319 iterum

85 1367 162 1389 eum
185 1360 285 1389 vocat
309 1366 386 1389 cum
405 1355 662 1389 medicamentis
691 1355 847 1389 omnibus
872 1358 907 1388 et
933 1355 1098 1396 cantibus,
1119 1358 1157 1387 ut
1177 1355 1278 1388 etiam
1299 1354 1431 1387 iuvenis

83 1422 226 1455 amantis
249 1421 401 1455 anxietas
426 1421 595 1463 solvatur,
621 1421 677 1463 qui
703 1424 848 1454 mortem
873 1421 1008 1463 puellae
1034 1421 1172 1461 timeat,
1204 1418 1291 1452 hunc
1313 1423 1427 1452 autem

84 1488 195 1533 ipsum
227 1487 380 1521 hortatur
414 1491 452 1521 ut
486 1487 576 1520 bono
610 1487 722 1520 animo
756 1487 801 1520 sit
833 1490 868 1520 et
892 1487 1021 1530 optima
1055 1489 1189 1529 speret,
1230 1495 1307 1518 cum
1342 1485 1428 1519 deus

83 1565 150 1589 non
175 1556 288 1589 laedat
312 1559 476 1589 amantes.
525 1555 682 1597 Denique
706 1554 894 1587 tertium
920 1553 1056 1586 invocat
1074 1551 1262 1594 Phoebum,
1288 1556 1323 1586 et
1341 1562 1430 1585 nunc

84 1621 220 1664 quidem
246 1621 478 1664 complectens
505 1610 642 1662 primae
659 1622 694 1651 et
717 1617 887 1651 secundae
920 1617 1027 1660 partis
1052 1626 1234 1658 summam,
1270 1620 1430 1660 precatur

83 1691 122 1720 ut
148 1688 181 1719 in
207 1696 274 1719 uno
300 1694 445 1729 corpore
471 1687 607 1716 servato
633 1681 720 1715 duos
746 1682 925 1722 restituat,
961 1680 1174 1724 spondetque
1208 1680 1239 1714 ei
1271 1682 1427 1714 certatim

82 1751 124 1785 ab
151 1755 295 1794 utroque
322 1753 456 1783 amante
481 1747 657 1782 offerenda
684 1746 771 1780 dona
797 1750 831 1779 et
863 1745 1015 1789 ipsorum
1042 1746 1077 1778 in
1102 1746 1253 1789 Olympo
1285 1746 1427 1780 deorum

81 1817 338 1860 gratulationes.
395 1815 499 1848 Patet
535 1814 678 1846 sormam
715 1811 871 1845 carminis
910 1810 1124 1844 antecedenti
1161 1811 1303 1844 similem
1339 1822 1425 1845 esse.

82 1883 189 1916 Facta
213 1891 295 1915 vero
321 1880 440 1913 dirisio
465 1878 657 1922 argumenti
682 1887 771 1910 nunc
797 1875 932 1918 quidem
958 1876 1142 1909 secundum
1172 1887 1355 1920 personas,
1392 1881 1428 1909 et

82 1953 178 1982 ortae
211 1949 260 1982 sic
293 1948 393 1981 etiam
430 1945 483 1979 hic
508 1945 549 1979 ad
584 1944 837 1978 similitudinem
871 1942 1136 1986 antistrophicae
1172 1943 1425 1986 compositionis

81 2015 197 2048 duae
237 2023 470 2056 congruae
507 2016 685 2057 partes,
720 2012 826 2044 altera
851 2011 1056 2054 Sulpiciam,
1096 2011 1203 2043 altera
1228 2009 1425 2044 Cerinthum

81 2086 258 2126 spectans,
292 2091 375 2124 quas
401 2080 547 2122 denique
580 2079 733 2112 exitus
767 2077 942 2119 coniungit
968 2080 1127 2119 tanquam
1155 2076 1295 2119 epodus.
1354 2076 1425 2110 Sed

80 2149 169 2192 quod
187 2159 252 2182 non
268 2148 412 2181 vidimus
429 2148 463 2180 in
482 2145 697 2180 antecedenti
716 2145 877 2186 carmine,
900 2143 988 2177 redit
1008 2144 1107 2177 simul
1127 2143 1235 2177 forma
1258 2144 1424 2186 quaedam

81 2214 293 2248 tractationis
314 2223 376 2256 per
398 2223 516 2246 omnes
540 2215 675 2255 partes,
701 2210 846 2253 repetita
868 2213 922 2243 ter
942 2210 1154 2244 invocatione
1178 2210 1252 2251 dei3
1277 2211 1424 2253 explicui

83 2291 163 2315 vero
189 2279 322 2313 abunde
350 2279 453 2312 etiam
479 2278 522 2311 de
547 2278 751 2321 repetitione
776 2276 982 2317 formarum,
1019 2286 1119 2318 quam
1152 2275 1250 2317 dico,
1288 2276 1320 2308 in
1346 2276 1421 2308 Dis-

80 2347 265 2381 sertatione
301 2345 343 2378 de
379 2344 482 2378 Poesi
516 2344 658 2377 Tibulli.
715 2344 828 2385 Atque
864 2340 947 2375 haec
982 2339 1154 2375 hactenus.
1205 2340 1310 2375 Vides
1346 2342 1424 2384 pul—

79 2411 191 2446 chram
227 2411 507 2455 compositionem
545 2411 678 2453 elegiae
712 2409 754 2443 ab
788 2408 935 2451 eleganti
970 2409 1106 2451 ingenio
1140 2408 1349 2452 profectam,
1389 2413 1422 2440 et

79 2488 245 2520 agnosces
270 2488 385 2510 verum
412 2481 546 2521 poetam
581 2478 682 2511 etiam
716 2477 750 2510 in
783 2476 877 2509 brevi
912 2475 1069 2509 carmine.
1127 2474 1215 2508 Nam
1249 2474 1351 2507 etiam
1389 2474 1419 2506 in

80 2543 221 2585 singulis
255 2544 338 2576 locis
373 2544 511 2585 elegans
546 2543 704 2576 tractatio
740 2545 813 2583 est,
858 2541 978 2575 ultimo
1013 2544 1128 2574 autem
1161 2538 1306 2573 disticho
1341 2537 1419 2573 nihil

79 2608 160 2650 fingi
187 2611 297 2651 potest
322 2608 468 2642 suavius.
