1721 2953
246 151 327 191 450
539 142 912 187 COMMENTAR.
942 144 1000 184 IN
1031 144 1067 182 T
1072 142 1263 184 lBULLI

247 263 310 296 lior
333 261 498 294 iunctura.
526 276 570 282 —
609 256 732 290 votis
757 257 841 290 iam
865 261 996 291 vetus
1021 256 1140 290 adsit
1164 266 1305 298 amor,
1333 255 1365 290 h.
1386 266 1416 289 e.
1443 254 1531 289 sesto
1555 256 1589 289 et

247 330 346 370 votis,
371 337 458 369 quae
483 329 564 358 tunc
589 323 827 368 suscipientur,
852 328 1021 368 tamquam
1049 328 1145 357 vetus
1170 324 1284 358 socius
1308 323 1397 357 adsit
1422 322 1476 357 hic
1502 322 1592 356 idem

247 405 362 435 amor,
404 394 540 434 stetque
575 391 744 424 firmatum
779 390 899 425 foedus
931 393 997 426 iam
1035 393 1145 436 spatio
1180 390 1267 424 anni.
1331 390 1493 423 Ceterum
1528 400 1595 423 non

249 464 349 497 deum
375 462 533 495 Amorem
561 457 613 492 liic
639 458 803 502 intelligi,
836 464 874 493 ut
898 461 1026 494 Vossro
1053 459 1179 501 visum,
1204 457 1278 502 ipse
1302 457 1418 491 sentis.

576 796 1050 842 CARMEN
1152 797 1266 845 VII.

251 1087 441 1148 Petita
476 1104 652 1138 tandem
687 1104 808 1137 votis
841 1102 934 1135 suis
967 1101 1120 1145 puella
1153 1105 1195 1134 et
1221 1101 1451 1145 perfruita
1480 1105 1602 1135 tene-

253 1176 314 1208 ris
339 1171 633 1216 amplexibus
658 1169 792 1202 amati
818 1167 1014 1209 iuvenis,
1048 1167 1121 1209 qui
1146 1166 1356 1200 timidior
1381 1171 1486 1200 ante
1511 1166 1602 1200 fue-

253 1245 342 1281 rat,
376 1237 648 1272 laetabunda
684 1237 725 1269 in
759 1234 865 1268 haec
890 1234 1028 1267 verba
1054 1235 1269 1278 erumpit,
1309 1244 1419 1277 quae
1453 1244 1603 1267 secum

254 1307 482 1349 loquitur,
527 1304 710 1349 opinor3
751 1312 894 1345 neque
929 1302 1039 1336 enim
1078 1312 1157 1346 pro
1196 1302 1402 1345 epistola
1440 1311 1490 1335 ea
1533 1299 1602 1333 ha-

254 1373 416 1406 bemus.

349 1437 391 1470 V.
419 1438 435 1468 1
465 1446 515 1477 sq.
554 1435 733 1477 qualem
768 1434 947 1466 texisse
980 1432 1141 1476 pudori
1169 1438 1235 1467 etc.
1259 1432 1289 1466 h.
1315 1443 1344 1466 e.
1371 1433 1503 1475 qualem
1531 1443 1603 1465 ma-

255 1504 308 1546 gis
352 1501 473 1545 pudori
515 1500 559 1533 sit
602 1499 690 1532 sama
729 1499 857 1532 texisse
894 1508 994 1541 quam
1040 1496 1206 1540 nudasse,
1251 1508 1278 1532 s.
1321 1498 1456 1540 qualem
1493 1498 1603 1540 magis

257 1568 376 1613 pudori
401 1566 479 1600 mihi
507 1567 569 1607 sit,
610 1565 637 1598 si
670 1564 763 1597 dicar
798 1565 945 1604 texisse,
981 1573 1081 1605 quam
1106 1563 1273 1604 nudasse3
1310 1573 1487 1606 peccarem
1512 1563 1603 1596 euim

255 1635 287 1667 in
311 1634 412 1667 deum
433 1632 584 1665 datorem
607 1630 819 1674 gaudiorum,
845 1630 872 1663 si
897 1629 1043 1673 puderet
1068 1639 1122 1661 me
1147 1629 1207 1661 rei.
1256 1629 1469 1663 Vocabulum
1491 1628 1604 1662 fama

257 1712 332 1734 esse
369 1704 509 1744 propter
542 1699 748 1732 locutio-nem
787 1695 917 1741 pudori
942 1696 991 1728 sit
1025 1697 1172 1730 electum
1207 1697 1281 1740 ipse
1314 1696 1418 1730 vides.
1475 1697 1601 1730 Veram

257 1768 363 1809 igitur
400 1766 507 1799 liabeo
544 1765 735 1797 restitutam
773 1774 793 1796 a
829 1763 1062 1796 LACHMANNO
1098 1763 1289 1810 lectionem.
1352 1763 1439 1796 Nam
1476 1764 1604 1796 locutio

255 1831 386 1877 pudori
419 1831 467 1863 sit
504 1835 556 1863 est
591 1829 644 1863 hic
676 1831 749 1862 sine
786 1829 889 1861 dubio
924 1830 1061 1873 propria
1091 1833 1128 1870 ⁴et
1161 1830 1253 1862 nulla
1284 1829 1350 1862 alia
1378 1840 1487 1872 aeque
1521 1839 1603 1862 con-

258 1897 361 1930 venit.
412 1894 527 1939 Vulgo
546 1897 724 1929 scrlbItur:
752 1895 890 1942 qualem
915 1896 1044 1928 texisse
1066 1895 1200 1940 pudore
1226 1897 1341 1941 Quam
1359 1895 1514 1928 nudasse
1536 1895 1605 1927 ali-

259 1962 317 1994 cui
354 1961 403 1994 sit
441 1962 526 1994 milzi
556 1961 664 2007 fama
702 1960 833 1998 minor,
871 1962 905 1994 in
942 1972 1009 2004 quo
1043 1961 1153 1995 minor
1186 1963 1229 1995 ab
1265 1963 1388 1996 ITALIS
1423 1966 1486 1995 est.
1535 1961 1606 1995 Sed

263 2037 471 2071 magnopere
499 2027 655 2070 displicet
680 2026 827 2068 locutio,
865 2027 958 2068 laus,
994 2026 1121 2069 honor,
1158 2029 1268 2071 gloria
1292 2028 1371 2062 mihi
1404 2029 1447 2061 sit
1479 2028 1606 2061 texisse

261 2105 361 2136 quam
387 2093 532 2126 nudasse
565 2093 666 2125 talem
692 2093 858 2126 ardorem.
911 2095 996 2129 Quis
1031 2096 1119 2128 enim
1153 2096 1185 2128 in
1220 2097 1277 2129 tali
1314 2107 1351 2129 re
1386 2095 1468 2129 haec
1503 2096 1606 2128 verba

260 2171 300 2194 ac
335 2171 403 2194 non
435 2161 548 2203 potius
583 2161 721 2204 pudorls
748 2172 870 2193 nomen
897 2145 1102 2204 exspectet?
1152 2162 1265 2203 Vulgo
1294 2162 1382 2194 enim
1410 2161 1530 2205 pudori
1555 2165 1607 2194 est

260 2229 406 2262 nudasse
445 2228 569 2271 gaudia
608 2229 743 2262 amm-is.
779 2247 822 2253 —-
871 2229 1068 2262 nudasse
1105 2229 1256 2262 alicui.
1308 2230 1606 2263 Constructionem

262 2296 460 2337 ceteroquin
486 2305 616 2334 raram,
652 2294 778 2326 nudare
809 2294 908 2326 alicui
934 2294 1083 2336 aliquid,
1108 2294 1255 2327 illustrat
1280 2294 1493 2327 Huscumns
1519 2295 1604 2327 affe-

261 2371 340 2394 rens
365 2361 446 2396 le.
473 2361 583 2402 XLH,
609 2364 673 2394 63:
706 2362 819 2392 fama
851 2360 1024 2406 equestris
1053 2373 1198 2406 pugnae
1227 2360 1377 2405 vulgata
1407 2373 1472 2405 per
1498 2362 1610 2393 Grae-

263 2427 352 2460 ciam
377 2427 530 2460 nudavit
557 2427 760 2460 voluntates
784 2427 983 2465 hominunm
1012 2428 1216 2461 Cmnmm.
1242 2427 1407 2469 XXXIII,
1426 2429 1513 2460 212:
1544 2426 1607 2459 Γί-

263 2494 365 2528 derat
391 2495 478 2527 haec
504 2494 635 2527 dudum
661 2507 796 2528 summa
821 2481 1026 2540 spec-illatus
1053 2494 1097 2527 ab
1123 2507 1202 2528 arce
1227 2495 1390 2539 Iuppiter
1414 2506 1456 2526 ac
1486 2493 1610 2527 Veneri

263 2562 390 2595 mentis
417 2562 620 2607 penetralia
654 2563 779 2595 nadal.
838 2563 931 2596 Idem
959 2567 1075 2597 contra
1102 2563 1282 2596 nmmum
1310 2565 1425 2595 monet
1450 2572 1515 2595 non
1542 2562 1607 2596 diei

262 2630 414 2672 „nudare
440 2630 581 2673 palmn‘⁵.
612 2649 653 2654 —-
693 2632 829 2666 Quam
860 2631 1080 2675 praemissum
1115 2630 1344 2674 comparativo
1377 2638 1476 2662 nemo
1510 2628 1607 2670 igno-
