1721 2953
544 119 687 163 LIBR.
715 118 768 160 11.
825 117 982 162 ELEG.
1015 122 1066 163 V.
1385 132 1467 167 285

123 241 280 277 fiuctibus
306 241 472 276 dicuntur.
523 238 626 274 Videt
649 238 782 282 Sibylla
807 247 910 282 super
936 238 1079 274 classem
1102 238 1145 274 ad
1171 241 1265 275 littus
1288 241 1379 276 Latii
1403 253 1467 287 ap·-

121 310 304 355 pellentem
329 308 439 341 animo
468 307 652 340 Victoriam
679 306 900 346 volitantem,
937 306 1028 349 quod
1063 311 1117 341 est
1140 308 1320 350 augurium
1346 318 1466 353 repor-

120 377 244 411 tandae
287 379 366 422 post
406 373 584 408 Lavinium
628 374 801 408 conditum
845 383 989 417 magnae
1032 373 1075 408 de
1119 375 1258 410 Rutulis
1295 377 1465 420 sociisque

120 442 274 476 Etruscis
308 440 492 482 victoriae,
531 447 619 483 quae
653 437 880 474 conformabit
909 437 1097 473 Troianum
1129 441 1317 485 imperium‘
1377 441 1465 475 Esse

117 509 242 542 alatam
266 507 372 550 vulgo
396 505 584 540 Victoriam
609 509 762 547 constat,
797 503 840 539 cf.
867 504 1000 539 Senon.
1026 505 1069 540 ad
1095 507 1266 552 Aristoph.
1295 510 1356 543 Av.
1382 510 1467 543 574.

119 577 177 611 ubi
212 573 411 610 Archennus
447 572 522 616 (01.
556 572 634 617 55.)
672 572 799 618 primus
831 572 902 606 alas
937 571 1022 607 deae
1056 573 1190 609 dedisse
1225 576 1358 610 dicitur.
1416 578 1466 610 Ac

117 645 194 687 quis
229 653 295 677 non
328 641 527 676 recordatur
557 635 714 685 Ἀθηνᾶς
744 641 858 684 Νίκης
890 638 1021 674 Eunu».
1055 639 1128 675 Ion.
1161 644 1241 675 460.
1279 644 1382 675 1545.
1421 641 1465 676 cf.

119 711 280 744 Gnmcx.
305 707 349 743 ad
374 704 480 752 Soph.
505 704 655 741 Philoct.
677 715 709 740 v·
731 706 808 740 134.
859 704 1032 740 anmus
1055 706 1148 740 addit
1170 708 1284 741 multis
1308 708 1342 741 in
1367 717 1466 740 num-

119 776 182 809 mis
215 775 354 809 Siciliae
387 777 424 808 et
457 772 579 808 Italiae
610 773 808 808 volitantem
842 773 993 817 conspici
1026 774 1224 808 Victoriam.
1283 774 1464 808 Postremo

120 841 197 875 vide
234 841 468 874 Borswrmnm
504 839 695 873 Comment.
732 838 775 872 de
813 837 984 880 Victoria,
1023 840 1207 882 praemissa
1233 840 1393 873 volumini
1420 839 1463 873 11.

117 905 264 951 Ephem.
298 907 362 940 litt.
397 905 543 939 univers.
569 914 647 937 ann.
674 905 777 937 1803.
802 906 839 937 et
862 903 1042 937 Mi'mnnm
1068 904 1254 948 Compend.
1283 904 1462 938 Archaeol.

116 985 150 1017 p.
177 975 259 1007 625.
284 991 330 998 --
374 973 416 1007 V.
442 974 487 1006 47
512 982 587 1015 sqq.
637 969 758 1004 Ecce
796 969 902 1004 mihi
938 971 1093 1005 lucent
1124 975 1189 1005 etc.
1239 971 1466 1013 Cycnum-rus,

116 1040 279 1081 Vossms,
295 1040 626 1080 Wunnsnmcfflus‚
642 1037 855 1070 Huscffiuus
874 1037 957 1071 illud
977 1038 1171 1072 incendium
1192 1039 1315 1082 respici
1334 1042 1466 1084 putant,

116 1117 185 1149 quo
211 1106 348 1139 Turnus
371 1105 598 1139 Troianorum
632 1105 777 1138 classem
813 1114 958 1138 exurere
994 1105 1136 1148 parabat
1169 1103 1211 1138 cf.
1237 1105 1347 1139 Vmc.
1379 1105 1466 1137 Aen.

117 1171 178 1213 IX,
208 1174 253 1204 69
275 1182 372 1213 sqq.,
406 1174 446 1203 ut
479 1168 690 1203 incendia
723 1179 776 1213 pr.
806 1168 935 1202 facibus
960 1170 1028 1203 sint
1053 1170 1086 1203 in
1112 1171 1232 1204 castris
1257 1170 1465 1205 Rutulorum

117 1237 262 1280 paratis,
297 1237 401 1270 veluti
424 1237 745 1270 WuNnancmus
772 1235 871 1270 Ovid.
898 1237 982 1270 Met.
1008 1237 1104 1280 XIV,
1128 1240 1209 1271 539.
1245 1239 1355 1272 Vina.
1378 1238 1464 1270 Aen.

115 1304 177 1344 IX,
203 1306 259 1336 71.
292 1303 401 1335 affert.
451 1302 682 1337 Incommode.
733 1302 818 1336 Post
851 1303 1057 1336 antecedens
1082 1303 1249 1337 distichon
1275 1303 1318 1337 de
1346 1304 1464 1338 Victo-

116 1370 166 1403 ria
200 1369 242 1403 ad
277 1369 445 1402 Troianos
477 1369 658 1410 veniente,
692 1369 767 1413 quis
801 1379 930 1412 quaeso
963 1369 1006 1401 de
1040 1369 1247 1402 Rutulorum
1289 1371 1466 1404 conatibus

118 1437 295 1472 hostilibus
320 1439 497 1480 exspectat
522 1435 649 1469 dictum
676 1435 738 1478 iri,
762 1446 803 1469 ac
828 1446 895 1469 nou
921 1436 1037 1481 potius
1063 1436 1106 1469 de
1131 1436 1358 1471 Troianorum
1384 1432 1468 1471 suc-

114 1505 294 1539 cessibus‘?
343 1506 394 1538 Ac
424 1514 524 1548 quem
555 1514 681 1537 nexum
709 1503 796 1537 istae
822 1503 915 1537 faces
949 1513 1026 1537 cum
1062 1514 1147 1538 nece
1175 1504 1282 1538 Turni
1309 1504 1464 1540 habent?

112 1572 221 1604 Immo
245 1575 341 1604 recte
365 1570 560 1604 HEYNms:
602 1568 780 1610 „Necesse
813 1572 866 1601 est
891 1568 996 1601 fuisse
1022 1568 1110 1602 inter
1135 1573 1269 1604 veteres
1302 1571 1344 1604 de
1371 1571 1462 1604 Tro-

112 1639 264 1672 ianorum
291 1638 393 1670 rebus
417 1638 449 1670 in
474 1636 573 1669 Italia
600 1635 731 1667 fabulas
765 1635 869 1669 etiam
901 1635 1049 1677 aliquam
1081 1636 1308 1670 narrationem
1335 1637 1377 1669 de
1403 1648 1463 1670 ca-

113 1705 193 1738 stris
218 1704 326 1737 Turni
353 1703 395 1736 ab
421 1703 537 1736 Aenea
562 1702 671 1746 captis
696 1705 731 1735 et
762 1701 929 1744 incensis,
966 1702 1030 1735 etsi
1066 1712 1086 1735 a
1118 1703 1264 1744 Virgilio
1293 1705 1463 1746 praeteri-

112 1770 218 1804 tam.“
267 1769 459 1812 Conspecta
485 1768 628 1812 primum
654 1767 807 1800 Victoria
833 1777 936 1811 super
962 1778 1085 1810 naves,
1126 1778 1215 1801 nnnc
1240 1768 1373 1810 Sibylla
1399 1780 1463 1813 per

112 1835 398 1870 continuationem
423 1833 560 1866 visionis
584 1834 686 1866 etiam
711 1833 852 1877 propius
879 1833 1008 1867 exitum
1033 1834 1113 1866 belli
1139 1835 1259 1868 ceruit.
1287 1854 1330 1859 —
1366 1836 1462 1868 bar-

111 1902 228 1934 bare.
279 1901 363 1934 Post
394 1900 563 1933 S'rA'er
593 1899 875 1932 Bnoucifflusms
911 1903 946 1931 et
983 1900 1144 1933 Vnumus
1179 1900 1321 1943 Italum,
1360 1902 1461 1935 Lati-

110 1977 189 2000 num
214 1966 498 2009 interpretantur,
535 1964 706 1998 Hssrmns
742 1968 856 1998 autem
889 1963 980 1997 haud
1015 1965 1118 1999 dubie
1153 1967 1273 2000 melius
1306 1978 1457 2010 saevum,

108 2033 272 2067 ferocem.
322 2031 484 2074 Sequitur
510 2031 748 2064 Gonnssnws.
773 2049 820 2054 —
863 2031 1070 2065 Laurens
1096 2037 1302 2067 castrum.
1353 2035 1460 2067 Hnr-

110 2108 194 2132 Nms
227 2107 294 2130 non
328 2097 415 2130 bene
448 2096 659 2129 Laurentum
693 2096 873 2138 intelligit,
907 2097 1112 2131 observante
1147 2101 1248 2133 etiam
1274 2101 1403 2134 Vossro
1429 2102 1458 2134 si

110 2164 295 2207 insigniore
322 2163 487 2196 vocabulo
513 2163 666 2196 Laurens
692 2168 841 2197 castrum
867 2164 986 2197 urbem
1010 2165 1136 2198 dixerit
1156 2167 1352 2200 Vmclmus
1375 2169 1459 2200 Aen.

109 2230 172 2272 JX,
189 2233 235 2271 8.,
259 2230 367 2263 minus
392 2233 504 2262 tamen
527 2233 607 2271 apte
627 2228 800 2262 Tibullum
827 2230 945 2262 urbem
973 2230 1142 2264 dicturum
1168 2231 1273 2265 fuisse
1296 2236 1458 2266 castrum.

111 2299 162 2331 Ac
187 2297 331 2330 vidimus
357 2297 423 2328 iam
447 2305 549 2338 supra
575 2296 719 2339 primum
747 2297 857 2329 locum
886 2297 928 2329 ab
954 2298 1069 2330 Aenea
1094 2298 1127 2330 in
1154 2298 1268 2331 littore
1293 2299 1458 2332 munitum

109 2377 129 2398 a
150 2366 330 2399 VARRONE
351 2365 513 2394 Laurens
531 2368 688 2394 castrum
707 2363 845 2405 dictum,
870 2375 891 2397 a
912 2365 1086 2398 Vincrmo
1103 2364 1302 2396 Laurentia
1325 2370 1458 2397 castro.

110 2430 270 2471 Accedit,
296 2428 385 2472 quod
417 2428 554 2461 conficit
578 2439 670 2471 rem,
696 2429 769 2473 ipsa
797 2429 884 2462 ratio
909 2431 1120 2471 sententiae3
1146 2431 1356 2464 Laurentum
1382 2431 1454 2464 La-

110 2496 256 2529 tinorum
281 2500 375 2536 erat,
415 2495 546 2537 Sibylla
574 2505 614 2528 ea
641 2497 716 2529 loca
741 2502 907 2530 memorat
933 2501 966 2530 et
991 2507 1181 2531 memorare
1207 2497 1327 2539 debet,
1369 2508 1457 2540 qnae

109 2572 130 2594 a
153 2560 311 2594 Troianis
336 2560 491 2603 condita,
529 2562 673 2604 primum
709 2561 863 2595 Laurens
897 2566 1067 2604 castrum,
1102 2563 1203 2596 etiam
1230 2564 1367 2597 Troiani
1395 2574 1457 2596 no-

110 2636 185 2659 vam
211 2625 338 2660 dictum
363 2630 466 2669 atque
501 2625 563 2661 hac
597 2637 734 2671 quoque
768 2627 810 2662 de
836 2638 937 2663 causa
963 2639 1028 2663 non
1055 2630 1360 2674 praetereundum,
1396 2629 1457 2663 de-
