1721 2953
521 157 664 198 LIBR.
695 159 725 198 I.
785 157 944 200 ELEG.
973 161 1027 201 V.
1373 167 1451 203 113

105 274 298 307 Observatt.
324 272 369 314 11,
396 273 427 305 1.
478 271 624 305 Omnino
659 272 749 304 enim
784 275 917 305 constat
951 271 994 306 de
1029 283 1092 307 usu
1122 275 1387 309 incantationum
1417 276 1450 310 in

103 339 230 372 morbis
254 338 355 372 etiam
374 337 446 370 sine
466 337 669 380 purgatione
690 347 793 381 saepe
815 342 1014 381 memorato,
1042 340 1186 383 primum
1207 340 1303 377 Hom.
1324 341 1452 384 Odyss.

104 405 199 447 XIX,
224 407 325 445 409.,
354 407 425 437 tum
449 403 493 437 ab
518 404 614 445 aliis,
640 408 678 437 ut
700 404 813 438 Pmn.
838 403 941 446 Pyth.
965 405 1026 447 Ill,
1052 409 1128 448 51.‚
1155 407 1213 440 ubi
1238 407 1280 441 cf.
1306 408 1452 443 Bosscx-

103 483 196 506 mun
231 459 266 505 et
297 472 508 506 nmmum.
559 471 648 506 Vide
682 476 861 517 praeterea
888 471 1121 507 BLOMFIELD.
1147 474 1190 507 ad
1216 474 1339 508 Aesch.
1363 476 1452 509 Pro-

103 536 204 571 meth.
240 540 320 570 108.
358 541 392 570 et
427 537 565 570 hcons.
600 536 643 570 ad
677 536 786 581 Soph.
819 535 909 569 Oed.
948 537 1022 570 Col.
1056 541 1162 572 1088.
1206 539 1286 573 edit.
1323 539 1451 574 Heller.

103 607 138 636 et
176 602 336 636 Doederl.
394 602 461 635 Adi
500 602 601 635 etiam
644 602 750 634 PmN.
785 601 949 643 XXVIII,
984 604 1017 636 2.
1058 608 1094 637 et
1137 615 1223 647 quos
1261 605 1453 638 WUNDER-

103 677 247 700 memus
272 668 418 709 indicat,
444 667 609 701 Wssssssr..
635 667 678 700 ad
703 667 811 713 Soph.
840 669 892 703 Αἰ,
917 671 1012 711 581.,
1040 670 1234 705 Wmnmn.
1261 672 1303 705 ad
1332 672 1451 705 Horat.

102 733 250 778 Epist.l,
271 737 302 776 1,
322 736 379 767 34.
405 737 572 777 p.50.—-
598 734 640 768 V.
657 736 764 776 l3sq.
790 734 894 778 Ipse
919 737 1162 778 procuravi
1188 747 1237 770 ne
1263 742 1454 780 possent

104 811 239 833 saeva
271 810 438 834 nocere
473 799 662 841 somnia,
702 799 734 833 h.
761 810 791 834 e.
827 802 962 845 expiavi
997 801 1064 834 ritu
1097 812 1215 844 sacro,
1252 806 1290 836 ut
1321 807 1450 836 notum.

101 865 154 898 De
189 866 414 899 collocatione
447 866 629 899 verborum
661 867 739 901 vide
763 867 807 901 ad
831 868 859 910 I,
884 871 915 911 1,
943 870 996 902 18.
1047 868 1095 902 Et
1130 879 1219 902 nunc
1253 869 1389 911 quidem
1423 871 1452 903 si

101 932 264 967 dixisset:
288 934 362 977 ipse
386 934 567 977 procuravi
592 935 741 976 somnia,
767 945 808 968 ne
833 939 974 978 possent
998 945 1142 977 nocere,
1169 937 1287 969 ultima
1307 936 1383 970 vide
1407 946 1452 970 ne

101 999 200 1032 nimis
225 999 316 1032 nuda
351 1004 465 1033 essent
499 1004 534 1033 et
558 1000 779 1042 languerent,
822 1011 910 1043 quae
945 1012 1033 1035 nunc
1066 1006 1166 1035 aucta
1198 1003 1311 1035 verbis
1342 1013 1452 1035 saeva

101 1066 235 1098 somnia
260 1067 382 1100 iustam
407 1068 476 1101 vim
501 1066 636 1100 habent.
661 1086 708 1091 —
733 1078 866 1101 saeva
891 1069 1078 1110 somnia,
1106 1073 1143 1102 ut
1169 1070 1289 1106 δεινοῖς
1316 1067 1453 1115 ὀνείροις

102 1134 213 1168 Somr.
239 1133 365 1167 Electr.
391 1136 482 1176 500,
525 1139 744 1178 comparante
769 1136 1090 1177 WUNDERLmHm3
1131 1140 1209 1169 sunt
1235 1136 1341 1178 igitur
1365 1147 1452 1179 quae

102 1198 236 1233 funesta
260 1199 479 1244 portendunt.
527 1200 622 1233 Idem
649 1201 750 1233 affert
775 1201 914 1234 VALER.
941 1201 1074 1234 FLAcc.
1101 1202 1128 1243 Ι,
1153 1204 1245 1234 329:
1271 1202 1367 1245 Quos
1390 1214 1453 1247 ego

101 1265 173 1296 iam
199 1271 311 1297 mente
337 1264 429 1301 clius,
464 1276 570 1310 quam
604 1276 712 1297 saeva
744 1265 919 1298 insomnia
954 1265 1049 1298 curis
1071 1265 1259 1309 prospicio.
1284 1284 1330 1290 —·
1367 1267 1453 1300 Mox

102 1335 172 1364 ter
208 1329 542 1371 deveneranda,
578 1329 610 1362 h.
645 1340 677 1363 e.
711 1341 799 1373 quae
835 1335 889 1363 ter
925 1330 1161 1364 deveneranda
1197 1341 1216 1363 a
1251 1341 1305 1364 me
1342 1337 1450 1374 erant,

100 1406 187 1438 quae
215 1399 268 1429 ter
292 1395 518 1429 deveneratus
543 1406 639 1437 sum,
678 1405 706 1427 s.
739 1400 792 1428 ter
817 1395 1026 1429 devenerans
1052 1406 1104 1430 ea.
1154 1395 1232 1443 Non
1259 1406 1362 1429 causa
1388 1398 1452 1430 de—

100 1462 247 1495 claratur
272 1461 322 1494 his
347 1462 459 1494 verbis
485 1473 546 1495 cur
567 1463 757 1506 procurarit
781 1463 922 1504 somnia,
949 1467 986 1495 nt
1008 1463 1309 1497 WUNoERnicmo
1332 1465 1452 1505 visum,

101 1530 295 1573 procuravit
320 1530 406 1564 enim
432 1530 511 1573 quia
535 1541 637 1563 saeva
664 1534 780 1572 erant,
807 1530 867 1563 sed
894 1531 1008 1574 potius
1029 1542 1168 1575 operam
1195 1542 1295 1575 quam
1321 1532 1452 1576 impen-

101 1595 207 1638 derit,
241 1596 390 1629 illustrat
415 1599 449 1628 et
474 1586 658 1639 amplificat
679 1584 772 1629 omni
799 1595 912 1628 modo.
963 1596 1125 1629 Ceterum
1151 1596 1357 1629 devenerari
1381 1602 1451 1631 est:

100 1664 252 1705 amoliri,
274 1674 500 1697 averruncare
524 1663 683 1706 precibus
708 1666 767 1695 aut
791 1664 865 1695 aliis
891 1653 1013 1695 ritibus
1041 1663 1227 1706 religiosis,
1253 1675 1340 1697 nunc
1363 1667 1453 1698 mola

101 1729 190 1762 salsa
225 1729 259 1761 in
290 1729 404 1770 ignem
440 1729 616 1769 coniecta,
654 1727 745 1770 quod
782 1728 891 1760 tribus
930 1728 1074 1760 diversis
1114 1729 1325 1772 temporibus
1360 1730 1451 1764 fecit.

102 1795 190 1828 Cum
215 1794 376 1827 venerari
400 1794 444 1827 sit
467 1794 610 1837 precari,
638 1792 841 1825 devenerat-i
865 1797 1072 1837 usurparunt
1098 1805 1148 1837 pr.
1173 1794 1362 1838 deprecari,
1388 1806 1452 1829 no—

101 1865 195 1895 tante
224 1861 290 1894 iam
317 1860 489 1894 Monam
540 1860 701 1893 Ceterum
738 1860 771 1892 in
806 1858 869 1894 hac
904 1861 1159 1893 enumeratione
1196 1871 1216 1892 a
1253 1860 1374 1893 minori
1408 1860 1451 1893 ad

100 1926 209 1960 maius
234 1925 390 1969 procedit
414 1928 537 1969 poeta3
563 1926 709 1968 primum
737 1925 780 1958 de
806 1937 874 1957 uno
902 1927 1110 1959 lustrationis
1135 1927 1202 1958 ritu
1228 1925 1334 1966 dixit,
1362 1937 1452 1959 nune

101 1991 216 2026 tribas
240 1992 449 2037 temporibus
474 2003 511 2026 se
536 1993 778 2027 deveneratum
803 1993 971 2036 affirmat,
997 2004 1075 2026 mox
1103 2004 1164 2037 per
1189 2005 1308 2026 not-em
1334 1998 1452 2027 noctes

102 2058 233 2092 videbis
260 2069 337 2091 eum
362 2062 443 2091 vota
468 2058 620 2092 solvisse.
645 2077 691 2082 —
721 2058 764 2091 de
789 2059 903 2092 mola
925 2058 1025 2091 salsa
1051 2059 1140 2092 cons.
1165 2059 1251 2092 infra
1276 2060 1337 2101 ΠΙ,
1359 2062 1392 2101 4,
1410 2063 1450 2093 9:

101 2131 142 2157 at
166 2130 290 2157 natum
316 2124 352 2156 in
377 2135 482 2156 curas
509 2123 685 2156 homimem
717 2135 829 2169 genus
861 2123 976 2156 omina
1003 2125 1116 2157 noctis
1141 2125 1249 2170 farre
1278 2125 1340 2168 pio
1367 2124 1452 2168 pla-

102 2197 186 2224 cant
211 2198 246 2223 et
280 2190 429 2223 saliente
463 2189 550 2224 sale.
599 2190 696 2224 Adde
722 2191 909 2225 anrmn.
936 2192 1013 2234 Vll,
1040 2195 1096 2225 53.
1132 2192 1193 2233 XI,
1217 2194 1273 2224 51.
1312 2192 1450 2224 Palm.

102 2257 225 2303 Amph.
251 2258 296 2300 ΙΙ,
320 2260 355 2299 2,
382 2260 460 2291 106.
488 2276 532 2281 --
567 2259 609 2292 V.
636 2261 680 2291 15
702 2270 752 2301 sq.
791 2259 895 2302 Ipse
921 2269 1022 2301 ego,
1047 2259 1090 2291 de
1114 2258 1231 2291 addito
1255 2260 1454 2302 pronomine

103 2325 193 2360 conf.
228 2325 323 2367 adl,
351 2328 382 2367 1,
409 2328 464 2358 37.
490 2344 537 2350 —-
585 2327 761 2359 velatus
797 2327 899 2368 filo,
936 2326 968 2360 11.
1004 2338 1033 2360 e.
1070 2328 1170 2368 vitta,
1206 2326 1311 2360 infula
1346 2328 1453 2360 lanea.

104 2393 206 2437 Cepit
238 2393 286 2426 ita
321 2393 388 2426 iam
425 2392 628 2425 Tvnmsnus
657 2393 740 2426 Adv.
766 2395 825 2435 29,
849 2395 908 2426 31.
957 2393 1070 2426 Notus
1096 2393 1194 2426 L1v11
1221 2394 1316 2427 locus
1341 2394 1369 2436 1,
1394 2396 1453 2427 32.

105 2459 216 2492 Filum
240 2458 345 2491 lanae
369 2458 526 2491 velamen
552 2465 617 2492 est.
642 2478 687 2484 --
720 2460 832 2493 Porro
860 2461 1128 2503 tunicisque
1152 2461 1340 2502 solutis,
1375 2471 1452 2494 cuni

106 2525 187 2559 nihil
211 2526 289 2559 nexi
316 2530 350 2559 et
374 2526 478 2559 vincti
502 2526 535 2559 in
560 2526 667 2560 sacris
694 2537 769 2560 esse
794 2526 945 2560 deberet.
996 2527 1048 2560 De
1072 2527 1203 2561 duabus
1228 2527 1351 2561 tunicis
1375 2528 1453 2560 vide

107 2591 275 2624 anmm
301 2591 343 2624 de
368 2591 422 2625 Re
448 2592 544 2624 Vest.
571 2591 633 2632 ΙΙΙ,
665 2594 695 2633 l,
729 2603 762 2635 p.
790 2594 869 2625 175.
920 2592 1145 2627 FoncssLmN.
1181 2593 1244 2626 sub
1271 2603 1300 2627 v,
1327 2593 1451 2625 tunica.

106 2657 285 2691 Bona-Tro.
312 2657 430 2691 Sabin.
456 2657 498 2691 T.
526 2658 569 2700 11,
597 2671 630 2702 p.
659 2662 735 2691 113.
788 2659 936 2694 lntvrula
965 2661 1112 2694 virorum
1138 2658 1315 2694 dicebatur
1346 2657 1450 2691 subu-

1055 2730 1077 2762 8
