1721 2953
516 160 658 201 LIBR.
690 161 721 199 Ι.
779 157 938 197 ELEG.
968 158 1042 198 IV.
1405 162 1455 197 95

111 276 277 310 citissime
312 286 530 309 marcescere.
581 273 627 306 Et
656 272 795 306 IAcons.
830 271 873 305 ad
909 272 1044 306 Antliol.
1079 274 1140 307 Gr.
1177 272 1289 307 T.11.
1326 273 1368 307 Ρ.
1395 272 1457 306 Ill.

112 356 144 387 p.
168 345 244 377 114.
270 353 358 386 quae
379 342 667 376 wissa-sumnus
688 338 805 372 laudat
825 337 868 371 ad
893 338 1126 374 Theocritum.
1177 339 1336 373 Ceterum
1357 348 1456 372 usum

111 423 142 446 v.
180 408 394 454 deperdit
432 407 646 441 Huscmuns
683 405 840 438 illustrat.
867 421 913 428 —
955 405 1089 440 Quam
1129 406 1219 438 cito
1259 404 1460 448 populus

111 478 213 511 alba
238 485 406 517 comas,
431 472 692 514 φυλλοβολοῦσα
715 471 1028 512 dicta‚Amsror›1{.
1055 471 1145 505 Nub.
1173 473 1278 504 1001.
1304 488 1350 494 -
1386 470 1458 502 Po-

111 546 240 576 stremo
275 550 412 574 sensum
448 539 553 572 totius
588 535 723 571 distichi
752 536 830 579 (29.
855 536 921 579 30)
958 535 1046 569 hunc
1080 547 1156 570 esse
1188 536 1303 570 vides:
1343 535 1460 580 Quam

110 607 179 640 cito
194 604 424 652 pulchritudo
443 604 551 649 perit.
599 605 794 646 sequentes
817 606 930 636 autem
955 612 1007 637 vv,
1024 606 1080 637 31.
1096 606 1153 637 32.
1179 602 1264 636 lianc
1284 602 1460 636 continent

109 673 331 707 sententiam:
373 672 488 717 Quam
525 670 595 704 cito
627 669 683 703 vis
718 675 754 702 et
791 668 899 703 robur
938 670 1091 713 corporis
1124 669 1229 714 perit.
1278 670 1391 712 Atque
1424 668 1459 701 in

109 737 195 773 hanc
217 750 289 773 rem
316 738 394 782 equi
419 739 526 771 utitur
551 737 710 781 exemplo
735 737 920 781 Olympici,
945 736 988 770 de
1012 747 1080 779 quo
1106 736 1171 770 iam
1192 735 1335 770 Emms
1361 735 1460 768 dixe-

109 809 181 847 rat,
215 809 255 839 ut
281 809 332 839 est
356 816 411 849 ap.
437 804 517 839 Cic.
543 804 587 838 de
611 805 749 838 Senect.
774 815 804 838 c.
829 805 873 838 5:
913 801 1015 835 Sicut
1033 801 1150 848 fortis
1174 813 1306 847 equus,
1339 800 1458 846 spatio

110 870 172 915 qui
196 881 300 915 saepe
324 882 485 915 supremo
509 869 596 904 vicit
622 868 809 915 Olympia,
851 881 945 902 nunc
977 867 1074 902 senio
1098 867 1273 913 confectu'
1300 867 1460 913 quiescit.

111 937 180 972 Qui
205 937 300 970 locus
324 937 367 971 ab
391 937 585 971 Huscmuo
615 947 693 971 cum
718 938 822 971 IBYcr
847 938 1056 980 Fragmento
1081 935 1257 968 confertur
1287 934 1321 966 in
1347 931 1460 966 Scho-

111 1004 166 1038 liis
198 1003 242 1037 ad
270 1005 404 1039 Platon.
439 1005 632 1039 Parmenid.
668 1017 701 1050 p.
729 1008 809 1048 137,
835 1005 876 1038 A.
917 1004 991 1047 (ap.
1017 1003 1130 1036 Bekk.
1157 1002 1346 1034 Comment.
1374 999 1459 1032 Crit.

110 1068 153 1102 T.
174 1069 218 1103 ΙΙ.
243 1081 275 1113 p.
295 1070 396 1114 329),
423 1070 465 1104 de
491 1071 621 1104 victore
647 1080 746 1113 equo,
774 1073 809 1103 et
835 1079 912 1103 cum
937 1068 1132 1101 Hommuco
1156 1076 1258 1100 versu
1281 1066 1320 1098 ll.
1346 1064 1461 1105 XXII,

110 1138 182 1177 22,
205 1135 295 1169 unde
320 1134 384 1170 hoc
408 1137 528 1171 saltem
554 1137 667 1170 discas
693 1136 985 1180 comparationem
1011 1135 1090 1178 equi
1115 1134 1253 1168 victoris
1277 1132 1460 1166 admodum

112 1201 280 1243 placuisse
314 1200 491 1234 veteribus.
521 1220 566 1226 —
608 1202 743 1236 Quam
782 1201 927 1241 iacet,
972 1200 1112 1242 languet
1152 1203 1186 1232 et
1223 1198 1295 1231 sine
1334 1197 1460 1230 viribus

111 1269 175 1298 est.
191 1285 236 1291 —
263 1265 302 1299 fa
313 1270 354 1299 ta
380 1269 612 1308 senectae,
638 1266 725 1299 bene
749 1269 784 1299 et
804 1266 1046 1308 significanter,
1069 1269 1107 1298 ut
1127 1275 1242 1308 saepe.
1257 1282 1302 1287 —
1327 1263 1460 1306 prior.

111 1331 208 1365 Haec
234 1335 286 1364 est
310 1331 412 1364 lectio
437 1331 610 1363 librorum.
659 1330 944 1362 Bnotrclfflnsms
965 1328 1070 1372 prius
1095 1328 1275 1369 emendat,
1310 1327 1458 1359 Huscrr-

111 1405 195 1429 Kms
217 1395 316 1439 prior
343 1405 395 1438 pr.
427 1394 528 1439 prius
563 1394 675 1436 accipi
706 1404 809 1438 posse
844 1393 1039 1435 contendit,
1072 1394 1219 1426 afferens
1251 1393 1360 1426 Ovm.
1387 1393 1461 1424 Art.

111 1462 187 1495 Am.
211 1461 256 1503 II,
279 1463 370 1494 218:
405 1459 474 1492 Ille
493 1458 684 1505 fatigatae
704 1458 905 1503 perimendo
930 1464 1089 1491 monstra
1113 1468 1281 1490 novercae
1305 1455 1365 1502 qui
1389 1468 1462 1488 me—

110 1527 186 1561 ruit
211 1527 361 1563 coelum,
397 1527 493 1574 quocl
509 1526 610 1571 prior
634 1526 708 1571 ipse
739 1525 837 1560 tulit.
887 1526 946 1559 Sic
971 1525 1140 1559 sententia
1165 1524 1300 1567 quidem
1330 1523 1460 1556 Tibulli

110 1606 172 1640 per
194 1606 232 1629 se
256 1595 347 1628 bona
372 1594 457 1627 erit=
497 1594 566 1629 Qui
591 1597 693 1626 antea
716 1593 861 1626 certavit
884 1593 918 1626 in
944 1592 1116 1635 Olympia,
1140 1591 1199 1624 ubi
1225 1601 1292 1624 non
1318 1596 1461 1635 possunt

110 1666 242 1696 certare
274 1662 482 1702 deteriores3
516 1670 718 1703 quamquam
753 1659 796 1692 de
830 1659 972 1692 victoria
1007 1657 1087 1700 equi
1119 1667 1210 1690 nunc
1243 1655 1324 1689 nihil
1359 1657 1459 1690 inest.

110 1730 180 1764 Sed
206 1730 417 1763 Huscfflmss
442 1738 510 1761 non
533 1726 667 1760 videtur
691 1725 901 1760 intellexisse
928 1723 1107 1764 OVIDIUM,
1135 1723 1192 1765 qui
1216 1722 1298 1755 dicit
1323 1722 1460 1754 Hercu-

113 1796 180 1828 lem
206 1794 297 1838 quod
320 1793 483 1827 meruerit
511 1792 644 1825 caelum
669 1794 899 1824 monstrorum
924 1789 1054 1831 caede,
1091 1788 1211 1821 tulisse
1237 1787 1383 1831 priorem
1410 1787 1460 1820 nis

111 1860 196 1904 ipsis
219 1859 397 1899 monstris,
423 1867 566 1900 quorum
592 1855 758 1899 quaedam
783 1859 904 1899 postea
928 1856 1019 1889 inter
1042 1855 1141 1897 signa
1166 1854 1326 1887 caelestia
1352 1854 1460 1886 relata

112 1932 210 1970 sunt,
248 1931 286 1960 ut
319 1926 443 1967 draco,
483 1924 609 1967 hydra,
647 1924 712 1956 leo.
774 1923 891 1958 Quare
924 1920 978 1955 hic
1007 1922 1103 1954 locus
1128 1931 1195 1953 non
1221 1920 1344 1964 probat
1368 1920 1460 1962 quod

111 1993 324 2026 Huscnxms
349 1991 440 2031 vult,
479 2000 519 2022 ac
544 1991 683 2021 -certum
710 1990 762 2020 est
782 1985 884 2031 prior
909 1996 974 2019 non
1002 1986 1155 2029 potuisse
1181 1985 1247 2018 dici
1273 1995 1323 2028 pr.
1344 1985 1461 2028 prius,

101 2059 149 2092 ⁴ut
180 2058 286 2091 sensit
320 2057 420 2090 etiam
457 2056 777 2088 WUNDERLIGHIUS
812 2063 888 2086 cum
925 2053 1089 2086 Hermo.
1152 2051 1255 2087 Quod
1292 2051 1459 2085 adiectiva

110 2123 234 2168 passim
260 2133 322 2166 pro
355 2121 524 2155 adverbiis
549 2124 739 2165 ponuntur,
777 2131 860 2153 cave
886 2119 929 2153 ad
955 2120 1095 2162 quaevis
1119 2118 1286 2164 adjectiva
1312 2118 1459 2151 transfe-

109 2201 177 2224 ras.
226 2190 324 2223 Haec
347 2189 452 2232 igitur
477 2189 661 2232 explicatio
687 2189 790 2221 nulla.
840 2188 891 2220 Ac
915 2196 981 2219 non
1007 2185 1149 2218 dubium
1175 2188 1238 2227 est,
1263 2184 1305 2217 de
1331 2185 1461 2218 victore

111 2268 200 2301 equo
235 2257 328 2300 loqui
364 2260 512 2300 poetam.
571 2255 699 2289 Credat
735 2255 842 2298 igitur
880 2254 1027 2288 sortasse
1065 2253 1188 2296 aliquis
1221 2254 1393 2287 Vunpmm
1425 2257 1460 2286 et

111 2327 271 2360 VossmM
298 2329 332 2357 et
357 2325 590 2357 GoLBERYUM
615 2322 827 2364 sequendos,
866 2322 925 2363 qui
957 2321 1055 2365 prior
1088 2320 1224 2353 omnino
1250 2331 1301 2364 pr.
1327 2321 1460 2362 melior,

111 2390 340 2435 praestantior
371 2388 562 2432 accipiunt,
600 2391 639 2420 ut
664 2387 815 2420 Vossms
849 2385 972 2419 Horat.
1005 2387 1079 2418 Art.
1104 2386 1147 2418 P.
1173 2388 1231 2419 85.
1269 2386 1460 2418 certamine

110 2456 245 2501 primus
270 2461 306 2491 et
339 2456 451 2490 Carni.
484 2456 585 2488 Saec-
610 2457 668 2488 51.
693 2452 847 2486 bellante
867 2452 969 2498 prior
994 2457 1182 2497 comparat.
1232 2453 1302 2487 Sed
1328 2464 1370 2487 ne
1396 2453 1460 2486 hoc

112 2521 249 2565 quidem
285 2532 394 2565 opus3
429 2525 508 2554 tene
543 2519 728 2563 specialem
762 2518 1070 2562 significationem,
1105 2528 1205 2561 quam
1232 2522 1305 2552 tota
1329 2518 1460 2563 phrasis

113 2587 236 2620 offert:
273 2586 316 2620 de
349 2596 450 2619 cursu
475 2585 590 2628 agitur
615 2588 651 2618 et
679 2582 778 2627 prior
810 2588 882 2618 est:
917 2583 1035 2628 primo
1060 2584 1138 2617 loco
1162 2594 1313 2618 currens.
1362 2584 1460 2627 Ergo

113 2662 251 2686 sensus:
290 2651 346 2694 qui
372 2655 409 2684 ut
434 2651 558 2695 prodiit
592 2661 611 2683 e
644 2649 858 2692 carceribus,
896 2652 974 2683 ante
1000 2652 1133 2683 ceteros
1159 2650 1286 2694 prodiit
1311 2661 1460 2689 currens,
