1721 2953
523 179 663 220 LIBR.
697 179 728 217 Ι.
784 177 939 217 ELEG.
973 179 1004 216 Ι.
1380 175 1432 211 25

96 307 196 340 habet
221 305 400 350 repetitio,
433 304 479 337 ita
505 303 680 336 transitum
707 301 749 335 ad
784 302 960 344 sequentia
995 303 1109 344 parat,
1144 302 1181 331 ut
1214 297 1359 341 saepius.
1388 313 1433 322 —

94 383 178 406 non
215 376 287 405 tua
320 374 421 404 sunt
456 369 563 401 duro
597 366 868 410 praecordia
906 366 1029 398 serto
1062 364 1231 398 vincta.
1291 362 1433 404 Simpli-

95 438 227 470 cissima
264 436 393 469 ratione
432 434 611 466 Hommms
652 428 826 475 σιδήρεον,
863 427 1005 471 χάλκεον
1044 426 1177 469 θυμόν,
1218 419 1314 473 ἦτορ·
1340 428 1434 469 dicit,

95 511 294 545 quamquam
319 510 395 533 raro
423 499 511 532 malo
536 507 657 537 sensu,
685 497 881 539 plerumque
907 495 1007 528 bono.
1057 496 1183 528 Postea
1207 504 1289 527 vero
1315 496 1434 526 ornata

96 567 188 599 vario
218 565 320 599 modo
351 566 478 598 locutio
511 568 582 604 est,
616 573 692 596 cum
724 566 782 595 aut
816 562 1080 603 circumdatum,
1115 560 1298 594 obductum
1332 559 1434 600 ferro,

95 643 175 666 aere
200 643 278 674 cor,
302 635 421 676 pectus
447 631 599 664 dicerent
623 633 682 662 aut
706 629 817 672 ipsum
844 638 904 661 cor
929 638 948 661 e
974 627 1064 660 ferro
1089 637 1216 660 saxove
1241 625 1434 665 conflatum,

96 698 150 731 vel
180 697 214 730 in
247 697 349 730 corde
376 696 501 729 ferrum
533 698 590 728 aut
614 694 744 727 silicem
771 697 805 726 et
831 693 989 736 scopulos
1016 693 1138 726 inesse.
1198 692 1286 726 Vide
1311 691 1435 724 JANUM

96 765 333 797 Gssmtfflnmu
370 767 404 796 et
436 763 669 796 BRoucKntss.
704 765 739 795 et
773 760 897 794 Ham.
933 759 975 792 ad
1002 758 1032 791 h.
1059 760 1101 800 1.,
1136 758 1369 792 Mmscnssur..
1394 755 1437 787 ad

97 829 219 862 Horat.
245 829 272 869 I,
297 831 330 870 3,
357 830 389 862 9.
446 828 561 860 Cum).
594 826 637 859 ad
668 826 764 868 Virg.
791 827 874 858 Aen.
901 825 960 866 IV,
986 827 1065 857 365.
1106 825 1250 857 Bima.
1276 823 1318 855 ad
1349 822 1436 853 Stat.

99 896 207 930 Theb.
234 896 294 937 ΙΨ,
320 898 399 928 340.
450 895 648 927 BURMANN.
673 893 715 926 ad
740 891 877 927 Antbol.
902 893 979 925 Lat.
1006 892 1067 933 Ill,
1093 894 1173 932 275,
1202 895 1231 924 l.
1280 892 1438 924 GroFAN.

100 965 134 994 et
158 962 307 994 GissmG.
345 961 387 994 ad
413 961 513 994 Ovid.
540 961 624 994 Met.
655 960 727 1000 vll,
761 963 817 994 33.
854 970 916 993 nos
949 959 991 992 ad
1024 959 1133 992 Pmn.
1173 959 1310 1000 Fragm.
1346 958 1438 989 Scol.

100 1039 131 1070 p.
160 1029 239 1060 643.
300 1026 399 1070 Apud
425 1026 599 1059 Tibullum
625 1024 730 1070 ferro
757 1024 876 1057 vincta
909 1028 1006 1057 sunt:
1040 1024 1170 1057 inclusa
1194 1027 1230 1056 et
1261 1022 1443 1055 constricta

100 1093 211 1134 ferro,
239 1093 343 1126 veluti
368 1094 401 1126 in
427 1094 575 1126 carmine
600 1093 713 1136 Priap.
739 1095 796 1134 63,
830 1102 861 1125 v.
887 1095 920 1125 6.
971 1091 1136 1124 AN'rHoL.
1163 1090 1296 1122 Lxrm.
1324 1088 1441 1120 Burm.

102 1162 172 1191 est:
199 1159 359 1203 rigetque
385 1157 472 1190 duro
499 1156 608 1189 barba
634 1156 754 1188 vincta
779 1155 962 1200 crystallo.
1011 1155 1102 1188 Infra
1127 1154 1155 1195 I,
1180 1156 1213 1196 9,
1238 1156 1294 1186 69.
1321 1152 1444 1184 habes:

103 1235 191 1256 auro
218 1223 368 1256 lacertos
398 1224 536 1256 vincire.
587 1223 809 1266 Comparabis
835 1223 935 1256 etiam
961 1223 1114 1262 Graeca,
1149 1224 1186 1253 ut
1215 1219 1445 1261 χαλκοδέτους

104 1287 210 1326 αὐλάς
230 1291 340 1324 δοΡΗ.
356 1290 432 1324 Ant.
449 1293 528 1323 945.
557 1294 591 1322 et
612 1286 869 1328 ἐλεφαντόδετος
892 1289 984 1330 lyrae
1004 1286 1197 1330 epitheton3
1220 1287 1284 1318 alia
1299 1286 1446 1317 Huscn-

105 1366 187 1388 mus
213 1356 322 1389 affert.
349 1371 392 1380 ‹-
419 1355 460 1388 Ψ.
483 1356 538 1387 64.
565 1354 710 1386 necin
736 1357 896 1386 tenero
922 1341 1123 1384 stat'tibi
1150 1349 1288 1383 corde
1313 1349 1447 1390 silex,

103 1422 161 1456 ubi
197 1428 294 1454 stare
330 1425 383 1455 est
421 1420 627 1454 immobilem
665 1430 740 1452 esse
776 1422 915 1452 notante
949 1418 1098 1458 Vossio,
1135 1417 1446 1455 Wumnssumcmo,

103 1488 311 1529 Hnscmuo,
337 1487 381 1522 cf.
405 1487 492 1520 infra
516 1486 561 1526 ΙΙ,
584 1488 616 1527 4,
642 1489 675 1520 9.
701 1489 737 1519 et
763 1486 871 1520 VIRG.
898 1486 981 1517 Aen.
1012 1484 1069 1525 ΨΙ,
1100 1485 1195 1516 470:
1235 1483 1307 1514 Nec
1334 1481 1447 1526 magis

103 1554 239 1598 incepto
265 1553 403 1586 vultum
435 1564 587 1585 sermone
614 1557 793 1588 moi-etur,
831 1562 936 1596 quam
968 1549 999 1581 .ςὶ
1036 1548 1127 1581 clara
1161 1547 1249 1580 silex
1283 1554 1348 1578 aut
1376 1551 1448 1579 stet

104 1619 288 1665 Marpesia
316 1625 448 1652 cautes.
478 1619 573 1652 Adde
599 1620 765 1652 SANTEN.
790 1618 832 1651 ad
857 1619 1016 1660 Propert.
1041 1616 1100 1656 IV,
1129 1616 1184 1655 11,
1212 1615 1245 1648 4.
1296 1613 1449 1645 Coniun'-

105 1687 157 1729 git
182 1691 295 1719 autem
320 1685 403 1718 duas
428 1686 615 1718 locutiones
641 1695 701 1727 per
726 1683 1044 1726 amplificationem,
1076 1680 1237 1713 intentius
1264 1679 1448 1711 admonens

107 1751 237 1784 Deliam
263 1761 305 1783 ne
329 1751 388 1782 fiat
412 1749 516 1790 dura,
551 1749 629 1780 dnm
655 1749 705 1780 sie
730 1747 853 1780 laudat.
880 1765 926 1771 -—
960 1747 1001 1779 V.
1028 1748 1073 1778 65
1098 1755 1170 1786 sqq.
1207 1755 1290 1776 non
1326 1744 1398 1776 iuv
1412 1754 1449 1776 e-

111 1817 198 1857 nis,
223 1825 302 1847 non
328 1814 466 1856 virgo.
519 1812 664 1846 Attende
691 1811 830 1844 formam
858 1811 932 1843 loci.
985 1811 1125 1842 Dixerat
1149 1809 1190 1841 de
1217 1809 1333 1841 Deliae
1355 1809 1451 1841 luctu

111 1882 269 1923 dicetque
307 1880 419 1912 statim
456 1880 597 1919 iterum,
634 1877 818 1920 interponit
851 1887 932 1909 vero
974 1877 1084 1908 locum
1122 1876 1164 1908 de
1189 1876 1283 1908 luctu
1309 1875 1448 1907 aliarum

109 1948 276 1989 virginum
302 1948 336 1978 et
361 1944 536 1984 iuvenum,
570 1943 703 1975 fidelem
735 1944 919 1974 amatorem
946 1945 1113 1973 mortuum
1142 1941 1239 1974 simul
1266 1942 1323 1982 qni
1351 1941 1451 1982 lnge-
1504 1958 1512 1963 «

110 2014 204 2046 bunt.
254 2011 474 2044 Nomiuamus
508 2009 623 2041 orbem
659 2017 718 2050 per
746 2006 1036 2049 interpositionem
1063 2007 1165 2038 talem
1191 2005 1331 2038 formam
1357 2016 1452 2038 com-

110 2079 297 2124 positionis.
316 2095 357 2103 —
384 2078 424 2110 Ψ.
445 2079 500 2109 67.
525 2075 590 2108 Tu
614 2074 769 2107 Manes
794 2083 845 2106 ne
871 2072 1003 2105 laede
1030 2083 1151 2105 meos
1177 2076 1242 2106 etc.
1291 2071 1392 2103 Flere
1418 2075 1453 2102 et

111 2146 220 2178 crines
240 2145 369 2177 solutos
390 2142 513 2176 babere
533 2146 806 2181 cousentaneum,
832 2140 859 2173 si
882 2151 963 2173 vero
983 2140 1086 2172 etiam
1109 2138 1324 2171 abscinderet
1344 2138 1453 2170 crines

112 2213 210 2246 Delia
235 2215 269 2245 et
294 2220 398 2253 genas
423 2211 604 2250 laceraret,
641 2219 745 2250 aegre
768 2207 896 2241 ferrent
920 2206 982 2240 hoc
1008 2207 1128 2239 Manes
1155 2211 1296 2248 poetae,
1331 2203 1453 2245 quibus

114 2279 213 2312 etiam
239 2277 272 2308 in
297 2277 389 2308 Orco
414 2285 494 2308 eura
520 2274 687 2307 formosae
714 2273 858 2316 puellae.
909 2272 1055 2304 Omnino
1079 2270 1166 2303 laedi
1192 2281 1307 2303 manes
1334 2271 1454 2302 immo--

112 2343 189 2376 dico
212 2343 306 2374 luctu
333 2342 455 2384 passim
484 2341 629 2383 legitur,
660 2343 797 2382 praeter
821 2340 1060 2372 Scunenumu
1086 2336 1128 2371 cf.
1155 2337 1386 2370 Bnoucxnns.
1413 2337 1455 2368 ad

115 2408 145 2441 Ιι.
179 2409 200 2440 l.
236 2411 271 2440 et
305 2407 425 2439 BURM.
459 2406 541 2439 Suc.
568 2404 610 2437 ad
637 2403 771 2436 Antbol.
799 2403 842 2437 T.
866 2403 911 2443 ΙΙ,
937 2415 969 2446 p.
997 2405 1029 2436 9.
1059 2405 1112 2436 10.
1151 2407 1185 2436 et
1210 2402 1372 2436 chmu.
1411 2402 1454 2434 de

115 2475 200 2508 Fun.
227 2474 328 2507 Rom.
353 2473 414 2514 lv,
440 2475 495 2505 10.
525 2481 612 2513 qnae
637 2473 702 2503 iam
728 2470 898 2503 Hurmus
925 2470 1048 2503 attulit.
1075 2485 1115 2494 -·
1157 2479 1292 2510 parce
1318 2468 1455 2501 crini-

117 2539 203 2571 bus·
237 2539 422 2571 Pnopmvr.
450 2538 476 2578 l,
503 2539 558 2578 17,
579 2538 643 2568 21:
672 2534 744 2567 Illa
771 2545 842 2567 meo
870 2546 970 2567 caros
995 2534 1158 2567 donasset
1178 2534 1310 2579 sunere
1335 2533 1457 2565 crines.

118 2602 225 2635 Ovio.
252 2603 391 2636 Heroid.
418 2602 479 2643 XI,
506 2604 591 2634 115:
637 2612 704 2632 non
734 2600 819 2632 milti
852 2606 886 2632 le
924 2599 1024 2632 licuit
1058 2599 1211 2632 lacrimis
1243 2598 1458 2644 pcrs'umlere

119 2668 241 2703 iusti-5>
269 2667 305 2700 in
329 2674 394 2701 tua
417 2680 483 2700 non
508 2674 628 2701 tonsas
648 2667 750 2713 serre
770 2666 956 2712 sepulc-lara
978 2677 1101 2700 comas.
1154 2666 1330 2700 I’onebant
1351 2664 1459 2697 crines
