1721 2953
300 170 381 209 466
442 168 624 213 COMM.
656 170 715 211 IN
745 171 850 212 TIB.
882 173 1025 214 LIBR.
1057 175 1129 214 IV.
1190 176 1479 220 APPENDIC.

303 285 487 319 obsidet
513 286 632 319 sores
655 286 792 328 situs,
817 290 854 320 ut
877 288 987 322 solent
1012 290 1085 322 loca
1113 287 1269 332 deserta,
1298 296 1466 327 vetustate
1491 298 1526 327 et
1551 306 1654 339 squa-

304 355 376 386 lore
401 353 565 386 deformia
589 354 722 387 araneis
746 364 821 388 esse
844 355 1001 390 obducta.
1051 356 1119 389 flio
1143 363 1341 401 comparant
1360 359 1522 395 enum„
1541 361 1652 396 XXV.

304 420 345 453 acl
380 419 561 453 Thallum:
614 419 669 452 vel
701 432 790 464 pene
827 420 998 467 languido
1040 422 1153 459 senis,
1203 422 1344 469 situque
1392 435 1572 460 araneoso,
1607 445 1651 451 --

305 487 344 518 Υ,
369 487 412 517 31
440 496 513 528 sqq.
552 485 775 529 profunda
803 487 943 530 fossa,
972 499 1112 521 enimus.
1165 488 1218 522 Cf.
1245 490 1443 524 Scfflcim.
1469 491 1510 524 ad
1537 493 1655 537 Priap.

303 554 359 585 79.
385 552 441 584 fin.
467 569 514 575 —
541 554 610 583 ter
634 556 710 584 aut
735 556 898 594 quater
921 555 1082 595 Voret‚
1109 556 1243 598 penitus
1268 555 1451 590 demissum
1475 558 1509 590 in
1533 569 1571 591 se
1598 568 1655 592 re-

302 618 407 661 cipiat
432 622 467 650 et
491 618 688 651 abscondat.
713 637 760 642 —
794 620 984 663 lentior,
1011 623 1216 663 flexibilior,
1235 633 1302 656 non
1327 624 1468 667 rigidus.
1496 643 1541 650 —
1574 627 1655 660 Va-

302 695 398 726 gum
431 689 586 728 caput,
627 686 763 726 laxum,
798 696 863 719 non
890 691 1108 727 contentum,
1147 693 1181 720 et
1217 689 1447 732 Superbia
1481 690 1569 723 ista
1603 695 1655 725 est

302 751 434 782 inertia.
471 769 517 774 —
568 751 610 783 V.
638 753 683 782 39
719 762 792 793 sqq.
841 751 1016 784 inultus
1055 751 1235 784 auferas
1274 754 1425 786 semel.
1484 755 1654 789 Tmmw.

303 816 404 849 Andr.
424 817 484 857 Ill,
516 820 550 858 5,
579 819 619 849 4:
646 816 684 847 irl
707 816 862 848 inultam
886 829 1068 863 nunquam
1095 818 1250 862 auferet.
1301 819 1445 864 Adelph.
1469 821 1531 863 Ill,
1555 825 1589 864 5,
1611 826 1654 856 8:

300 882 370 914 nisi
385 882 553 927 sacient,
588 894 678 928 quae
704 883 783 914 illos
812 895 962 928 aequum
988 890 1064 920 est,
1100 884 1201 915 lzaad
1225 885 1274 916 sic
1300 885 1480 929 auferent.
1504 906 1551 912 —
1588 898 1654 920 so-

300 952 432 981 nante
456 948 589 992 pede,
616 948 657 981 cf.
684 959 787 991 supra
811 948 838 988 1,
866 951 899 990 2,
924 951 982 981 20.
1010 949 1118 982 Ovio.
1146 949 1230 982 Mel.
1262 951 1300 991 V,
1326 954 1406 984 616.
1432 971 1479 977 —-
1521 963 1655 986 excu-

300 1015 392 1056 bet,
420 1016 451 1046 in
479 1015 633 1048 excubiis
658 1015 721 1056 sit,
749 1020 886 1058 praesto
911 1016 955 1048 sit
979 1019 1013 1049 et
1039 1019 1185 1059 paratus⁷

574 1302 803 1346 DOMITII
833 1303 1006 1343 MARSI
1036 1302 1387 1343 EPIGRAMMA.

300 1433 505 1490 Domitius
543 1454 679 1487 Marsus
718 1455 802 1488 vixit
838 1455 1050 1499 temporibus
1090 1455 1260 1497 Augusti,
1315 1453 1466 1495 aequalis
1507 1451 1654 1493 Horatii,

304 1519 457 1561 Virgilii,
494 1520 633 1553 Tibulli.
683 1521 829 1564 Scripsit
866 1523 963 1565 epica
998 1527 1033 1554 et
1066 1522 1220 1563 elegiaca
1246 1521 1393 1553 carmina
1420 1520 1652 1563 imprimisque

301 1586 554 1628 epigrammatis
592 1586 776 1627 excelluit,
814 1587 910 1618 cuius
947 1586 1084 1627 generis
1125 1587 1227 1618 etiam
1262 1585 1327 1618 hoc
1363 1589 1415 1618 est
1446 1583 1653 1628 epitaphium

303 1654 536 1683 consecratum
563 1650 672 1682 amico
704 1661 780 1683 suo.
829 1650 914 1692 Egit
939 1650 982 1683 de
1007 1649 1071 1683 hoc
1096 1655 1200 1693 poeta
1225 1651 1510 1684 Bnoncxnnsms
1535 1651 1655 1694 impri-

302 1717 432 1758 misque
458 1716 707 1748 Wmcnfflvrus
732 1715 765 1747 in
790 1715 930 1749 Poetar.
956 1715 1034 1747 Lat.
1061 1715 1199 1758 Reliqq.
1225 1727 1257 1759 p.
1280 1717 1344 1748 241
1376 1726 1448 1758 sqq.

397 1781 439 1814 V.
464 1784 486 1813 2
511 1792 561 1823 sq.
588 1791 768 1824 campos
793 1780 918 1812 misit
942 1779 993 1812 ad
1018 1779 1216 1821 Elysios.
1265 1781 1478 1814 Huscmzms
1503 1779 1655 1823 reposuit

301 1847 337 1879 in
364 1847 424 1891 1:73
437 1847 505 1879 sios
532 1852 565 1880 et
590 1858 691 1890 supra
718 1847 745 1887 1,
770 1849 803 1887 3,
829 1849 885 1879 58.
922 1846 1049 1877 mavult
1084 1844 1133 1876 acl
1156 1844 1310 1889 Elysios.
1362 1846 1399 1878 ln
1424 1856 1491 1887 quo
1516 1846 1654 1878 fallitur.

302 1913 483 1946 Doawrms
508 1912 558 1943 ad
580 1912 735 1956 scripsit,
761 1922 837 1944 eum
863 1910 944 1943 nihil
970 1911 1061 1944 dicat
1085 1911 1168 1943 nisi:
1194 1911 1392 1954 absumpsit,
1419 1912 1509 1944 misit
1534 1911 1576 1944 ad
1604 1912 1655 1943 in·
1676 1904 1680 1907 ’

304 1979 415 2021 feros,
440 1980 598 2012 Tibullus
624 1989 705 2012 vero
731 1979 803 2022 ipsa
828 1978 884 2010 illa
910 1979 985 2011 loca
1011 1977 1206 2011 describens
1232 1978 1410 2021 disertius,
1434 1980 1467 2012 in
1493 1990 1581 2021 quae
1603 1980 1655 2012 in-

305 2046 463 2078 troducat
488 2046 626 2086 Venus,
663 2044 697 2076 in
732 2043 853 2085 quibus
890 2043 959 2075 vita
993 2043 1094 2076 beata
1130 2043 1243 2076 futura
1275 2044 1343 2086 sit,
1383 2044 1469 2077 bene
1495 2045 1657 2088 praetulit

303 2113 350 2147 in.
376 2133 422 2138 -—-
456 2113 542 2146 Mox
567 2112 677 2144 forti
705 2111 816 2155 pede
842 2115 913 2144 est:
940 2109 1138 2143 hexametro
1164 2110 1322 2151 heroico,
1348 2116 1382 2144 et
1409 2112 1520 2154 placet
1544 2111 1655 2143 suavis

304 2180 477 2223 oppositio
512 2179 614 2211 etiam
646 2178 688 2210 ab
725 2178 915 2211 Huscimo
949 2179 1136 2218 illustrata,
1174 2178 1208 2210 in
1240 2178 1468 2211 locutionibus
1505 2178 1655 2219 elegis

304 2245 468 2277 molles
494 2239 667 2277 amores
694 2245 799 2278 ssere
827 2249 862 2278 et
886 2255 1052 2278 canere
1087 2244 1198 2277 sorti
1227 2244 1337 2288 pede.
1371 2245 1498 2286 regia
1524 2244 1654 2282 bella,

305 2309 336 2342 h.
363 2321 393 2344 e.
425 2321 544 2353 regum
573 2315 610 2343 nt
635 2311 715 2344 dicit
741 2312 850 2345 VIRG.
876 2311 1001 2353 Eclog.
1026 2311 1086 2353 VI,
1113 2313 1154 2343 3:
1198 2323 1275 2342 cnm
1309 2321 1464 2341 canerem
1501 2321 1596 2352 reges
1621 2315 1653 2340 et

303 2377 450 2422 proelia.
499 2378 588 2410 Sunt
613 2388 746 2411 amores
780 2388 843 2421 per
873 2388 911 2411 se
944 2377 1086 2417 molles,
1120 2377 1179 2409 sed
1217 2377 1364 2409 additum
1393 2382 1445 2409 est
1470 2375 1655 2419 epitheton,

304 2448 342 2477 ut
367 2444 542 2477 nervosior
566 2446 738 2488 oppositio
763 2448 866 2478 esset.
929 2444 1032 2480 Quod
1056 2444 1201 2487 denique
1217 2445 1362 2488 flet-isse
1388 2444 1509 2477 dicitur
1533 2443 1656 2476 Tibul-

307 2514 358 2544 lus
384 2523 537 2547 amores,
575 2512 709 2546 abunde
744 2513 950 2557 explicatum
975 2511 1087 2545 vidisti
1111 2512 1144 2545 in
1170 2511 1414 2544 Dissertatione
1441 2510 1654 2544 Carminibus

306 2577 434 2610 Tibulli
461 2587 562 2621 supra
590 2579 793 2622 praemissa,
819 2589 894 2622 cap.
917 2577 944 2613 Ι.
970 2595 1013 2601 -·

762 2678 1243 2696 fw-
