1721 2953
268 87 343 122 152
580 76 950 120 COMMEN'mli.
983 78 1038 118 lx
1072 79 1297 121 'l'lBULLl

270 197 445 239 ruptorum
481 201 577 236 opesx
602 210 645 216 --
695 192 894 235 liquidas
929 203 994 227 non
1030 194 1187 227 otiosum.
1251 193 1438 236 Dil'flnant,
1476 196 1544 237 ait,
1583 200 1618 228 nt

270 260 396 304 liquida
420 262 472 293 est
497 269 595 302 aqua.
645 258 887 301 Significanter
925 259 1030 302 igitur
1064 259 1156 302 quod
1182 260 1248 293 iam
1274 260 1310 293 in
1335 259 1470 293 nomine
1496 270 1556 304 per
1581 271 1617 293 se

269 328 378 366 inest,
417 325 519 358 etiam
545 324 640 357 iuxta
671 325 786 369 posuit
817 326 980 369 peculiari
1006 326 1111 360 verbo
1138 336 1359 370 expressum,
1396 326 1440 360 cf.
1466 326 1509 360 ad
1534 326 1562 368 I,
1588 329 1620 367 1,

269 395 328 428 62.
353 410 397 416 —
438 393 620 426 Postremo
657 392 855 427 observabis
888 403 965 427 cum
1001 393 1034 427 vi
1070 394 1253 438 repetitum
1279 403 1402 428 nomen
1428 395 1619 427 muneri—

270 461 349 494 bus
373 477 419 483 ——-
444 469 633 493 munera.
658 478 704 484 —-
746 460 788 494 V.
818 462 860 493 13
885 471 938 504 sq.
986 460 1075 494 lam
1107 460 1213 494 mihi
1247 462 1487 505 persolvet
1518 471 1619 505 poe-

270 536 356 559 nas.
406 525 513 559 Redit
545 525 588 559 ad
620 525 716 559 iram.
765 525 917 559 Pedibus
951 527 1117 560 comitans
1141 526 1174 559 in
1201 525 1322 560 itinere
1353 525 1522 559 hominem
1546 536 1622 559 sor-

271 590 351 625 dide
376 601 533 635 parcum,
571 591 630 634 qni
665 601 729 624 nec
761 601 863 624 curru
888 591 995 624 utitur
1023 601 1087 625 nec
1111 591 1187 624 aliis
1211 591 1511 625 commoditatibus
1537 592 1622 634 viae,

272 668 357 702 puer
382 659 532 703 turpabit
558 662 592 692 et
618 658 731 692 laedet
755 668 880 703 corpus
905 662 1071 700 tenerum,
1097 663 1200 701 atque
1225 659 1271 692 ita
1297 659 1361 693 iam
1382 669 1471 693 nunc
1495 669 1623 703 poenas

272 726 379 759 dabit.
427 726 540 760 Recte
565 736 646 759 vero
672 725 774 759 habet
794 725 992 771 persolvet,
1017 737 1080 770 pro
1105 736 1173 769 qno
1198 726 1349 760 Vossms
1374 729 1409 759 et
1433 726 1624 759 WUNDER-

274 802 419 825 memus
450 791 626 836 persolves
663 792 862 836 probarunt.
910 793 1068 836 Denique
1093 803 1231 826 avarum
1257 792 1362 826 fuisse
1387 796 1623 839 corruptorem

274 859 373 902 pueri
400 860 545 893 Vossws
573 862 626 891 est
649 858 705 901 qui
732 857 946 900 observavit,
971 869 1172 903 comparans
1198 859 1297 892 simul
1322 858 1461 892 Tillium
1488 861 1625 902 praeto-

275 936 347 959 rem
372 924 462 970 apud
491 925 635 958 How-vr·
660 925 762 958 Satir.
787 925 815 966 Ι,
840 928 873 966 6,
901 927 979 958 107.
1028 925 1194 959 Similiter
1219 924 1321 958 etiam
1356 923 1410 958 hic
1443 927 1560 958 noster
1592 925 1625 957 in

276 1001 334 1024 rus
360 991 528 1035 proficisci
563 992 709 1024 voluisse
734 990 888 1033 videtur,
926 1001 990 1026 nec
1022 1002 1108 1036 opus
1133 995 1171 1024 ut
1196 1002 1272 1025 cum
1299 990 1450 1024 HnYNro
1477 1001 1538 1034 pro
1564 1001 1625 1024 ne-

276 1057 450 1100 gotiatore
475 1068 553 1091 eum
578 1057 715 1091 habeas.
742 1076 787 1082 --
824 1058 1080 1101 pulvisque.
1129 1057 1235 1091 Vides
1260 1058 1382 1091 iterum
1409 1057 1567 1099 copulam
1593 1057 1627 1090 in

277 1125 423 1158 transitu
451 1124 494 1158 ad
525 1125 680 1168 singula,
706 1124 752 1159 cf.
779 1124 874 1167 adl,
899 1127 1018 1167 5,11.
1041 1141 1088 1150 -
1122 1127 1311 1158 urentur
1336 1123 1433 1158 sole
1459 1123 1627 1167 capilli,

279 1191 365 1225 ssavo
392 1192 484 1226 crine
509 1193 541 1226 in
564 1192 696 1226 fuscum
721 1196 864 1235 mutato,
889 1192 936 1225 ait
961 1192 1145 1226 Hermus.
1195 1192 1346 1226 Vossms
1372 1195 1484 1225 tamen
1510 1191 1628 1224 obser-

278 1261 335 1290 vat
360 1268 515 1301 asperam
549 1259 622 1291 fieri
654 1269 787 1292 comam
814 1262 849 1292 et
874 1258 1019 1302 rigidam
1043 1259 1116 1293 sole
1142 1263 1178 1292 et
1209 1259 1387 1292 mollitiem
1413 1268 1627 1315 euanescere.

276 1320 410 1367 Libyco
445 1321 516 1354 sole
545 1329 696 1366 perusta
729 1335 826 1356 coma
850 1324 1012 1357 Herculis
1036 1325 1251 1358 Pnopmwm
1278 1324 1403 1357 dicitur
1426 1325 1485 1366 lv,
1513 1327 1546 1367 9,
1570 1325 1627 1357 46.

278 1389 379 1422 Aliud
414 1394 467 1422 est
500 1390 642 1423 HonA'r.
667 1389 781 1433 Epod.
806 1391 849 1432 ΙΙ,
875 1393 941 1425 41:
974 1396 1125 1435 perusta
1158 1389 1291 1424 solibus
1324 1401 1432 1432 uxor,
1468 1389 1559 1433 quod
1584 1389 1627 1423 ad

277 1455 376 1488 faciei
401 1455 532 1488 fuscum
557 1455 705 1488 colorem
731 1456 890 1498 pertinet.

375 1521 416 1554 V.
454 1522 594 1554 17-74.
655 1521 846 1554 Medium
892 1531 1078 1556 carmen.
1148 1521 1373 1555 Uberiore
1414 1522 1628 1565 obiurga-

280 1588 407 1621 tione
445 1588 634 1632 exponit
668 1599 838 1621 omnem
882 1588 1092 1621 iniuriam
1131 1589 1286 1632 pueri,
1334 1592 1424 1622 tum
1463 1590 1626 1631 procul

280 1664 374 1687 eum
412 1654 560 1687 iratus
603 1653 766 1687 abesse
806 1654 949 1696 iubet.
998 1654 1269 1698 corruptori
1309 1665 1414 1688 vero
1452 1655 1627 1697 gravis*

278 1718 386 1752 sima
422 1719 537 1752 mala
573 1719 865 1762 imprecatur.

373 1784 416 1820 V.
445 1787 585 1817 17-50.
624 1784 813 1818 videbimus
840 1785 984 1829 primum
1018 1783 1308 1831 obiurgationem.
1357 1787 1535 1829 Peccasti,
1569 1788 1629 1829 ait,

279 1852 456 1885 immemor
480 1851 744 1884 admonitionum
770 1862 942 1893 mearum,
968 1852 1146 1886 immemor
1171 1851 1388 1885 iurisiurandi
1413 1852 1482 1895 tui,
1507 1852 1628 1886 imme—

278 1930 354 1952 mor
388 1919 577 1953 officiorum
611 1929 764 1952 meorum
799 1923 834 1952 et
869 1920 1055 1953 carminum
1093 1919 1154 1953 tibi
1187 1919 1435 1955 dedicatorum.
1493 1920 1628 1965 Nempe

278 1990 358 2020 suut
392 1990 462 2019 tres
497 1987 573 2020 loci.
624 1986 777 2020 Primum
812 1992 927 2020 narrat
962 1998 992 2022 v.
1021 1990 1181 2029 17-30.,
1216 1991 1254 2020 ut
1287 1987 1501 2022 admonuerit
1524 1997 1630 2031 saepe

281 2064 443 2097 puerum,
477 2064 520 2087 ne
544 2064 627 2086 auro
658 2055 829 2097 corrumpi
856 2065 893 2088 se
919 2055 1078 2098 patiatur.
1129 2053 1233 2090 Quod
1265 2054 1330 2088 iste
1360 2053 1508 2087 levitate
1533 2052 1630 2085 mala

279 2119 442 2162 neglexit.
493 2118 623 2152 Deinde
648 2120 790 2162 exponit
815 2119 916 2153 etiam
943 2122 1071 2153 iurasse
1103 2131 1246 2164 puerum
1270 2120 1490 2154 sanctissimis
1515 2120 1630 2153 verbis

279 2196 316 2218 se
342 2186 432 2218 nolle
457 2185 584 2218 violare
611 2175 723 2225 tidem,
749 2196 779 2219 v.
804 2188 857 2218 31-
873 2189 929 2219 40.
980 2186 1039 2219 Sic
1060 2185 1258 2229 periurium
1282 2185 1426 2219 accedit.
1473 2185 1629 2228 Denique

278 2260 309 2283 v.
335 2252 476 2284 41-50.
510 2249 692 2295 ingratum
726 2249 880 2283 animum
920 2251 1016 2295 pueri
1050 2251 1210 2285 ostendit.
1271 2252 1322 2285 De
1347 2253 1520 2295 praeclara
1544 2260 1625 2293 gra-

279 2317 414 2350 datione
453 2316 569 2350 liorum
610 2318 760 2351 locorum
797 2318 865 2351 dixi
903 2319 1005 2352 etiam
1041 2317 1073 2351 iu
1112 2318 1253 2351 Dissert.
1287 2317 1330 2351 de
1365 2317 1466 2351 Poesi
1499 2315 1627 2348 Tibulli

283 2394 355 2426 rap.
383 2382 421 2414 ll.
474 2382 571 2415 Mnc
610 2384 818 2427 explicemus
856 2385 1000 2426 singula.
1029 2403 1071 2409 -
1114 2394 1221 2417 auro
1258 2393 1310 2417 ne
1347 2383 1500 2427 pollue
1538 2381 1625 2415 for-

280 2460 393 2483 mam.
444 2450 611 2482 l’oiluimr
645 2452 750 2483 fornia
783 2452 875 2485 cuin:
914 2462 993 2485 usus
1020 2456 1052 2482 et
1079 2451 1208 2483 fructus
1232 2460 1314 2482 auro
1340 2447 1506 2482 venditur.
1557 2447 1626 2480 Ce-

280 2525 388 2548 mrum
414 2522 584 2558 compara:
616 2517 825 2550 tir-eamr.-
855 2518 1024 2561 4'22isiopla.
1056 2518 1141 2550 Nub.
1162 2519 1251 2549 987:
1277 2517 1330 2547 καὶ
1358 2512 1403 2558 μῆ
1430 2512 1522 2559 παρὰ
1553 2513 1627 2550 [0134.-

278 2596 289 2608 ι’
311 2583 403 2614 <izos
430 2598 457 2624 ῃ
477 2595 500 2614 ¹.»
519 2606 542 2619 Δ,
575 2597 678 2615 ψη,-
799 2621 801 2624 ,
833 2582 841 2615 ζ
942 2598 973 2617 z:
1001 2586 1105 2626 μηδὲν
1132 2578 1270 2627 ιιὶοχριὶν
1297 2589 1418 2622 ποιεῖμ
1445 2577 1481 2620 ὃ,
1510 2595 1538 2613 ἰι
1569 2583 1625 2624 τῆς
