1721 2953
489 163 632 204 LIBR.
660 163 734 203 lv.
792 163 959 207 CARM,
989 166 1041 206 ΙΙ.
1349 172 1430 209 433

86 288 219 322 aquas,
244 275 381 309 attollit
406 275 528 309 littore
546 273 704 321 gemmis.
762 275 866 309 Addit
894 276 1103 311 Huscmmss
1130 278 1273 313 eundem
1300 279 1430 323 XXIX,

83 345 154 374 74:
193 339 367 373 Cantaber
400 342 558 373 Oceanus
590 339 703 372 vicino
736 338 855 372 littore
878 354 1034 386 gemmas
1060 344 1226 387 Exspuit.
1250 363 1294 369 -—-
1343 346 1430 379 Mox

84 405 115 438 E
129 406 196 439 ois
220 405 369 449 aquis,
393 410 429 438 ut
444 406 630 439 PROPERT.
647 405 707 446 IV,
727 408 759 443 3,
781 408 844 437 10:
877 409 895 438 L
909 414 989 440 stus
1007 414 1041 439 et
1060 411 1136 441 an
1157 409 1305 443 discolor
1318 411 1431 444 Indus

85 483 182 517 aqua
208 471 238 504 h.
257 482 286 504 e.
310 471 352 504 ad
377 471 485 504 anm
511 481 650 513 aquam,
683 475 778 502 recte
805 471 996 513 explicante
1018 473 1259 508 Lacrimtmivo.
1309 475 1429 518 Neque

85 537 173 569 enim
205 538 360 580 intelligo
392 538 628 575 Hoscmfflm,
664 537 720 578 qui
749 547 814 569 non
840 538 910 570 vult
938 539 1031 581 iungi
1061 547 1166 573 usius
1193 541 1360 578 discolor,
1394 548 1431 576 et

85 604 312 636 STRABONEM
346 604 461 636 laudat
496 604 725 644 scribentem,
764 603 868 635 fuisse
903 605 958 646 qui
989 605 1173 650 Aethiopes
1208 608 1325 649 nigros
1358 609 1432 641 fieri

83 670 119 702 vi
157 681 319 713 aquarum
355 675 534 713 putarent,
585 676 619 704 et
656 671 820 704 Ovmmm
859 672 932 704 Art.
964 673 1037 705 Ani.
1071 673 1106 715 Ι,
1140 677 1221 708 723.
1260 675 1348 708 idem
1387 675 1431 709 de

85 738 196 770 nautis
221 738 376 770 universe
401 737 624 770 referentem:
661 736 842 770 Candidus
869 737 906 770 in
935 746 1051 772 naula
1078 741 1195 785 turpis
1224 742 1334 779 color,
1367 755 1431 774 ae-

85 802 204 848 quoris
237 803 334 835 unda
359 802 472 835 Debet
497 810 532 835 et
566 816 589 835 a
620 803 731 836 raclii-s
758 803 883 836 sideris
913 817 986 838 esse
1014 806 1124 851 niger.
1183 807 1234 840 De
1267 818 1333 850 quo
1364 818 1432 842 non

85 869 254 910 cogitasse
277 870 518 903 PRopnn'rmm
543 872 684 902 certum.
734 868 821 901 Nam
848 875 952 901 ustus
972 872 1048 902 an
1070 883 1165 916 aqua
1189 872 1283 914 iungi
1306 874 1434 915 nequit,

83 939 119 967 et
141 936 167 967 si
189 934 336 967 discolor
354 937 432 968 an
456 947 552 980 aqua
578 940 765 977 construam,
791 946 951 977 quorsum
977 938 1158 980 pertinebit
1183 938 1317 971 ustas?
1365 940 1431 973 Est

87 1003 175 1034 euim
201 1002 355 1045 profecto
380 1002 484 1034 ludus
514 1013 580 1035 una
611 1003 801 1044 eademque
828 1014 930 1035 causa
965 1010 1068 1035 ustus
1092 1009 1126 1038 et
1151 1005 1307 1040 discolor.
1358 1006 1432 1040 Ne-

85 1077 152 1110 que
186 1073 302 1101 noster
336 1072 456 1111 poeta,
494 1069 634 1110 opinor,
673 1066 716 1099 de
749 1067 814 1099 ista
847 1069 1008 1110 opinione
1042 1070 1223 1111 cogitarit,
1261 1071 1321 1104 sed
1348 1073 1430 1104 solis

83 1135 203 1167 vicinia
237 1135 352 1176 nigros
386 1135 457 1166 fieri
492 1133 593 1166 Indos
621 1133 763 1176 putavit.
814 1134 985 1168 Quorsum
1013 1146 1093 1168 vero
1122 1136 1249 1169 addidit
1278 1138 1431 1179 proxi-

85 1211 176 1234 mus
209 1201 317 1233 Eois
351 1202 497 1242 aquis,
533 1210 698 1242 quaeras,
735 1209 811 1232 cum
836 1200 902 1232 iam
935 1199 1040 1233 rubro
1066 1201 1106 1232 de
1132 1202 1251 1233 littore
1280 1202 1431 1235 dixerit?

84 1267 217 1309 Nempe
251 1266 473 1309 oppositionis
508 1275 610 1298 causa
640 1266 810 1298 cumulate
844 1266 1012 1308 loquitur,
1057 1271 1095 1300 ut
1129 1278 1159 1301 v.
1187 1271 1240 1301 12.
1276 1269 1430 1302 vidimus.

85 1333 237 1376 Opponit
263 1333 349 1365 enim
376 1332 463 1364 arvis
491 1332 575 1364 bene
599 1332 768 1364 olentibus
795 1336 829 1364 et
851 1332 1013 1365 odoratae
1038 1334 1149 1375 segeti
1167 1334 1315 1366 Arabum
1342 1344 1431 1366 nunc

88 1398 183 1430 littus
217 1398 354 1430 rubrum
390 1399 424 1428 et
458 1395 549 1427 ans
583 1405 688 1437 aquas
714 1396 876 1427 ludorum
902 1406 977 1427 cum
1005 1399 1160 1438 gemmis.
1221 1399 1337 1433 Quare
1363 1409 1429 1431 non

83 1462 272 1507 postulabis
299 1461 397 1507 equis
424 1473 443 1494 a
470 1463 681 1494 ScixLIGERo
708 1461 751 1494 de
777 1462 972 1494 coniectura
998 1465 1194 1506 repositum.

178 1529 220 1562 V.
246 1528 389 1561 21-ad
415 1530 528 1562 finem.
587 1528 763 1562 Exitus.
824 1528 1105 1562 Celebretur
1145 1529 1227 1563 hoc
1267 1531 1430 1565 festum

84 1596 250 1628 multos
295 1596 337 1627 in
382 1605 540 1635 annos,
590 1599 839 1635 ornentque
880 1595 1032 1627 Musae
1074 1606 1169 1629 cum
1214 1598 1431 1640 Apolline

85 1661 219 1693 etiam
257 1662 393 1691 cantu
433 1659 577 1691 toties
617 1659 812 1701 puellam
847 1659 1180 1703 dignissimam,
1223 1665 1431 1705 quemad—

84 1727 254 1761 modum
289 1725 421 1759 hodie
455 1725 558 1758 mihi
592 1725 835 1761 affuerunt.

179 1793 221 1826 V.
247 1793 292 1824 21
318 1801 391 1833 sqq.
432 1791 565 1824 festis
601 1791 842 1833 Kalendis,
876 1793 949 1825 scil.
984 1794 1126 1828 Martiis.
1153 1814 1198 1820 —-
1238 1798 1430 1831 testudi—

83 1871 164 1895 nea
187 1861 306 1902 lyra,
332 1859 376 1892 cf.
400 1859 462 1900 ΙΙΙ,
488 1861 521 1900 4,
545 1861 601 1892 37.
626 1877 670 1883 —
704 1860 906 1903 superbe
933 1862 1048 1904 lyra,
1074 1867 1111 1896 ut
1135 1863 1221 1897 infra
1246 1867 1279 1905 4,
1305 1866 1432 1898 2:1'11-

84 1933 190 1959 tonsa
225 1924 360 1957 Phoebe
394 1922 539 1968 superbe
576 1935 686 1957 coma.
736 1925 842 1958 Vides
877 1929 989 1960 autem
1024 1928 1103 1969 quid
1132 1929 1257 1963 innuat.
1307 1931 1431 1964 Musae

85 2002 170 2025 voce
195 1995 338 2032 canant,
371 1991 495 2034 Apollo
519 1989 652 2022 accinat
680 1990 764 2031 lyra.
787 2008 832 2013 —
871 1991 982 2024 Porro
1017 1994 1180 2026 multos
1214 1995 1255 2027 in
1290 2006 1429 2029 annos

88 2056 119 2091 h.
146 2068 177 2092 e.
210 2058 335 2090 multos
367 2067 429 2100 per
460 2065 586 2096 annos,
627 2055 728 2088 etiam
755 2056 1053 2090 WUNm-:Rmcmo
1079 2062 1114 2091 et
1140 2059 1328 2094 Huscmno
1355 2071 1430 2094 mo—

82 2123 261 2165 nentibus,
295 2126 334 2155 ut
357 2122 501 2156 HORAT.
527 2122 553 2164 I,
578 2125 636 2163 32,
661 2125 702 2155 2:
744 2122 847 2166 Quod
871 2129 906 2154 et
932 2123 1025 2156 lmnc
1050 2123 1087 2156 in
1112 2136 1243 2157 annum
1269 2126 1369 2159 vivat
1394 2134 1430 2160 et

85 2189 218 2234 plures.
269 2188 338 2222 Sed
373 2192 533 2230 corrupta
567 2191 620 2220 est
652 2187 755 2220 lectio
783 2187 944 2221 librorum
972 2194 1125 2223 veterum
1161 2189 1242 2224 hoe
1274 2198 1428 2234 sumet,

82 2264 170 2296 quae
194 2255 270 2286 solav
289 2263 452 2286 summam
479 2253 714 2286 auctoritatem
740 2251 852 2286 habet.
905 2254 1050 2287 Vossms
1073 2256 1210 2299 scripsit
1232 2264 1273 2289 zat
1295 2265 1425 2295 sumat,

82 2324 118 2353 et
143 2321 175 2352 in
202 2320 367 2363 principio
399 2319 502 2355 haec,
538 2319 597 2352 sed
630 2321 703 2353 iure
738 2321 907 2363 improbat
935 2321 1144 2356 Huscuxms
1171 2324 1332 2358 orationis
1358 2326 1427 2359 for-

83 2396 192 2420 mam:
228 2385 313 2418 hanc
345 2390 479 2418 cantate
512 2389 550 2419 ut
584 2386 676 2421 haec.
727 2387 802 2421 Nec
827 2388 1030 2429 significatio
1056 2390 1178 2433 placet.
1229 2391 1428 2435 Accipicbat

83 2463 135 2496 pr.
161 2452 339 2485 fruendum
372 2462 525 2493 sumere,
562 2463 760 2486 consumere
797 2452 966 2495 hilariter,
1001 2458 1039 2487 ut
1071 2455 1288 2489 TnnnN'rms
1322 2458 1426 2490 dixit:

86 2516 241 2549 hilarum
275 2528 456 2549 sumamus
491 2516 579 2548 diem
614 2517 755 2562 Adelph.
782 2518 825 2560 ll,
852 2521 885 2559 4,
908 2521 964 2552 23.
999 2520 1042 2562 V,
1069 2523 1102 2563 3,
1127 2525 1183 2555 68.
1219 2527 1253 2556 et
1286 2524 1425 2557 Pmu'r.

87 2583 120 2615 in
151 2583 250 2615 Milit.
286 2583 435 2616 Glorios.
462 2584 523 2625 ΙΙΙ,
559 2587 590 2626 1,
626 2588 690 2618 78:
730 2587 775 2617 Ιη
811 2585 906 2617 mala
942 2598 1049 2620 uxore
1085 2594 1192 2635 atque
1225 2589 1362 2622 inimico
1396 2591 1427 2621 si

86 2648 173 2694 quid
194 2661 332 2688 sumas,
365 2658 505 2684 sumtus
530 2657 601 2689 est,
638 2651 675 2685 in
701 2650 786 2686 hono
819 2652 954 2698 hospite
988 2660 1096 2699 atque
1122 2656 1232 2690 amico
1258 2663 1426 2702 quaestus

1031 2726 1085 2760 28
