1721 2953
243 92 321 129 194
563 83 931 127 ‹JOMMENTAR
962 87 1022 127 IN
1053 88 1280 130 TIBULLI

246 209 367 242 Restat
394 211 428 237 ut
468 204 509 237 de
534 202 671 237 exitu
699 202 818 238 dicam.
888 204 935 238 Ut
964 203 1141 239 exordium
1166 205 1238 239 fere
1264 209 1372 240 totum
1396 207 1428 240 in
1455 209 1593 251 querela

246 279 315 315 est,
343 273 389 305 sic
416 270 528 303 exitus
554 269 625 303 sere
651 274 743 304 totus
767 271 801 305 in
827 271 917 306 laeta
942 272 1036 316 pacis
1060 271 1292 316 descriptione
1317 277 1484 318 versatur,
1509 275 1590 310 belli

246 339 473 375 detestatione
497 337 662 371 redeunte
686 337 823 381 quidem
849 340 952 374 etiam
980 339 1032 374 hic
1058 341 1092 374 in
1125 341 1262 384 medio,
1304 342 1365 376 sed
1401 354 1491 378 nunc
1515 344 1591 387 qul-

244 406 321 439 dem
356 402 575 444 brevissimc3
615 413 691 437 nam
729 403 853 438 desinit
889 415 978 438 nunc
1015 407 1154 448 querela
1178 411 1214 441 et
1239 409 1413 451 praevalet
1437 408 1589 443 hilarium

243 481 356 506 rerum
381 470 555 514 cogitatio.
619 471 731 512 Atque
756 471 802 504 ita
828 470 1034 516 descriptam
1060 471 1165 508 habes
1191 478 1295 509 totam
1322 477 1487 510 rationem
1512 486 1591 510 sua-

242 539 367 573 vissimi
394 538 559 573 carminis.

738 877 1088 921 ,EXPLICATIQ

340 1071 376 1104 V.
405 1070 517 1103 1-14.
569 1067 824 1102 Exordium.
873 1068 1123 1102 Militatum
1149 1067 1357 1102 abiturus
1385 1068 1588 1104 detesta=

245 1141 313 1170 tur
350 1146 483 1169 enses
522 1138 567 1168 et
598 1134 720 1168 bella
757 1138 801 1168 et
841 1133 1065 1167 bellorum
1111 1144 1288 1169 causam
1324 1135 1589 1179 avaritiam,

243 1201 484 1245 praedicat
522 1204 684 1234 contra
715 1199 1071 1244 simplicitatem
1099 1204 1142 1234 et
1167 1201 1474 1236 securitatem
1504 1203 1592 1246 pri-

243 1279 345 1302 scae
383 1268 575 1309 aetatis,
612 1267 872 1301 revertitur
906 1266 1104 1310 denique
1145 1267 1198 1301 ad
1234 1267 1590 1303 detestationem

240 1334 353 1367 belli
391 1337 435 1366 et
468 1332 691 1366 instantis
723 1332 923 1366 militiae
961 1333 1176 1376 pericula
1208 1335 1518 1377 conqueritur.

334 1400 377 1433 V.
405 1402 420 1432 1
451 1410 502 1442 sq.
537 1399 753 1443 protulit,
789 1399 938 1441 invenit,
962 1399 1068 1432 veluti
1092 1399 1237 1433 Honm.
1264 1399 1377 1443 Epist.
1402 1400 1447 1442 ΙΙ,
1471 1404 1505 1443 3,
1530 1405 1591 1436 56.

238 1467 426 1500 Pnopmvr.
452 1466 496 1508 Π,
529 1468 561 1507 6,
596 1468 654 1500 31.
711 1465 800 1500 Vide
833 1466 933 1510 plura
966 1466 1057 1511 apud
1092 1467 1386 1502 Buotfcxuusmm
1422 1474 1457 1503 et
1489 1471 1588 1505 Vun-

237 1544 338 1567 punu.
363 1551 410 1558 —
448 1532 500 1566 Ad
534 1532 712 1576 sequentia
745 1533 1030 1567 Bnoncxnusms
1065 1534 1200 1567 confert
1224 1533 1301 1567 Crc.
1329 1535 1372 1568 ad
1399 1535 1467 1571 Qu,
1494 1536 1586 1572 fratr.

237 1600 264 1641 l,
291 1603 333 1632 3:
370 1610 469 1644 quem
503 1610 566 1644 ego
593 1597 705 1643 serus
739 1608 782 1630 ac
809 1597 958 1643 ferreus
992 1609 1009 1630 e
1036 1597 1215 1642 complexu
1241 1598 1357 1631 dimisi
1381 1612 1466 1636 meo,
1524 1595 1590 1635 Est¹

240 1668 346 1710 igitur
370 1666 592 1710 proverbialis
617 1664 753 1708 quidam
785 1674 868 1698 usus
900 1664 934 1697 in
970 1662 1043 1706 his,
1077 1664 1238 1698 Tibullus
1262 1670 1378 1700 autem
1401 1667 1497 1700 auxit
1522 1669 1589 1703 vim

238 1734 397 1767 dictionis
421 1733 537 1767 addita
562 1743 592 1766 v,
618 1743 735 1766 vere.
761 1751 808 1758 --
833 1732 886 1765 Ad
912 1743 944 1766 v.
969 1734 1003 1764 3.
1030 1734 1063 1766 4.
1089 1733 1133 1766 cf.
1160 1737 1263 1777 supra
1286 1733 1314 1775 Ι,
1337 1737 1370 1776 3,
1389 1736 1434 1768 47
1453 1745 1590 1778 sqq.—

240 1800 281 1834 V.
307 1802 329 1832 5
355 1810 405 1842 sq.
456 1800 509 1832 At
544 1796 658 1831 nihil
692 1798 775 1831 ille
813 1797 950 1831 miser
987 1799 1156 1832 meruit.
1205 1799 1258 1832 De
1291 1800 1402 1842 figura
1436 1806 1588 1836 mutatae

236 1865 425 1897 sententiae
460 1863 588 1896 diserte
622 1862 849 1906 explicuimus
880 1864 915 1896 in
952 1863 1202 1898 Dissertatione
1239 1864 1281 1898 de
1319 1866 1424 1900 Poesi
1459 1867 1587 1902 Tibulli

235 1943 262 1964 c.
287 1930 331 1964 ll.
381 1931 451 1964 Pro
484 1929 540 1962 At
567 1929 643 1962 libri
679 1929 816 1972 quidem
850 1930 1010 1964 meliores
1039 1930 1101 1964 An
1134 1931 1318 1975 praebent,
1357 1933 1450 1976 quod
1485 1936 1588 1969 resti-

235 1999 301 2031 tuit
326 1997 593 2030 LAcnmfflNth.
643 1995 714 2029 Sed
745 1997 859 2030 ieiuna
893 1998 1030 2031 exsistit
1062 1999 1233 2032 sententia
1267 2009 1331 2032 nec
1364 2000 1516 2034 scribere
1539 2002 1587 2035 ita

235 2062 392 2095 Tibullus
417 2062 537 2105 potuit.
587 2062 744 2104 Denique
781 2061 886 2095 miser
919 2066 973 2096 est
1006 2062 1145 2105 infelix,
1183 2064 1241 2107 qui
1266 2065 1490 2109 perniciosam
1514 2077 1586 2102 rem

234 2128 362 2162 invenit
397 2128 488 2161 nullo
525 2128 615 2161 malo
654 2127 807 2162 consilio.
840 2146 884 2152 -—
950 2129 990 2161 in
1032 2139 1190 2163 saevas
1235 2129 1368 2166 feras.
1428 2131 1586 2167 Eundem

233 2204 331 2227 usum
365 2180 736 2236 Pythagoras-statuit
768 2194 916 2238 primum
955 2193 1061 2228 fuisse
1098 2193 1181 2228 ferri
1223 2196 1314 2240 apud
1353 2196 1463 2231 Ovu).
1495 2198 1583 2232 Met.

232 2261 311 2303 XV,
338 2263 417 2294 106.
468 2260 639 2294 Hermus
672 2265 848 2306 comparat
873 2261 1009 2296 Rn'rm.
1033 2261 1061 2303 1,
1086 2264 1176 2295 365:
1215 2261 1367 2295 Saecula
1391 2261 1584 2295 Semideum

225 2328 365 2375 ferrati
390 2327 507 2360 nescia
532 2329 667 2362 Illartis
685 2329 789 2375 ferro
816 2328 972 2361 crudeles
998 2328 1199 2362 sustinuere
1217 2328 1335 2375 feras.
1363 2348 1403 2354 —
1428 2329 1584 2372 Denique

234 2393 358 2427 dedit
382 2393 453 2427 scil.
481 2393 691 2438 hominibus,
727 2407 754 2430 s.
779 2397 917 2430 invenit.
942 2413 990 2423 —
1034 2397 1077 2430 V.
1103 2400 1125 2429 7
1151 2406 1203 2439 sq.
1246 2395 1435 2438 Divitis,
1471 2395 1513 2430 cf.
1540 2396 1582 2430 ad

230 2459 258 2501 Ι,
286 2462 319 2501 9,
342 2462 400 2492 31.
426 2477 472 2486 —
498 2460 699 2504 Faginus
724 2463 933 2508 scyphus.
983 2464 1160 2506 Frequens
1181 2462 1308 2495 mentio
1332 2463 1448 2496 talium
1474 2474 1582 2507 pocu-

235 2524 356 2566 lorum,
381 2529 420 2558 ut
444 2526 602 2561 laudante
628 2529 891 2564 Buoucxfflusm
918 2534 952 2565 et
979 2531 1120 2564 Vumno
1143 2529 1243 2562 Ovid.
1268 2529 1352 2563 Met.
1381 2531 1475 2573 vni,
1500 2534 1580 2565 669.

232 2591 323 2624 Fast.
341 2591 382 2631 V,
402 2593 481 2625 522.
513 2593 617 2627 Vmc.
635 2593 755 2638 Eclog.
775 2595 836 2636 ΙΙΙ,
856 2597 913 2628 36.
941 2595 1017 2630 Su„
1040 2595 1094 2628 1⁷1⁸.
1112 2593 1188 2634 vll,
1213 2596 1291 2627 188.
1320 2595 1459 2629 VALER.
1481 2595 1578 2629 Mu.

1692 1110 1699 1163 i
