1721 2953
272 188 294 222 3
303 187 353 223 70
586 171 956 216 COMMENTAR.
988 172 1040 209 m
1077 168 1305 209 TIBULLI

274 295 383 328 Vina.
409 295 490 327 Aen.
518 290 558 332 V,
584 291 663 322 438.
713 288 819 322 Ovm.
850 288 941 322 Fast.
968 288 1026 329 VJ,
1054 289 1132 320 162.
1168 295 1255 328 quae
1290 285 1451 319 mems
1491 282 1617 323 laudat,

274 367 308 394 et
341 359 426 393 adde
460 357 675 390 Mucnssnuu
709 354 741 386 in
777 353 863 387 libro
888 353 931 387 de
957 353 1112 386 Etruscis
1137 352 1241 384 Toni.
1268 350 1311 383 11.
1350 361 1382 393 p.
1409 351 1488 382 179.
1539 349 1615 381 Hae

275 429 402 462 hostiae
429 425 629 458 dicebantur
652 421 836 463 animales,
858 432 942 464 quas
966 421 1071 454 etiam
1097 419 1161 452 hoc
1188 420 1264 452 loco
1292 418 1496 460 intelligunt.
1545 416 1616 449 Sed

275 506 340 538 ego
366 494 420 526 iix
449 491 552 525 credo
579 490 621 524 de
645 489 791 532 mystica
816 498 854 522 re
879 492 1016 533 poetam
1042 487 1231 529 cogitasse,
1263 486 1319 528 qui
1346 485 1514 529 pecudes,
1550 494 1617 517 nou

274 560 438 604 pecudem
475 557 590 591 offerri
625 556 696 588 vult
730 554 811 588 Diti.
872 554 995 587 Potius
1030 552 1207 594 vulgarem
1243 560 1340 584 usum
1374 549 1617 584 sacrificiorum

273 628 453 669 intelligas.
505 624 666 657 Ceterum
702 621 745 655 de
780 621 929 664 nigris
965 619 1153 664 pecudibus
1190 628 1246 651 res
1283 620 1374 650 uota.
1435 617 1486 649 Ac
1519 625 1618 659 pro-

272 696 445 730 mittite
470 697 522 727 est
548 697 690 733 vovete,
716 690 821 724 veluti
845 689 973 723 lnvmv.
999 689 1073 721 Sat.
1098 686 1196 727 XIII,
1220 687 1303 718 232.
1327 702 1374 709 —
1407 683 1463 715 Et
1497 681 1617 715 nivei

274 761 406 794 lactis
442 758 609 802 poeula
642 756 782 790 mixta
816 764 945 788 mero.
997 752 1085 786 Nam
1111 761 1155 785 ex
1180 752 1364 793 sanguine,
1400 751 1507 790 lacte,
1541 748 1618 780 vino

272 825 484 869 potissimum
516 822 714 864 constabat,
752 826 791 855 ut
827 825 964 862 notum,
1007 829 1139 853 sacrum
1176 817 1267 861 quod
1293 817 1409 850 inferis
1434 815 1616 848 ferebatur.

272 891 407 925 Laudat
442 891 724 923 Bnoncmmsms
760 889 883 921 Senec.
921 885 1011 919 Oed.
1037 887 1126 917 563:
1164 882 1370 927 sanguinem
1405 879 1493 912 libat
1523 878 1621 925 focis

271 956 479 1001 Solidasque
500 954 652 999 pecudes
677 953 751 986 urit
782 959 815 985 et
844 951 954 985 multo
978 961 1119 994 specum
1142 950 1296 980 Saturat
1323 957 1455 978 cruore.
1512 943 1621 976 Libat

272 1031 306 1057 et
340 1024 478 1057 niveum
510 1022 654 1067 insuper
686 1021 811 1054 Laetis
845 1020 1034 1065 liquorem,
1065 1015 1197 1063 fundit
1229 1022 1264 1047 et
1298 1014 1480 1047 Bacchum
1513 1024 1619 1044 manu

272 1094 404 1123 Laeva.
457 1089 553 1123 Adde
578 1089 687 1122 VIRG.
714 1088 799 1120 Aen.
824 1086 866 1127 V,
890 1088 935 1119 77
960 1095 1033 1127 sqq.
1083 1083 1300 1115 Mortuorum
1326 1079 1483 1112 libamina
1509 1078 1620 1111 omnia

274 1158 331 1200 qui
356 1165 566 1198 cognoscere
599 1154 712 1197 cupit,
747 1150 847 1185 adeat
885 1149 985 1183 modo
1011 1148 1244 1181 Bnommnn.
1270 1144 1311 1179 ad
1340 1142 1498 1186 Aeschyl·
1523 1144 1619 1176 Pers.

276 1234 304 1257 v.
330 1224 411 1257 616.
439 1221 591 1254 Glossar.
619 1237 663 1242 —

631 1642 1080 1692 ELEGIA
1182 1643 1258 1690 vl.

750 1952 1159 1999 INTRODUCTIO.

277 2115 505 2173 Successum
541 2139 608 2163 non
644 2127 830 2162 habuerant
863 2127 977 2170 priora
1012 2125 1180 2165 carmina,
1219 2123 1352 2157 Neaera
1380 2133 1446 2156 non
1472 2122 1619 2156 redierat

275 2200 309 2231 iu
335 2198 477 2241 gratiam
502 2205 578 2229 cum
604 2198 724 2238 poeta,
762 2193 824 2226 sed
859 2191 1008 2226 desierat
1037 2201 1115 2225 eum
1141 2200 1265 2224 amare.
1315 2190 1383 2223 Hic
1407 2190 1513 2232 igitur
1539 2199 1615 2222 cum

274 2264 366 2299 aliud
403 2263 480 2297 nihil
519 2249 712 2296 faciendum
748 2260 882 2302 videat,
922 2259 1061 2293 tandem
1101 2259 1294 2301 relinquens
1337 2257 1485 2300 pueliam
1521 2265 1619 2288 curas

277 2330 355 2362 vino
379 2328 510 2361 diluere
535 2326 650 2360 studet
675 2327 708 2359 in
732 2325 987 2369 compotatione
1012 2325 1212 2358 amicorum.
1263 2323 1375 2365 Atque
1401 2321 1531 2354 initium
1555 2318 1618 2351 hoc

277 2398 347 2427 est:
384 2393 518 2426 invocat
542 2391 713 2425 Bacchum
739 2395 777 2424 ut
809 2391 896 2424 adsit
922 2396 956 2424 et
981 2390 1116 2423 auferat
1141 2389 1315 2430 dolorem,
1350 2386 1504 2420 hortatur
1531 2395 1617 2428 pue-

275 2468 349 2491 rum
383 2462 421 2490 ut
455 2456 607 2490 infundat
639 2457 786 2490 Falerna
819 2460 854 2490 et
888 2457 1019 2490 amicos
1056 2456 1185 2489 excitat
1217 2454 1286 2487 dux
1322 2457 1356 2486 et
1380 2452 1541 2493 magistet
1568 2450 1621 2481 bi-

275 2522 399 2563 bendi;
437 2522 623 2555 modestam
649 2522 937 2565 compotationem
962 2520 1129 2562 futuram,
1164 2524 1199 2552 at
1225 2519 1321 2551 nimis
1347 2526 1484 2550 severos
1511 2525 1531 2546 a
1555 2513 1621 2546 deo

277 2590 428 2633 punitum
455 2589 506 2621 iri.
555 2588 626 2621 Sed
651 2589 697 2621 ita
723 2588 800 2621 dum
828 2586 983 2621 hortatur
1009 2597 1081 2628 eos,
1110 2594 1190 2618 ecce
1215 2583 1301 2616 redit
1326 2582 1358 2614 iu
1382 2582 1530 2614 animum
1556 2579 1620 2633 dq-

278 2657 345 2697 lor,
390 2660 613 2699 precaturque
649 2656 735 2687 mala
772 2654 906 2698 puellae
944 2652 1115 2697 perfidae3
1165 2649 1316 2694 reprimit
1353 2653 1466 2682 tamen
1503 2647 1617 2681 statim
