1721 2953
323 184 383 208 ων
864 168 939 208 DE
970 165 1126 210 POESI

322 278 458 319 studet
486 278 630 318 Deliae
663 286 707 317 ut
735 286 868 318 tamen
896 279 1043 319 audeat
1075 279 1239 331 sallere3
1270 281 1398 321 altero
1426 288 1518 334 post
1547 278 1667 319 disci-

322 355 457 405 dium,
499 353 611 407 quod
649 361 784 393 ortum
818 363 925 406 erat,
965 357 1194 395 obtestatur
1226 358 1405 408 puellam
1444 365 1488 396 ut
1523 356 1667 396 reddat

321 434 519 473 savorem.
589 431 777 471 Tertium
818 447 920 473 vero
961 447 1127 472 carmen
1163 433 1207 472 in
1245 433 1428 487 Corcyra
1470 435 1667 486 scriptum

322 522 415 546 cum
441 514 680 558 aegrotaret,
707 507 751 546 in
772 508 914 548 mortis
939 508 1181 560 cogitatione
1210 517 1409 558 versatur,
1438 523 1542 562 quae
1564 522 1669 547 non-

322 582 400 622 nisi
437 582 481 621 in
511 583 625 621 exitu
659 581 889 623 dimittitur.
955 585 1002 623 In
1041 582 1186 624 dolore
1217 592 1256 623 et
1286 585 1455 638 querela
1482 591 1671 625 versatur

321 659 443 698 etiam
472 667 586 698 sexta
616 659 764 711 elegia,
808 660 881 699 ubi
919 659 968 700 de
1001 660 1173 713 perfidia
1212 675 1321 701 nova
1351 660 1498 699 Deliae
1529 659 1672 711 agitur.

321 740 507 780 Primum
547 740 722 795 denique
760 755 947 791 carmen,
990 740 1103 795 quod
1134 741 1367 781 felicitatem
1400 741 1472 780 otii
1499 754 1598 779 rure
1633 748 1669 778 et

320 819 364 858 in
405 833 545 859 amore
586 818 839 871 transigendi
881 827 1052 869 tractat,
1099 820 1263 872 qualem
1307 819 1432 858 habet
1475 817 1669 856 eroticam

320 903 481 946 partem
493 892 512 934 ’Β

571 894 693 935 Sedet
731 903 851 948 poeta
893 894 1017 934 duras
1061 895 1212 934 ianitor
1251 902 1344 934 ante
1384 894 1514 942 sores,
1559 893 1674 931 flebit

322 969 421 1010 olim
448 971 570 1010 Delia
596 971 640 1009 in
667 971 813 1010 sunere
842 971 1025 1020 amantis,
1056 969 1223 1008 interim
1248 971 1473 1020 iungantur
1503 982 1675 1016 amores,

323 1044 423 1085 dum
452 1046 641 1097 frangere
678 1054 814 1098 postes
854 1059 940 1086 non
980 1046 1107 1098 pudet
1146 1053 1185 1084 et
1216 1045 1329 1084 rixas
1358 1044 1579 1083 inseruisse
1610 1044 1674 1082 iu-

322 1130 405 1162 vat.
473 1121 585 1170 Quid
617 1121 762 1163 vides?
820 1123 1001 1162 Dolores
1042 1123 1193 1162 amoris
1238 1122 1467 1161 mollissimi
1509 1130 1549 1160 et
1587 1122 1675 1173 ipsa

321 1197 471 1248 gaudia
511 1198 614 1237 rixis
655 1199 866 1238 amatoriis
906 1199 1048 1238 mixta.
1106 1200 1242 1251 Atque
1279 1199 1379 1237 haec
1416 1198 1458 1237 in
1497 1198 1675 1238 Deliam.

325 1274 520 1313 Carmina
550 1274 602 1313 ad
638 1273 848 1313 Nemesim
885 1274 1062 1315 vidimus
1093 1273 1217 1313 modo
1247 1281 1334 1314 tota
1374 1274 1496 1326 plena
1537 1274 1675 1327 queri-

328 1350 482 1388 monia.
539 1349 708 1389 Restant
736 1350 816 1389 tria
841 1351 918 1390 ista
947 1349 1267 1400 consideranda,
1303 1349 1374 1389 ubi
1403 1348 1453 1388 de
1482 1349 1675 1388 Maratlio

324 1424 470 1475 agitur.
528 1425 663 1478 Atque
684 1425 726 1464 in
750 1434 897 1478 quarto
923 1426 1020 1464 libri
1042 1425 1167 1477 primi
1196 1433 1413 1478 praecepta
1438 1423 1488 1464 de
1511 1424 1675 1476 euplen-

324 1499 384 1540 dis
414 1502 552 1553 pueris
581 1511 886 1554 proponuntur,
921 1516 1025 1555 quae
1051 1516 1143 1541 cum
1171 1502 1213 1540 in
1242 1501 1321 1540 fine
1349 1501 1484 1553 ipsum
1510 1509 1675 1553 poetam

325 1577 565 1625 destituant,
607 1585 653 1617 ut
689 1591 740 1616 ne
770 1577 848 1616 sibi
880 1576 1047 1630 quidem
1078 1576 1272 1628 prodesse
1302 1590 1344 1615 se
1380 1590 1501 1628 posse
1530 1575 1677 1616 sentiat

326 1667 418 1692 cum
461 1654 635 1705 gemitu,
678 1667 837 1693 summa
879 1655 1068 1693 carminis
1110 1655 1328 1692 manifesto
1372 1652 1424 1691 ad
1465 1653 1676 1713 querelam

325 1728 452 1778 redit,
491 1730 652 1770 fastidio
682 1731 864 1770 Marathi
904 1744 1044 1770 omnes
1078 1729 1202 1769 modo
1235 1728 1402 1768 traditas
1442 1738 1547 1767 artes
1590 1730 1677 1767 elu-

327 1803 462 1844 dente.
520 1807 567 1844 In
602 1818 713 1845 nono
743 1808 979 1858 gravissime
1019 1809 1197 1858 exagitat
1234 1806 1430 1844 infamem
1462 1804 1676 1856 perfidiam

322 1880 444 1931 pueri
473 1893 603 1932 usque
643 1881 693 1920 ad
732 1882 876 1930 finem,
916 1883 959 1920 in
992 1889 1137 1921 octavo
1170 1879 1348 1933 denique
1382 1881 1544 1919 dolores
1585 1881 1677 1918 'Ma-

325 1957 433 1995 rathi
473 1970 549 2007 per
587 1957 773 1996 Pholoen
804 1965 962 1997 tractat.
1030 1956 1148 1996 Talia
1179 1965 1272 1996 sunt
1303 1957 1500 1996 amatoria
1530 1964 1676 2013 poetae

327 2033 520 2071 carmina.
577 2033 735 2071 Verum
766 2033 886 2072 etiam
926 2032 997 2072 ubi
1032 2032 1076 2071 in
1112 2032 1191 2071 alio
1233 2039 1474 2083 argumento
1517 2045 1676 2071 amores

325 2109 475 2158 tangit,
510 2115 552 2146 ut
581 2109 685 2147 solet
712 2109 858 2157 facere,
888 2122 973 2147 non
994 2109 1121 2148 laetos
1142 2110 1256 2147 lusus
1279 2115 1319 2146 et
1347 2108 1472 2157 iocos,
1501 2106 1572 2146 sed
1602 2106 1676 2146 do-

326 2185 435 2222 lores
461 2182 664 2232 describit,
693 2183 775 2223 vid.
796 2185 825 2233 I,
848 2187 911 2233 10,
931 2187 982 2222 53
999 2197 1089 2236 sqq.
1114 2184 1162 2231 II,
1188 2187 1221 2233 1,
1240 2188 1290 2222 67
1310 2197 1399 2236 sqq.
1428 2187 1464 2230 5,
1492 2186 1566 2220 lOl
1586 2197 1676 2236 sqq.

328 2259 518 2297 Carmine
549 2260 682 2310 primo
710 2259 807 2298 libri
838 2258 1008 2298 secundi
1036 2273 1197 2298 sacrum
1239 2260 1472 2298 ambarvale
1504 2259 1676 2308 canitur,

328 2336 371 2373 in
402 2335 570 2387 praedio
598 2336 754 2375 Tibulli
785 2336 898 2389 quod
928 2337 991 2386 fit3
1035 2344 1093 2375 est
1122 2337 1246 2388 igitur
1278 2344 1564 2387 argumentum
1593 2337 1676 2375 lae-

326 2419 435 2459 tum,
474 2409 543 2450 sed
577 2419 708 2450 tamen
740 2425 825 2451 non
860 2413 1012 2451 oblitus
1047 2420 1106 2451 est
1140 2421 1260 2464 poeta
1300 2413 1508 2464 querelam
1539 2411 1673 2449 immi-

329 2502 455 2528 scere.
515 2488 624 2526 Talis
668 2488 777 2527 enim
815 2497 873 2528 est
912 2496 1020 2527 totus
1061 2486 1110 2526 de
1149 2488 1301 2527 Amore
1336 2488 1519 2526 intextus
1551 2486 1677 2533 locus,

331 2575 368 2604 ct
415 2566 528 2604 facile
571 2565 720 2603 sentias
760 2580 854 2604 eum
895 2566 1014 2603 etiam
1055 2578 1222 2603 suarum
1260 2571 1353 2602 ante
1385 2575 1675 2600 aerumnarum

330 2640 537 2681 recordari
573 2640 666 2680 dum
700 2643 870 2681 scribat:
911 2642 988 2680 Hei
1021 2642 1119 2680 mihi
1150 2654 1272 2694 quam
1302 2639 1438 2679 doctas
1468 2652 1575 2678 nunc
1603 2639 1674 2676 lia-
