1721 2953
333 175 424 198 v-xtv
882 162 954 199 DE
987 161 1139 202 POESI

336 273 521 327 promitti
558 276 634 314 hoc
671 272 808 325 potius
845 273 1079 326 coniugium
1112 277 1160 315 ab
1192 277 1398 329 Apolline.
1456 280 1567 319 Haec
1604 282 1685 319 ille.

336 353 463 391 Poeta
493 364 592 391 vero
624 351 664 389 in
698 351 809 389 exitu
841 351 1015 391 affirmat
1045 353 1182 392 multis
1216 353 1371 394 verbis.
1410 368 1451 393 se
1484 367 1566 394 non
1600 363 1682 394 tam

337 429 479 469 duram
517 430 667 468 habere
704 441 822 479 posse
852 428 1053 468 Neaeram
1085 437 1129 468 ut
1160 437 1301 481 neget,
1343 439 1382 471 et
1416 438 1609 484 precatur
1638 439 1683 471 ut

337 506 435 546 deus
478 505 518 544 in
562 503 707 544 melius
750 513 881 546 vertat
922 506 1095 545 somnia.
1165 506 1389 548 Videamus
1429 523 1539 548 nune
1583 507 1683 562 quid

337 581 507 622 iudicari
545 580 691 621 debeat
723 581 772 621 de
806 582 882 622 hac
914 581 1224 635 compositione.
1292 583 1361 623 Est
1393 585 1513 624 unica
1543 585 1683 636 elegia,

338 674 442 713 quae
471 668 554 700 tres
585 659 833 712 principales
865 668 1002 712 partes
1042 660 1098 699 sic
1130 660 1214 700 sere
1247 659 1456 701 distinctas
1487 662 1609 702 habet
1638 671 1685 702 ut

337 743 444 776 amat
484 735 698 785 Tibullus⁷
742 743 780 774 et
825 743 958 774 tamen
1002 736 1185 787 singulae
1231 750 1354 789 quam
1394 737 1682 790 imperfectae!

335 814 392 853 Ac
416 814 594 865 primum
619 810 785 865 quidem
810 811 1044 862 exordium,
1075 811 1125 852 ad
1149 811 1345 852 maiorem
1371 814 1684 866 amplitudinem

337 888 634 940 compositum⁷
688 887 808 926 etiam
851 895 1027 927 mutatae
1067 888 1291 928 sententiae
1335 888 1505 941 figuram
1548 891 1683 938 habet,

335 964 407 1004 sed
448 965 524 1003 hac
563 963 651 1015 ipsa
691 965 795 1003 male
835 964 976 1004 utitur.
1046 964 1171 1004 Recte
1211 963 1373 1004 orditur
1411 979 1435 1004 a
1471 973 1593 1015 voto,
1640 973 1683 1003 ut

336 1039 508 1079 meliora
551 1040 682 1079 serant
721 1038 798 1087 dii,
845 1053 920 1079 nec
958 1039 1062 1079 illud
1099 1041 1272 1090 malum,
1324 1039 1436 1094 quod
1478 1050 1682 1081 crescente

336 1117 483 1157 affectu
515 1115 617 1155 adeo
648 1115 788 1154 inania
823 1115 917 1156 dicit
947 1117 1084 1155 omnia
1117 1117 1276 1156 somnia
1311 1124 1351 1155 et
1382 1116 1504 1156 fidem
1534 1117 1582 1156 iis
1613 1116 1684 1156 ‹le-

335 1199 473 1243 negat‚
507 1190 632 1231 m'odo
662 1189 808 1229 deinde
837 1205 879 1230 se
907 1199 1137 1232 revocasset
1166 1205 1262 1231 vere
1291 1193 1342 1231 ab
1374 1192 1451 1231 hac
1481 1193 1683 1231 sententia

336 1280 428 1306 cum
464 1264 617 1305 rediret
655 1265 705 1305 ad
743 1266 919 1305 initium.
988 1265 1112 1306 Nunc
1145 1267 1345 1307 relabitur
1375 1267 1541 1321 quidem
1573 1276 1682 1308 recte

335 1342 383 1382 ad
424 1350 520 1383 vota
554 1350 601 1381 ut
636 1342 774 1381 irritos
811 1342 930 1381 saciat
959 1342 1117 1382 Lucina
1152 1344 1229 1383 hos
1263 1344 1452 1393 timores,
1495 1343 1566 1384 sed
1596 1357 1680 1383 non

334 1426 464 1458 mutat
502 1418 558 1458 sic
598 1425 643 1457 ut
680 1416 801 1456 debet
830 1418 948 1456 istam
987 1417 1251 1467 sententiam,
1297 1431 1420 1471 quam
1450 1419 1492 1457 in
1522 1418 1682 1458 incerto

332 1494 543 1547 relinquit.
611 1491 676 1532 Sic
708 1493 861 1531 factum
899 1500 941 1532 ut
977 1506 1060 1532 non
1099 1494 1260 1532 sublata
1288 1493 1468 1533 vanitate
1500 1495 1682 1533 somnio-

333 1583 448 1619 rum,
491 1581 615 1622 quam
648 1567 816 1606 nonnisi
851 1580 926 1618 per
957 1575 1212 1606 momentum
1244 1566 1465 1607 defendere
1496 1567 1682 1613 debebat,

334 1644 552 1686 exordium
592 1651 792 1696 repugnet
835 1644 998 1696 reliquo
1044 1643 1214 1682 carmini
1255 1643 1438 1697 ipsisque
1477 1645 1682 1696 Apollinis

334 1722 489 1770 verbis,
519 1722 591 1774 qui
620 1735 715 1761 vera
743 1735 784 1760 se
807 1722 925 1774 loqui
948 1729 1101 1760 monet.
1160 1720 1353 1760 Ceterum
1378 1727 1543 1772 praeter
1569 1720 1681 1759 hunc

332 1800 468 1838 locum
497 1811 595 1839 usus
627 1805 685 1836 est
713 1796 948 1849 Lygdamus
978 1798 1108 1848 figura
1137 1804 1316 1836 mutatae
1351 1795 1576 1836 sententiae
1606 1809 1681 1847 per

334 1883 464 1914 totum
498 1882 659 1914 sextum
696 1887 881 1922 carmen,
922 1873 993 1914 sed
1030 1888 1104 1913 nec
1139 1872 1200 1912 ibi
1233 1872 1350 1922 scite,
1392 1880 1437 1911 ut
1466 1873 1546 1912 iam
1576 1870 1681 1912 vidi-

331 1964 437 1990 mus.
493 1949 605 1987 Alias
636 1961 721 1986 non
752 1947 934 1997 admisit,
969 1963 1014 1987 ac
1044 1948 1306 2000 tranquillior
1335 1949 1420 1986 fere
1451 1949 1550 1988 haec
1580 1961 1679 2000 poe-

332 2027 406 2073 sis,
462 2038 586 2078 quam
625 2031 669 2062 ut
711 2021 890 2064 vividior
929 2023 1058 2073 figura
1099 2022 1328 2062 conveniat.
1399 2022 1535 2075 Atque
1578 2024 1678 2062 haec

330 2103 543 2139 hactenus.
624 2099 792 2137 Praeter
833 2096 1049 2136 exordium
1090 2097 1205 2150 quod
1243 2097 1285 2136 in
1328 2097 1441 2137 exitu
1480 2096 1586 2137 redit
1627 2097 1678 2137 ad

329 2176 439 2241 idem
483 2184 624 2216 votum
672 2183 817 2227 poeta,
881 2184 924 2214 ut
967 2177 1011 2214 in
1055 2176 1202 2214 melius
1245 2183 1407 2215 vertant
1449 2173 1505 2214 dii
1548 2172 1674 2212 tristia

332 2252 508 2301 somnia,
539 2260 646 2290 recte
679 2260 717 2290 et
746 2253 850 2290 bene
879 2253 1047 2302 sactum,
1078 2265 1213 2305 neque
1239 2250 1348 2291 enim
1375 2251 1521 2290 melior
1543 2250 1675 2289 exitus

331 2341 382 2366 ex
422 2328 544 2366 huius
585 2328 813 2378 argumenti
850 2328 1008 2367 ratione
1048 2327 1207 2380 imponi
1242 2334 1404 2379 poterat
1441 2338 1564 2379 quam
1600 2338 1675 2376 per

331 2403 616 2454 repetitionem
656 2402 785 2453 initii:
830 2405 933 2442 male
977 2417 1074 2444 vero
1116 2403 1255 2457 inepta
1296 2404 1412 2455 copia
1452 2403 1673 2453 imaginum

331 2479 505 2517 affirmat
542 2492 624 2517 non
664 2478 807 2517 duram
843 2492 927 2518 csse
958 2479 1173 2519 Neaeram.
1237 2478 1463 2517 Veniamus
1494 2475 1672 2529 denique

330 2554 381 2594 ad
411 2552 590 2593 medium
621 2568 798 2594 carmen.
854 2555 1036 2607 Apparet
1066 2554 1200 2594 statim
1228 2567 1313 2593 non
1343 2554 1448 2591 clare
1480 2552 1672 2603 cogitasse

333 2630 515 2681 poetam.
572 2629 670 2684 quid
713 2632 773 2669 hic
814 2630 900 2670 fieri
944 2631 1121 2672 deberet.
1199 2631 1304 2671 Nam
1341 2631 1374 2669 si
1417 2642 1672 2670 commovere-
