1721 2953
285 118 367 156 214
599 107 970 154 COMMENTAR.
1001 115 1053 154 IN
1089 111 1314 155 TIBULLI

287 231 353 269 tur,
378 223 545 267 sImulque
569 224 740 268 primitiae
766 225 900 268 frugum
927 225 978 260 his
1003 226 1209 262 offerrentur
1234 231 1268 262 et
1293 229 1419 262 ceteris
1444 229 1639 272 agrestibus

286 292 369 333 diis,
406 289 449 323 cf.
477 290 576 324 Voss.
610 289 654 323 ad
681 291 778 334 Virg.
804 290 926 335 Eclog.
954 293 997 335 V,
1031 304 1064 336 p.
1090 295 1173 327 265.
1233 292 1348 326 Etiam
1386 294 1559 328 Hans-ms
1597 294 1640 328 de

287 355 451 390 sacrificio
477 360 555 400 post
586 367 733 392 messem
765 357 889 393 saetam
916 361 1067 403 cogitat,
1101 360 1389 404 quemadmodum
1415 362 1495 394 olim
1520 362 1640 395 Hem-

284 433 358 456 ειυς
385 432 461 456 cum
489 424 644 466 Grn'ro,
670 425 727 468 qui
754 423 888 457 horreis
915 426 1154 468 emendabant,
1181 430 1215 460 et
1240 428 1443 469 SCAIAGER,
1468 427 1524 469 qui
1549 425 1642 458 areis

284 488 415 532 recepit
439 498 491 532 pr.
517 488 628 534 agris.
689 488 761 523 Sed
784 493 880 524 recte
904 495 1021 525 monet
1046 492 1369 526 WUNDERLIGHIUS
1400 493 1546 535 intelligi
1578 491 1642 524 de-

284 553 367 587 bere
391 566 525 588 sacrum
552 554 635 589 illud
660 559 739 590 ante
763 566 910 591 messem
931 557 1144 600 faciendum,
1169 557 1213 591 de
1239 568 1307 602 quo
1334 558 1531 592 Vmemms
1558 557 1640 590 dicit

284 621 469 664 Georg.1‚
500 623 592 656 347:
631 634 742 669 neque
775 629 860 656 ante
885 623 1025 670 falcem
1058 622 1212 656 maturis
1246 623 1434 670 qaisquam
1466 627 1645 667 supponat

284 685 429 725 aristis,
469 699 574 734 qaam
610 687 724 721 Cereri
755 694 855 722 torta
887 688 1076 723 redimitus
1105 695 1262 734 tempora
1287 701 1419 735 quercu
1446 688 1503 720 det
1528 694 1644 720 motas

285 754 533 799 incompositos
565 761 600 787 et
638 754 798 789 carmina
824 755 942 793 dicat,
975 756 1035 790 ubi
1060 756 1138 791 vide
1163 756 1380 801 interpretes,
1428 755 1517 790 Nam
1541 755 1645 789 verba

286 821 443 866 plenis
476 821 680 856 confisus
715 821 846 865 agris
879 832 947 856 non
984 826 1129 867 possunt
1164 822 1210 855 ad
1245 823 1407 856 collectas
1433 825 1467 854 et
1491 821 1646 854 conditas

288 889 405 933 copias
430 889 571 932 referri,
596 889 658 924 sed
682 889 842 924 dicuutur
864 890 1046 924 manifesto
1073 890 1116 924 de
1141 890 1271 924 rustico
1286 916 1296 932 ‚
1322 890 1379 932 qui
1404 893 1568 923 maturam
1593 888 1646 922 vi-

288 953 373 988 dens
397 955 432 988 in
457 956 548 998 agris
571 960 727 999 segetem
752 955 994 998 laetissimam,
1032 959 1150 1000 sperat
1175 960 1210 989 et
1234 956 1374 989 confidit
1398 957 1528 998 largam
1553 965 1645 988 mes-

287 1030 361 1053 sem
385 1019 553 1063 suturam,
592 1032 701 1065 eaque
735 1021 779 1055 de
805 1032 907 1055 causa
933 1020 1072 1054 hilarius
1097 1019 1223 1055 festum
1252 1026 1286 1054 et
1311 1023 1412 1055 solito
1437 1021 1647 1065 copiosiores

289 1086 408 1130 epulas
432 1091 530 1133 parat
554 1089 740 1131 grandibus
765 1089 867 1132 liguis
895 1088 974 1122 foco
999 1088 1144 1122 iniectiS.
1194 1088 1273 1122 Hoc
1297 1089 1414 1131 igitur,
1439 1089 1496 1130 ait,
1522 1088 1647 1122 facient

288 1154 408 1188 rustici
433 1155 502 1189 mei
527 1161 603 1188 tam
629 1155 687 1190 ubi
712 1166 814 1199 seges
848 1157 980 1200 largam
1016 1166 1164 1190 messem
1199 1155 1369 1189 ostendet.
1419 1154 1594 1189 nitidus
1619 1164 1648 1189 s,

288 1220 377 1254 bene
401 1225 560 1264 ornatus,
594 1226 631 1255 ut
657 1223 690 1257 iu
715 1223 804 1256 laeto
827 1221 937 1266 festo,
975 1221 1019 1256 cs.
1047 1222 1090 1256 de
1117 1233 1202 1256 voce
1228 1221 1315 1255 iufra
1340 1221 1385 1264 ΙΙ,
1411 1223 1445 1263 5,
1470 1224 1504 1255 7.
1553 1219 1645 1254 Add.

289 1286 430 1321 PLAUT·
454 1287 568 1320 Aulul-
592 1287 654 1329 HI,
679 1291 712 1330 6,
741 1291 783 1322 4:
821 1288 1028 1335 Aliquanto
1046 1287 1170 1334 facies
1196 1287 1348 1324 rectius,
1373 1286 1405 1320 si
1429 1286 1576 1320 nitidior
1599 1285 1651 1319 ais

281 1351 389 1396 filiae
414 1351 562 1396 nuptiis.
586 1372 633 1377 —-
671 1353 756 1386 Mox
789 1354 938 1387 saturi
971 1354 1088 1387 bona
1113 1353 1244 1396 signa
1273 1353 1446 1394 coloni,
1478 1353 1535 1394 qui
1561 1349 1647 1384 hila-

290 1417 392 1451 ritate
418 1428 479 1451 sua
505 1422 653 1461 arguunt
677 1423 830 1452 saturum
857 1417 997 1460 herum,
1032 1418 1146 1460 largas
1173 1418 1291 1461 epulas
1316 1417 1401 1451 heri.
1450 1417 1648 1450 Pasceban-

291 1489 348 1518 tur
370 1487 459 1520 enim
484 1497 609 1520 vernae
636 1485 786 1530 dapibus
811 1485 935 1519 libatis
961 1485 1046 1527 heri,
1071 1496 1174 1529 quem
1199 1485 1396 1529 cingebant,
1422 1488 1461 1518 ut
1485 1485 1648 1518 HoRATn

292 1553 405 1587 verbis
429 1558 525 1596 utar,
550 1555 623 1587 Sat.
650 1553 694 1595 ΙΙ,
727 1557 760 1596 6,
790 1557 847 1588 66.
873 1557 931 1588 67.
982 1552 1069 1587 vide
1097 1553 1200 1586 etiam
1226 1551 1340 1595 Epod.
1366 1552 1411 1593 ΙΙ,
1437 1554 1493 1585 65.
1541 1551 1649 1585 Hm„

292 1630 377 1653 mus
410 1620 499 1653 inter
531 1620 596 1652 alia
630 1620 728 1663 plura
761 1618 804 1651 ad
829 1622 984 1651 nostrum
1008 1618 1121 1650 locum
1147 1616 1282 1650 confert
1309 1617 1499 1649 CALPURN.
1525 1615 1649 1659 Eclog.

290 1685 354 1727 lv,
382 1687 470 1718 125:
505 1690 548 1716 ut
574 1695 710 1730 quoque
735 1682 843 1717 turba
869 1681 954 1716 bono
974 1681 1135 1728 plaudat
1157 1682 1330 1728 saginata
1354 1682 1546 1728 magistro,
1583 1683 1646 1727 qui

285 1749 388 1797 facit
413 1749 571 1797 egregios
595 1750 645 1782 acl
664 1748 791 1794 pervia
816 1747 970 1793 compita
995 1747 1170 1781 ludos.-
1196 1747 1294 1781 Haec
1316 1747 1421 1791 igitur
1445 1747 1544 1780 turba
1569 1747 1650 1780 Lu-

293 1817 390 1860 det,
428 1818 618 1861 iocabstur,
654 1818 813 1860 saltabit,
849 1820 969 1859 canet,
1006 1816 1150 1860 aliisque
1175 1816 1264 1849 ludis
1295 1825 1333 1849 se
1363 1814 1568 1856 oblectabit,
1607 1814 1651 1848 cf.

291 1885 405 1919 v1nc.
434 1885 566 1927 Georg.
592 1884 637 1926 Π,
666 1886 860 1918 527-531.
884 1883 1009 1926 Eclog.
1037 1883 1180 1925 V,·69-
1197 1884 1254 1915 75.
1281 1881 1361 1924 ibiq.
1388 1881 1579 1924 iuterprett.
1603 1897 1649 1904 —-

294 1961 442 1993 casaS,
466 1950 683 1992 umbracula,
709 1950 888 1993 pergulaS,
913 1947 1085 1991 trichilas,
1109 1948 1188 2000 ride
1211 1948 1397 1981 Hmmun
1422 1946 1476 1980 hic
1503 1951 1537 1980 et
1561 1946 1649 1981 infra

292 2016 338 2051 ad
362 2017 408 2059 ll,
437 2020 472 2059 5,
497 2020 555 2050 97.
575 2009 628 2050 'et
662 2016 705 2050 ad
730 2017 852 2059 Virgil.
883 2017 971 2061 Cop.
1001 2025 1032 2050 r.
1059 2019 1092 2049 8.
1117 2033 1165 2040 --
1202 2015 1313 2049 Porro
1348 2017 1562 2048 exstruet
1597 2024 1650 2047 ex

294 2083 439 2125 virgis
477 2081 692 2115 Huscnxms
728 2081 902 2124 defendit,
943 2091 1021 2115 cum
1058 2081 1211 2116 Vossms
1248 2085 1431 2114 construet
1468 2080 1651 2124 receperit.

293 2148 355 2183 Sic
378 2158 482 2193 supra
506 2148 534 2190 Ι,
559 2150 594 2190 2,
621 2151 687 2181 82:
725 2147 878 2192 deripere
913 2147 953 2180 de
980 2147 1092 2194 focis.
1142 2148 1181 2182 Iu
1207 2158 1249 2182 eo
1273 2151 1390 2181 autem
1417 2146 1547 2180 fallitur
1571 2156 1647 2180 cum

295 2217 517 2258 Gnmmnno,
542 2216 683 2250 Vunmo
707 2201 851 2259 aliisdue
870 2215 1096 2258 Huscnxms,
1123 2215 1215 2259 quod
1240 2214 1339 2247 ludet
1361 2221 1396 2248 et
1415 2220 1577 2247 exstruet
1596 2222 1647 2257 pr.

294 2283 443 2316 ludendo
469 2286 623 2316 exstruet
646 2283 789 2326 accipit,
829 2293 917 2326 quae
941 2283 1055 2316 ieiuna
1081 2286 1173 2315 esset
1206 2281 1398 2323 sententia,
1439 2280 1534 2324 quasi
1559 2289 1646 2312 nunc

295 2350 375 2383 nihil
402 2350 526 2383 saciant
550 2361 651 2393 quam
674 2354 714 2383 ut
739 2351 1029 2384 exstructionibus
1053 2360 1207 2384 casarum
1232 2359 1270 2382 se
1296 2347 1492 2386 oblectent,
1532 2344 1645 2377 collat.

296 2417 439 2450 lionam*-
465 2416 568 2450 Satir·
591 2416 635 2458 ΙΙ,
664 2418 698 2458 3,
721 2417 791 2449 247
815 2426 890 2459 sqq.
938 2416 1046 2448 Immo
1081 2414 1221 2456 ludent,
1259 2413 1306 2447 ait
1340 2410 1516 2451 Tibullus,
1555 2412 1590 2442 et
1614 2409 1647 2442 in

298 2481 386 2515 hunc
418 2483 519 2515 finem
553 2481 751 2515 umbracula
783 2485 862 2515 ante
897 2481 1011 2515 focum
1043 2483 1244 2520 exstruent,
1281 2477 1344 2510 sub
1370 2476 1492 2519 quibus
1518 2474 1646 2508 ludant.

301 2548 362 2580 Est
387 2546 506 2581 eadem
531 2546 640 2581 forma
666 2546 799 2580 dicendi
827 2547 912 2580 infra
937 2547 982 2590 ΙΙ,
1007 2549 1042 2589 5,
1067 2549 1132 2580 99:
1172 2543 1223 2577 At
1258 2541 1324 2575 sihi
1359 2541 1506 2587 quisque
1540 2540 1647 2584 dapes

297 2618 331 2644 ct
352 2611 473 2658 festas
498 2618 659 2648 exstruet*
691 2611 764 2646 alte
790 2623 938 2647 mensas.
999 2609 1232 2645 ludicaveraut
1265 2618 1380 2643 verum
1408 2616 1543 2641 sensum
1580 2604 1645 2638 loci
