1721 2953
633 153 874 196 TlBULLl.
1372 163 1421 190 cv

76 274 288 328 positionis
317 278 377 312 est
405 283 567 310 carmen
599 271 641 320 I7
672 275 739 310 10.
793 268 891 309 Abit
921 266 1112 307 Tibullus
1142 261 1192 305 ad
1221 260 1424 316 stipendia

76 348 283 397 facienda,
316 345 389 386 sed
417 345 589 395 invitus,
623 352 663 384 et
691 343 913 398 primarius
936 344 1104 383 affectus
1130 339 1280 391 elegiae
1304 337 1425 377 dolor

77 434 136 465 est
164 425 216 463 ob
248 421 470 462 discessum
502 435 525 460 a
555 417 726 472 praedio
760 418 892 468 avito,
931 432 955 457 a
988 414 1286 457 consuetudine
1315 414 1424 453 vitae

75 499 249 539 rusticae
287 497 513 545 carissima,
553 508 676 549 quem
709 493 913 534 consolari
950 500 1120 533 conatur
1155 504 1226 543 spe
1257 487 1426 528 reditus.

76 572 298 612 Videamus
326 571 626 611 tractationem.
693 566 776 617 Qui
804 569 871 609 vel
901 567 1036 608 obiter
1066 567 1247 620 perlegat
1278 571 1426 612 totum,

74 649 208 688 statim
234 647 383 689 viderit
412 661 435 685 a
462 643 668 698 principio
695 642 746 684 ad
771 642 895 682 finem
921 642 1105 695 repetitis
1131 641 1289 682 vicibus
1315 651 1427 677 nunc

76 722 125 764 de
159 725 295 772 bello,
337 736 448 763 nunc
482 720 532 761 de
566 719 821 773 simplicitate
849 720 986 774 prisca
1020 719 1212 772 rurisque
1248 723 1288 756 et
1315 713 1429 768 pacis

76 799 325 842 iucunditate
356 797 457 850 dici,
492 812 567 838 nec
595 798 778 838 mirabor
807 797 842 837 si
872 796 964 850 quis
994 803 1144 835 temere
1172 790 1312 845 vagari
1341 803 1429 829 cre-

77 875 146 916 dat
176 883 362 929 poetam,
402 887 488 914 non
517 879 732 926 perspecta
760 872 847 924 lege
879 869 1203 923 compositionis.
1267 866 1429 918 Nempe

78 952 299 993 conflatum
329 958 389 992 est
422 957 707 1002 argumentum
739 963 792 989 ex
823 947 1022 1002 oppositis
1054 947 1199 996 rebus,
1238 943 1429 996 reditque

77 1031 156 1070 hoc
186 1043 313 1081 genus
342 1027 597 1068 tractationis
626 1034 795 1067 venuste
826 1040 901 1079 per
929 1038 1070 1065 omnes
1100 1031 1237 1076 partes
1265 1020 1431 1072 elegiae.

79 1108 127 1147 In
171 1119 255 1160 quo
295 1106 419 1145 simul
459 1104 579 1144 aliam
619 1117 784 1144 suavem
827 1105 957 1154 legem
1003 1100 1181 1150 videbis,
1237 1107 1284 1139 ut
1320 1112 1432 1137 nunc

79 1184 158 1223 hoc
199 1196 308 1221 nunc
344 1179 447 1220 illud
485 1181 695 1231 ingenium
737 1188 775 1220 et
814 1192 879 1219 ars
918 1177 1036 1218 docet
1071 1184 1230 1230 poetas.
1305 1173 1434 1226 Igitur

79 1258 259 1312 primum
295 1257 339 1296 in
378 1255 551 1297 exordio
593 1270 813 1309 erumpens
854 1255 1022 1309 querela
1062 1252 1285 1293 detestatur
1323 1251 1434 1290 bella

82 1335 369 1386 bellorumque
400 1345 579 1381 causam,
607 1331 831 1379 avaritiam,
862 1337 900 1368 et
929 1327 1068 1368 laudat
1102 1334 1245 1367 contra
1278 1325 1435 1377 simpli-

79 1411 239 1450 citatem
273 1408 470 1461 priscam,
512 1407 584 1447 ubi
620 1408 734 1447 nulla
766 1404 966 1459 cupiditas
998 1403 1203 1455 habendi,
1245 1401 1316 1444 sed
1349 1417 1434 1455 pax

80 1496 120 1528 et
154 1487 372 1536 securitas3
414 1498 507 1525 cum
547 1495 657 1524 nunc
692 1492 833 1524 contra
865 1482 917 1522 ad
953 1496 1066 1522 arma
1100 1490 1139 1522 et
1172 1481 1216 1521 in
1250 1480 1435 1534 pericula

78 1563 267 1603 trahatur
307 1569 443 1614 poeta.
524 1561 602 1601 Hic
641 1561 776 1601 forma
815 1558 977 1601 exordii
1015 1567 1183 1612 aperta:
1235 1555 1435 1606 Queritur

79 1639 188 1678 bella
217 1636 356 1687 initio,
391 1637 579 1690 queritur
607 1649 802 1689 praesens
830 1636 986 1676 bellum
1013 1635 1058 1674 in
1086 1634 1190 1684 fine,
1222 1633 1268 1672 in
1295 1630 1434 1672 medio

80 1714 215 1766 posita
251 1711 373 1752 laude
410 1711 676 1764 simplicitatis
716 1712 874 1763 priscae
910 1718 950 1749 et
977 1709 1101 1762 pacis.
1168 1706 1298 1748 Vides
1338 1720 1437 1756 esse,

85 1802 210 1842 quam
249 1786 444 1836 dicimus,
487 1785 856 1838 interpositionem.
912 1784 1036 1825 Nunc
1077 1782 1264 1835 sequitur
1302 1779 1438 1821 media

83 1924 118 1965 1,
150 1925 184 1957 4.
225 1922 370 1966 Priapus
415 1920 619 1960 consulitur,
664 1917 836 1961 quomodo
871 1917 966 1961 pueri
1009 1915 1149 1950 formosi
1183 1913 1260 1958 capi
1293 1912 1437 1958 possint.

82 1981 150 2014 Hie
185 1983 367 2024 praecepta
403 1988 465 2012 sua
502 1976 655 2021 exponit.
721 1975 846 2008 Exitus
882 1978 1032 2008 mutatae
1066 1974 1255 2007 sententiae
1289 1973 1432 2015 figuram

84 2041 205 2082 habet,
242 2044 280 2073 ut
305 2050 349 2073 ex
377 2038 547 2072 didactico
573 2037 722 2070 carmine
746 2036 805 2068 fiat
832 2035 953 2077 elegia.
1008 2033 1096 2067 Nam
1122 2033 1200 2066 dum
1228 2037 1329 2076 poeta
1354 2032 1434 2073 glo—

81 2101 188 2134 riatur
212 2110 299 2133 nova
323 2098 509 2142 sapientia,
538 2100 678 2140 repente
696 2105 739 2128 ne
757 2094 822 2128 sibi
844 2095 908 2138 ipsi
926 2093 1062 2137 quidem
1087 2092 1250 2137 prodesse
1272 2101 1310 2124 se
1335 2101 1437 2134 posse

83 2160 206 2201 sentit,
233 2158 369 2192 fastidio
394 2155 542 2190 Marathi
566 2166 685 2189 omnes
710 2158 802 2188 artes
827 2153 997 2187 eludente.
1045 2153 1106 2187 Sic
1130 2151 1280 2185 concidit
1304 2149 1435 2183 theoria

80 2219 249 2259 suaviter,
286 2221 321 2250 et
355 2220 497 2259 rogatur
529 2225 614 2259 puer
638 2218 676 2248 ut
701 2218 828 2258 parcat.
877 2213 916 2247 In
941 2212 1092 2247 carmine
1122 2211 1158 2252 1,
1178 2214 1210 2243 8.
1238 2210 1271 2243 id
1299 2210 1370 2252 agit
1397 2213 1435 2242 ut

83 2280 259 2313 succurrat
284 2286 411 2321 puero,
440 2274 588 2309 Pholoes
611 2284 727 2308 amore
750 2274 873 2307 misere
900 2272 1079 2305 laboranti.
1127 2269 1281 2303 Exordio
1306 2268 1438 2301 nuntiat

81 2348 119 2371 se
142 2345 243 2370 nosse
268 2335 403 2368 dolores
428 2334 500 2368 eius
526 2338 561 2367 et
587 2332 741 2367 hortatur
765 2337 803 2366 ut
829 2332 962 2366 desinat
987 2330 1210 2364 dissimulare.
1260 2328 1298 2361 In
1324 2327 1437 2361 medio

84 2396 232 2430 carmine
264 2395 409 2439 primum
445 2404 525 2427 vera
559 2403 661 2427 causa
695 2394 773 2427 mali
805 2393 992 2433 indicatur,
1027 2395 1097 2424 tum
1134 2388 1178 2422 de
1212 2387 1363 2422 sanando
1396 2398 1438 2421 eo

84 2454 266 2497 cogitatur.
328 2453 502 2485 Monstrat
537 2452 642 2494 igitur
676 2452 811 2495 puellae
843 2461 983 2484 suavem
1018 2447 1300 2493 pulchritudinem
1331 2447 1439 2490 pueri,

87 2517 199 2546 narrat
225 2512 380 2555 querelas
407 2511 498 2552 eius,
532 2510 677 2553 denique
703 2521 739 2543 se
763 2519 942 2550 revocans,
974 2507 1069 2551 quasi
1096 2510 1207 2540 tamen
1232 2516 1298 2538 non
1324 2504 1439 2537 audiat

85 2571 163 2612 illa,
196 2575 301 2606 terret
327 2581 401 2605 eam
428 2572 460 2605 in
484 2570 578 2605 exitu
604 2570 701 2604 minis
727 2579 857 2615 poenae
881 2569 1023 2604 divinae.
1075 2566 1180 2602 vides
1206 2564 1439 2609 gradationem

88 2638 211 2663 rerum.
