1721 2953
276 104 355 140 170
591 93 962 138 COMMENTAR.
992 94 1050 137 ΙΝ
1082 94 1309 136 TlBULLI

277 210 453 249 interiora,
489 208 701 248 amictus,
727 207 816 249 qnod
843 207 997 241 vestibus
1021 208 1293 251 superiniicitur,
1318 209 1361 242 ct'.
1388 210 1619 243 Bnoucxutis.

274 277 317 310 ad
343 276 373 308 h.
402 276 423 308 l.
447 278 481 306 et
506 273 688 306 anmuu
715 275 866 308 Analect.
893 275 935 308 ad
960 275 1048 308 Rern
1074 276 1170 309 Vest.
1199 286 1228 308 c.
1255 278 1312 309 25.
1330 295 1374 301 -—
1400 277 1620 319 Ansaque.

275 342 322 374 Ut
347 340 537 381 gracilitate
563 339 685 383 pedum
721 339 891 382 placeret,
932 339 1082 383 vinculis
1106 340 1231 383 pedum
1263 341 1465 374 arctioribus
1499 341 1620 374 uteba-

273 411 337 439 tur.
389 405 434 438 Et
471 405 658 447 colligit
693 392 767 447 est}
801 404 990 447 contrahit,
1032 410 1189 448 coercet,
1233 407 1264 439 in
1300 410 1481 449 angustum
1516 408 1620 450 cogit.

275 472 420 504 VIRGIL.
447 473 527 504 Aen.
554 471 633 514 ΧΠ,
657 455 755 504 862εβ
787 470 902 504 Alitis
935 472 972 504 in
1003 484 1141 516 parvae
1175 471 1328 504 subitam
1355 472 1500 505 collecta
1516 473 1619 518 figu-

273 547 358 571 ram,
385 536 442 569 ubi
466 536 508 570 cf.
537 536 667 569 Hirrus.
717 536 828 569 Porro
854 537 1026 570 Apvumu.
1056 538 1152 580 Apol.
1181 549 1212 581 p.
1238 540 1329 571 247:
1358 537 1467 582 Cupio
1492 550 1543 570 me
1573 539 1619 569 ml

268 602 440 647 pauciora
464 613 634 638 coercere,
657 607 760 633 tanto
788 600 921 634 beatior
938 602 1099 647 futurus
1127 610 1262 648 quanto
1286 603 1473 636 collection
1524 605 1621 638 Haec

273 673 308 702 et
333 670 399 702 alia
425 668 525 702 habet
550 669 788 702 Bnoncmms.
837 668 975 711 lamque
1000 670 1092 702 finita
1119 674 1170 702 est
1196 671 1476 704 enumeratio.-—-
1501 671 1542 704 V.
1566 674 1619 704 15.

274 735 381 776 llla,
420 734 563 768 Pholoe.
613 734 703 766 Tum
730 733 908 766 inculto
943 744 1039 776 ore,
1072 736 1238 777 neglectis
1263 737 1454 778 munditiis,
1492 740 1526 770 et
1553 748 1620 770 ve-

273 803 398 835 nerit
435 805 507 834 est:
546 801 823 843 inconspectum
850 800 1000 841 venerit,
1037 801 1309 844 conspiciendam
1341 812 1379 834 se
1414 802 1620 845 praebuerit,

272 869 343 901 visa
369 867 492 908 fuerit,
530 870 568 899 ut
601 866 663 908 IV,
687 868 721 908 2,
748 868 804 898 12.
854 867 937 898 Aliis
962 867 994 898 in
1021 867 1105 899 locis
1130 871 1261 899 vertas:
1299 867 1480 900 convenire
1504 877 1619 900 amau·

272 943 339 967 tem
365 938 468 966 noctu
496 936 530 965 et
554 932 686 976 copiam
713 932 763 964 sui
789 932 923 973 facere,
963 936 1000 964 ut
1023 932 1211 965 Paolum-r.
1237 932 1281 974 ll,
1311 934 1364 973 14,
1387 934 1445 966 20.
1479 935 1534 974 18,
1562 936 1618 966 30.

268 1002 325 1040 22,
353 1001 409 1032 46.
461 998 561 1031 Hunc
584 1008 719 1032 sensum
746 997 875 1031 videbis
902 999 1002 1031 etiam
1029 999 1114 1031 infra
1139 1001 1172 1040 9,
1198 1001 1254 1031 43.
1281 1017 1323 1022 —
1353 998 1482 1031 tarda
1508 1005 1619 1039 arte,

268 1064 472 1107 diiigenter,
513 1073 716 1105 quamquam
761 1063 899 1095 omnino
938 1062 1105 1095 tardiores
1151 1063 1316 1103 feminae,
1365 1070 1403 1097 ut
1449 1064 1618 1098 Tantam.

273 1130 459 1171 Heaut.]1,
477 1132 512 1171 2,
540 1132 592 1162 11.
619 1130 666 1162 ait
692 1129 850 1162 laudante
876 1130 1038 1163 Vomuo:
1064 1129 1158 1161 nosti
1182 1141 1290 1161 mores
1316 1128 1510 1165 mulierum,
1536 1128 1618 1160 (lum

270 1202 455 1229 aonia-ntur
487 1205 604 1226 onnus
638 1200 704 1226 est.
732 1212 775 1218 -
817 1194 970 1236 Denique
1005 1192 1180 1237 epitheton
1214 1194 1405 1226 nitidum
1442 1203 1502 1237 per
1537 1203 1618 1237 pro-

269 1262 376 1305 lepsin
413 1261 620 1294 notissimam
656 1259 782 1292 dictum
817 1269 867 1302 pr.
907 1264 945 1291 ut
979 1259 1094 1291 niteat.
1148 1259 1325 1292 Uberrime
1361 1257 1445 1291 hanc
1477 1259 1618 1301 figuram

268 1328 448 1361 illustravit
483 1326 683 1359 Hunnssnus
719 1325 762 1358 ad
797 1324 904 1368 Soph.
939 1325 1028 1358 Oed.
1062 1325 1134 1358 Col.
1170 1335 1198 1358 ν.
1235 1327 1335 1358 1194.
1384 1325 1541 1358 Tibullus
1579 1335 1618 1359 ea

272 1394 378 1426 utitur
404 1392 504 1424 etiam
530 1391 636 1432 alias,
662 1389 704 1422 cf.
731 1390 774 1422 ad
799 1390 826 1430 I,
853 1392 885 1431 1,
909 1391 968 1423 36.

361 1460 403 1492 V.
431 1459 566 1490 17-26.
617 1458 744 1492 Quae
769 1456 829 1489 sit
855 1457 984 1498 origo
1010 1457 1126 1491 maii,
1152 1475 1197 1482 —

362 1525 403 1555 V.
435 1526 475 1556 17
490 1533 540 1565 sq.
568 1521 853 1566 pallentibus
875 1519 1042 1562 herbis,
1066 1519 1097 1554 h.
1113 1532 1143 1554 e.
1170 1532 1257 1564 qnae
1274 1521 1438 1566 pallorem
1455 1521 1617 1563 efficiunt,

266 1590 374 1633 pallor
405 1592 519 1622 autem
551 1587 741 1620 amantibus
767 1585 944 1627 tribuitur,
987 1590 1025 1618 ut
1051 1589 1205 1626 constat,
1243 1587 1348 1619 veluti
1373 1587 1562 1621 Pnopssnw.
1587 1588 1616 1628 l,

264 1658 298 1696 ὗ,
324 1658 380 1689 21.
431 1654 699 1695 Metonymieum
732 1662 831 1685 usum
865 1662 896 1685 v.
927 1651 1067 1696 pallens
1100 1653 1279 1685 confirmat
1305 1653 1414 1685 Ovn).
1440 1654 1512 1686 Art.
1540 1655 1614 1688 Am.

264 1721 307 1762 li,
338 1723 424 1753 105:
464 1730 524 1751 nec
550 1718 639 1750 data
658 1715 867 1762 profuerint
896 1715 1074 1760 pallentia
1097 1716 1235 1760 philtra
1257 1717 1407 1761 puellis,
1443 1721 1478 1751 et
1505 1719 1616 1752 PERS.

263 1788 336 1820 Sat.
363 1788 405 1828 V,
431 1789 490 1820 55.
539 1785 636 1819 Adde
669 1795 773 1827 supra
806 1795 836 1817 v.
865 1786 919 1817 11.
949 1795 1052 1816 succo
1091 1783 1313 1827 splendente,
1351 1788 1387 1818 et
1414 1784 1524 1830 pigra
1540 1785 1618 1830 fri-

261 1863 350 1897 gora
375 1852 402 1892 l,
427 1854 461 1892 2,
486 1852 542 1883 31.
577 1854 615 1882 ut
650 1853 728 1882 sunt
766 1851 963 1893 ‹sz'o'oovi-sc
999 1845 1122 1893 ὄμβροι
1157 1850 1318 1882 Pisum.
1342 1849 1445 1892 Pyth.
1470 1850 1531 1892 lv,
1558 1853 1615 1885 81.

263 1918 480 1958 Quamquam
507 1915 612 1957 igitur
637 1913 798 1947 hactenus
823 1915 905 1946 satis
939 1913 1116 1947 defensum
1150 1919 1202 1947 est
1227 1914 1471 1958 pallentibus,
1507 1917 1617 1959 magis

264 1987 375 2015 tamen
402 1983 513 2025 placet
539 1980 731 2014 emendatio
758 1981 1044 2023 pollentibus
1069 1981 1102 2013 in
1128 1982 1202 2014 aliis
1227 1981 1404 2014 codicibus
1429 1982 1540 2022 lecta,
1579 1987 1616 2014 ut

264 2047 440 2081 notissimo
473 2056 536 2079 usu
575 2046 700 2080 herbae
735 2049 908 2080 veneficae
943 2047 1112 2081 dicuntur.
1162 2047 1250 2080 Nam
1277 2048 1319 2081 de
1344 2049 1376 2081 vi
1402 2051 1436 2080 et
1461 2049 1614 2092 potentia

263 2113 384 2155 insigni
404 2114 610 2155 magicarum
631 2123 744 2145 rerum
769 2111 822 2146 hic
843 2113 966 2154 agitur.
982 2132 1029 2137 —
1053 2114 1197 2146 tacito
1223 2118 1426 2156 tempore
1449 2113 1611 2156 noctis,

264 2178 307 2212 cf.
334 2179 376 2211 ad
403 2178 429 2220 1,
455 2181 488 2219 2,
509 2179 637 2212 63.-”
653 2178 692 2211 V.
712 2180 754 2210 19
773 2188 846 2220 sqq.
874 2178 1050 2211 Cantus.
1077 2179 1207 2211 Sensus
1232 2180 1445 2221 sequentium
1471 2179 1614 2213 duorum

263 2243 482 2277 distichorum
512 2242 564 2276 hic
590 2247 664 2276 est:
699 2243 843 2276 Carmen
871 2243 1039 2285 magicum
1066 2247 1101 2276 et
1125 2243 1158 2276 in
1185 2248 1276 2276 terra
1301 2247 1338 2277 et
1363 2244 1395 2276 in
1422 2245 1519 2277 caelo
1548 2254 1609 2287 po-

264 2314 339 2342 tens
374 2312 436 2342 est.
465 2326 509 2332 —-
548 2308 707 2350 fruges
742 2308 948 2342 traducit
986 2308 1036 2340 ab
1074 2310 1208 2351 agris.
1259 2309 1352 2342 ldem
1390 2310 1466 2343 ride
1504 2310 1611 2343 Vmc.

269 2376 389 2417 Eclog.
417 2374 510 2414 vill,
536 2377 593 2407 99.
643 2375 730 2407 Add.
762 2376 868 2409 ΡΜΝ.
894 2375 1024 2415 XVIII,
1050 2378 1083 2415 6,
1110 2378 1143 2407 8.
1193 2375 1378 2408 Dicebatur
1403 2385 1457 2407 res
1481 2385 1615 2407 excan-

267 2447 344 2472 tare
364 2440 506 2484 fruges,
532 2444 719 2472 memorata
745 2440 809 2472 iam
835 2441 867 2472 in
894 2440 972 2472 ΧΗ.
999 2439 1155 2472 Talmlis.
1179 2458 1223 2463 -—
1249 2438 1427 2472 detinet
1452 2439 1613 2481 anguis

265 2509 373 2544 iter,
408 2511 595 2539 remoratur
621 2516 765 2547 anguem
792 2516 833 2539 ne
860 2506 988 2538 irruere
1015 2505 1132 2548 possit,
1158 2504 1284 2536 inhibet
1309 2514 1351 2536 ne
1376 2505 1452 2537 loco
1477 2514 1613 2538 movere

264 2583 299 2605 se
336 2574 453 2615 possit.
509 2572 593 2606 vide
628 2571 669 2605 de
708 2570 771 2606 hoc
806 2573 949 2615 aliisque
985 2569 1218 2605 incantationis
1253 2569 1363 2604 modis
1397 2571 1611 2614 serpentibus
