1721 2953
494 143 639 184 LIBR.
668 143 720 183 II.
778 142 937 185 ELEG.
968 147 1039 186 III.
1354 154 1435 189 ‘239

92 263 120 305 l,
145 264 202 296 40.
239 265 273 295 et
299 260 444 301 XXXV,
469 262 502 293 8.
533 263 567 292 et
591 258 850 292 Hnmnonmns
876 259 917 291 ad
945 259 1064 295 Horat.
1094 262 1115 293 Ι.
1145 261 1201 295 cit.
1237 262 1325 295 male
1352 272 1435 295 con-

91 326 233 360 tendunt
267 326 347 358 dum
383 336 434 369 pr.
462 325 594 358 interim
631 324 710 357 dum
743 335 878 368 semper
913 331 947 359 et
980 327 1107 370 ubique
1140 338 1218 362 cum
1250 328 1434 363 indicativo

90 394 278 437 praesentis
303 392 416 434 iungi,
442 392 528 424 bene
554 391 719 434 exemplis
744 390 810 424 hoc
834 391 993 425 refutavit
1019 392 1231 427 Huscnrzms
1255 393 1297 427 ad
1323 405 1353 428 v.
1377 397 1433 428 19.

87 457 182 491 infra.
226 457 328 492 ,Adde
355 456 616 489 HsslNRIcfflmu
641 456 662 488 l.
688 456 744 488 cit.
771 473 817 478 —

180 524 222 557 V.
250 525 387 557 11-32.
430 522 838 556 Medium‘carmen.
885 523 995 556 Pars
1020 524 1170 568 prima.
1213 525 1273 559 De
1298 528 1433 571 Apol—

86 588 177 621 line
203 589 439 622 serviente
463 588 580 633 apud
607 588 848 622 Admetum.

178 654 452 697 Descriptionum
478 655 569 687 nulla
593 653 684 697 apud
709 653 903 695 Tibullum,
929 657 1097 697 quotquot
1124 660 1221 698 sunt,
1255 657 1328 691 sine
1352 659 1431 702 lege

85 719 271 762 composita
307 723 379 761 est;
416 719 563 753 diximus
595 719 639 752 de
673 718 724 752 his
759 719 893 762 legibus
925 721 957 752 in
986 721 1232 757 Dissertatione
1258 724 1301 758 de
1328 726 1432 759 Poesi

86 785 216 819 Tibulli
250 797 324 830 cap.
349 786 395 819 II.
447 787 634 821 Quaeritur
667 786 772 828 igitur
804 786 906 819 etiam
931 786 1002 828 hic,
1035 798 1102 830 qua
1128 789 1291 824 divisione
1318 801 1431 825 rerum

84 863 166 886 usus
189 854 232 887 sit
258 858 380 897 poeta,
418 864 480 887 nec
505 854 578 887 sine
610 864 713 887 causa
746 863 836 886 nunc
861 852 945 886 hauc
977 855 1209 896 quaestionem
1245 867 1430 893 movemus,

83 919 199 952 Habet
234 919 418 963 descriptio
453 930 599 962 sequeus
632 919 808 954 introitum
841 931 872 953 V.
900 922 1039 955 11-14.
1073 926 1253 966 antequam
1285 924 1326 957 ad
1360 927 1432 959 sin-

82 985 163 1027 gula
189 984 384 1027 descendat,
411 988 445 1018 et
469 984 695 1029 epiphonema
721 997 751 1018 v.
777 988 918 1020 29-32.
968 987 1144 1023 Quaenam
1171 1000 1251 1023 vero
1277 992 1310 1024 in
1335 995 1431 1026 cete-

82 1052 128 1084 ris
153 1052 210 1084 lex
243 1051 527 1095 compositionis?
575 1052 699 1095 Neque
726 1053 815 1086 enim
841 1053 924 1087 satis
956 1057 1009 1086 est
1041 1056 1151 1088 varias
1184 1067 1239 1090 res
1273 1068 1431 1100 narrare3

82 1118 206 1152 debent
231 1120 310 1162 eligi
334 1130 421 1162 quae
446 1123 555 1153 totum
580 1121 729 1154 suaviter
757 1120 916 1155 efficiant.
976 1121 1119 1156 Videbis
1143 1128 1258 1158 autem
1285 1127 1430 1168 primum

83 1185 150 1219 dici
175 1186 218 1219 de
243 1186 392 1229 negotiis
416 1187 551 1220 rusticis
577 1187 642 1229 dei,
668 1187 791 1221 deinde
818 1188 932 1221 afferri
958 1187 1109 1223 habitum
1133 1191 1286 1234 corporis
1311 1192 1431 1234 negle-

80 1255 193 1293 ctum,
227 1252 416 1286 inornatum
440 1258 542 1296 caput
567 1255 745 1297 crinesque
770 1256 919 1297 solutos,
954 1255 1101 1298 denique
1124 1256 1367 1292 habitationem
1394 1260 1428 1292 in

79 1328 182 1361 parva
208 1329 285 1351 casa
313 1321 581 1354 commemorari.
641 1322 731 1354 Sunt
763 1322 869 1363 igitur
903 1321 1086 1355 manifesto
1111 1324 1174 1355 tria
1201 1328 1372 1356 momenta
1397 1325 1429 1357 vi

79 1383 184 1426 paria,
209 1384 332 1426 quibus
358 1384 536 1428 descripsit
562 1386 775 1428 pastoritiam
801 1385 1031 1418 conditionem
1053 1386 1231 1429 Apollinis,
1257 1398 1296 1420 ac
1322 1389 1431 1431 liquet

79 1458 156 1482 eum
189 1449 367 1483 commode
394 1450 443 1483 sic
477 1450 693 1493 complexum
720 1460 795 1483 esse
821 1446 940 1484 totum.
990 1450 1147 1494 Reliquit
1175 1451 1258 1485 deus
1291 1463 1430 1486 munera

76 1514 205 1557 divina,
231 1515 390 1559 deposuit
412 1516 543 1548 formae
568 1516 747 1564 decorem,
781 1517 899 1550 incolit
924 1515 1085 1550 humilem
1111 1528 1245 1560 casam,
1279 1519 1312 1551 in
1339 1524 1430 1553 tem-

75 1579 140 1622 plis
168 1580 354 1614 illustribus
379 1582 437 1625 qui
463 1581 615 1615 habitare
651 1575 787 1625 posset:
825 1583 900 1624 quis
935 1587 1040 1626 neget
1074 1583 1158 1617 haec
1191 1595 1267 1617 esse
1294 1586 1428 1628 potiora

75 1643 279 1687 discrimina,
304 1657 391 1688 quae
417 1646 666 1688 distinguerent
691 1647 904 1689 pastoritiam
930 1649 1032 1681 vitam
1060 1660 1079 1681 a
1106 1639 1246 1683 diviua?
1294 1650 1427 1684 Hacte-

75 1721 138 1743 nus
163 1711 269 1753 igitut
300 1712 388 1744 bene
420 1712 568 1753 factum3
602 1712 663 1745 sed
697 1722 765 1745 non
791 1712 901 1746 dicam
930 1712 994 1746 hoc
1021 1713 1064 1747 de
1089 1715 1231 1756 singulis
1258 1716 1425 1749 omnibus.

74 1775 173 1809 Initio
199 1776 436 1822 descriptionis
461 1779 580 1812 lacuna
605 1783 677 1821 est,
715 1790 782 1813 non
815 1791 897 1813 sane
929 1785 1053 1824 poetae
1085 1782 1208 1825 culpa3
1246 1786 1317 1816 tum
1343 1793 1426 1817 vero

78 1846 268 1884 sequuntur
303 1847 467 1885 quattuor
501 1844 646 1878 disticha
683 1855 715 1878 v.
747 1847 884 1878 17-24.
921 1845 978 1878 ubi
1013 1846 1064 1879 bis
1099 1846 1304 1890 anaphoram
1340 1849 1426 1883 miro

75 1909 177 1942 modo
203 1911 390 1954 usurpavit.
442 1912 527 1946 Cum
554 1914 642 1949 enim
668 1912 840 1957 anaphora
866 1917 1059 1947 accuratam
1084 1914 1283 1948 divisionem
1309 1926 1422 1950 rerum

75 1975 244 2019 postulet,
283 1987 428 2019 quonam
452 1977 525 2011 iure
550 1978 888 2028 vitulum—gestatum
916 1983 950 2011 et
976 1980 1124 2012 carmina
1151 1984 1252 2024 rupta
1277 1982 1422 2024 mugitu,

72 2055 140 2087 quo
165 2044 239 2077 iure
264 2046 401 2078 oracula
427 2049 461 2078 et
487 2046 628 2090 capillos
653 2047 870 2090 composuit?
919 2047 1068 2080 Volebat
1101 2049 1288 2091 pastoritiis
1313 2059 1423 2092 nego-

70 2113 127 2145 tiis
161 2114 355 2146 memoratis
389 2117 506 2147 contra
543 2125 683 2147 munera
716 2113 827 2147 divina
863 2113 976 2147 dicere
1010 2115 1135 2147 omissa
1173 2119 1231 2148 aut
1267 2117 1423 2149 turbata:

70 2183 231 2223 rumpunt
255 2174 396 2213 'cantum
430 2181 555 2222 boves,
594 2182 730 2215 oracula
766 2182 866 2225 plane
901 2185 1036 2214 tacent:
1076 2181 1137 2214 sed
1163 2192 1240 2214 cum
1273 2180 1333 2215 has
1367 2192 1422 2216 res

70 2245 277 2288 coniungere
303 2245 443 2278 deberet
471 2257 535 2279 una
560 2247 740 2291 anaphora,
764 2248 853 2280 male
879 2258 936 2280 eas
962 2247 1100 2280 divulsit
1121 2251 1156 2281 et
1178 2252 1286 2282 totum
1312 2249 1422 2281 locum

69 2319 248 2352 perperam
279 2308 403 2342 divisit.
461 2309 546 2343 Dico
571 2310 676 2353 igitur
702 2311 853 2344 ultimam
879 2321 1015 2355 manum
1041 2309 1091 2344 his
1117 2312 1219 2345 rebus
1244 2322 1311 2346 non
1345 2323 1421 2345 esse

70 2373 253 2407 admotam.

164 2440 207 2473 V.
234 2443 274 2472 11
291 2451 341 2482 sq.
367 2440 558 2473 Admeti.
599 2440 713 2473 Locos
734 2441 776 2474 de
802 2441 941 2474 servitio
967 2439 1031 2475 hoc
1051 2443 1217 2486 Apollinis
1243 2444 1418 2477 notissimo

71 2504 230 2538 indicavit
262 2505 558 2539 Bnoucmmsms.
617 2506 797 2550 Principes
833 2511 912 2540 sunt
951 2507 1104 2541 Hammo
1144 2513 1283 2542 notante
1323 2510 1417 2543 Hom.

68 2571 108 2605 ll.
141 2571 184 2613 ll,
219 2575 286 2606 763
312 2585 383 2616 sqq.
435 2572 663 2607 CAnmmcH.
698 2575 811 2618 Apoll.
846 2586 878 2608 v.
905 2577 950 2609 47
985 2586 1059 2619 sqq.
1109 2577 1216 2610 Ovm.
1253 2578 1338 2610 Met.
1374 2579 1418 2619 ll,

67 2641 138 2671 680
162 2649 235 2681 sqq.
285 2641 470 2674 Aponon.
497 2641 524 2683 1,
551 2644 584 2684 9,
612 2644 666 2676 15.
717 2642 892 2677 Tibullum
919 2647 996 2678 aute
1023 2643 1140 2677 oculos
1166 2642 1285 2678 habuit
1311 2644 1417 2677 Orin.
