1721 2953
509 160 654 200 LIBR.
685 161 736 200 ΙΙ.
793 159 953 203 ELEG.
984 162 1036 202 V.
1354 171 1435 206 291

96 285 151 314 tae
187 279 399 321 dicerentur,
434 277 565 312 tabulas
599 277 727 319 ligneas
757 275 988 311 Nmnmmms
1023 279 1113 313 Hist.
1147 280 1248 313 Rom.
1284 280 1383 313 Toni.
1411 282 1435 313 1.

95 359 128 390 p.
154 349 235 380 566.
261 346 314 379 ed.
342 349 420 378 tert.
457 344 561 376 fuisse
598 347 695 386 putat
729 343 909 387 inscriptas
937 345 1059 378 litteris
1086 346 1227 380 Latinis.
1276 346 1345 379 Sed
1373 346 1436 379 Ti-

94 414 222 446 bullum
250 413 278 446 si
304 410 575 451 consideramus,
613 409 666 443 hic
703 410 785 442 illud
821 411 1021 445 miraculum
1056 417 1190 454 narrat,
1226 423 1302 446 cum
1340 418 1435 447 vates

93 478 171 510 dum
197 477 324 509 viveret
348 475 529 517 aliquando
556 485 616 519 per
641 475 806 508 Anienem
834 479 986 518 portaret
1018 479 1173 511 volumen
1201 490 1319 521 suum,
1356 491 1436 522 per-

92 545 208 577 tulisse
242 543 275 575 id
309 543 457 583 siccum3
493 542 583 574 unde
620 552 686 584 ego
721 542 803 574 illud
840 543 956 585 potius
981 545 1200 587 collegerim,
1239 557 1304 579 non
1331 546 1436 580 fuisse

90 611 222 652 ligneas
257 613 367 643 sortes
404 608 465 642 sed
501 609 667 642 mollioris
702 609 888 650 materiae,
929 610 982 642 cui
1021 622 1144 645 nocere
1183 617 1300 657 posset
1337 625 1437 657 aqua.

91 675 179 709 Nam
205 680 239 709 et
266 676 299 709 in
323 675 486 709 Varronis
512 678 547 708 et
571 675 606 708 in
631 674 762 707 Tibulli
791 675 984 708 narratione
1010 675 1074 709 hoc
1100 678 1205 720 inest,
1238 679 1391 714 illaesum
1417 693 1437 715 a

91 742 227 775 flumine
260 742 422 774 mansisse
455 740 597 781 librum,
636 750 724 782 quae
750 750 805 772 res
841 740 923 782 quid
958 745 1027 774 tam
1062 743 1214 777 mirabile
1249 744 1370 788 habet,
1408 748 1438 780 si

91 809 224 850 ligneus
260 808 351 840 fuit?
409 807 593 841 Veniamus
629 807 671 840 ad
709 808 850 850 reliqua.
901 808 1030 841 Sensus
1070 812 1313 851 grammaticus
1350 813 1436 846 loci:

91 884 246 916 quaeque
278 873 434 906 vaticinia
462 873 615 906 Albunea
650 884 712 916 per
746 874 908 907 Anienem
945 873 1053 907 fertur
1087 876 1203 909 tulisse
1228 877 1320 910 sicco
1349 878 1436 911 sinu«

90 938 178 971 Nam
203 938 406 970 coniunctivi
429 937 585 982 portarit
613 942 647 971 et
667 940 920 983 pertulerit
943 944 1019 973 sunt
1043 942 1223 985 opinantis,
1249 954 1315 976 non
1342 948 1436 978 certo

92 1004 313 1045 affirmantis,
340 1007 375 1037 et
398 1004 592 1047 opinionem
618 1005 722 1047 vulgo
749 1005 907 1038 traditam
935 1007 1113 1040 referentis
1139 1007 1240 1054 (mag
1263 1017 1437 1057 gelragen

90 1067 235 1112 haben).
294 1069 475 1102 Postremo
512 1080 591 1104 num
631 1081 675 1103 ex
722 1071 810 1103 libro
848 1072 879 1103 in
919 1072 1091 1115 Capitolio
1129 1076 1263 1118 publice
1302 1082 1436 1111 servato

92 1135 282 1177 evulgarint
306 1135 462 1178 prodigia
487 1137 662 1180 praedicta
688 1137 764 1171 XV.
786 1138 848 1170 viri
876 1138 1023 1171 dubitari
1048 1144 1181 1183 potest,
1206 1146 1240 1175 at
1266 1142 1438 1177 habeban-

93 1205 149 1233 tur
174 1200 262 1233 haud
288 1201 390 1234 dubie
415 1202 518 1244 vulgo
549 1203 637 1235 aliae
663 1203 790 1235 similes
816 1204 1014 1247 suppositae
1039 1206 1213 1240 Albuneae
1238 1212 1359 1242 sortes.
1391 1227 1437 1232 --

90 1269 133 1302 V.
160 1271 203 1301 71
239 1279 313 1310 sqq.
362 1267 456 1301 Hae
497 1268 596 1302 fore
637 1269 865 1302 dixerunt.
925 1271 1023 1304 Nova
1060 1273 1281 1316 parenthesis.
1331 1276 1436 1309 Cete-

90 1344 165 1367 rum
190 1334 362 1368 Hermus
386 1337 547 1366 annotat:
584 1334 766 1376 „Respicit
791 1334 950 1368 Tibullus
976 1335 1063 1370 haud
1091 1338 1193 1371 dubie
1219 1340 1374 1383 prodigia
1401 1346 1436 1374 et

92 1402 270 1442 portenta,
296 1398 419 1440 quibus
445 1399 525 1431 belli
551 1400 658 1432 civilis
687 1404 836 1433 terrores
863 1412 923 1444 per
948 1413 1057 1443 genus
1084 1402 1263 1438 humanum
1290 1407 1347 1439 illa
1375 1418 1438 1440 ae-

89 1467 162 1498 tate
187 1464 377 1497 circumlati
403 1464 559 1505 fuerant,
595 1464 728 1497 duobus
753 1467 899 1499 maxime
927 1469 1160 1511 temporibus,
1200 1473 1343 1513 primum
1370 1472 1434 1504 sub

88 1530 221 1563 initium
257 1530 338 1564 belli
372 1531 461 1564 inter
495 1531 678 1565 Caesarem
713 1537 748 1565 et
783 1534 986 1576 Pompeium
1025 1537 1133 1578 gesti,
1173 1548 1202 1570 v.
1239 1538 1305 1570 Dlo
1336 1539 1437 1572 (uss.

86 1596 182 1639 XLI,
209 1600 264 1631 14.
303 1602 338 1631 et
371 1598 438 1631 duo
477 1599 675 1642 amplissimi
709 1604 885 1642 poetarum
915 1602 1002 1642 loci,
1045 1602 1189 1636 Luc-mr
1215 1604 1242 1644 1,
1266 1607 1336 1638 524
1362 1617 1436 1648 sqq.

88 1668 123 1697 et
147 1665 333 1697 PETRONH
358 1675 388 1697 c.
418 1667 485 1696 122
510 1675 602 1706 sqq.,
629 1669 699 1697 tum
726 1665 789 1696 sub
817 1666 973 1699 Caesaris
999 1678 1140 1710 necem,
1167 1671 1276 1704 vum.
1303 1672 1434 1713 Georg.

87 1728 115 1769 I,
141 1730 210 1762 466
235 1739 309 1770 sqq.
343 1728 439 1771 [ibiq.
465 1729 589 1761 HnYN.
617 1733 652 1761 et
677 1729 792 1771 Voss.]
831 1733 865 1762 et
891 1731 999 1765 Ovro.
1031 1733 1114 1766 Met.
1139 1734 1216 1776 XV,
1242 1738 1312 1768 782
1337 1738 1437 1779 sqq.“

87 1794 183 1827 Idem
218 1794 389 1827 HEYNms
426 1799 542 1827 monet
574 1797 607 1828 in
643 1795 874 1830 describendis
909 1796 1101 1832 huiusmodi
1136 1801 1300 1843 prodigiis
1336 1814 1437 1847 prae-

86 1860 188 1893 ivisse
221 1860 386 1893 Romanis
420 1861 530 1903 poetis
565 1862 748 1894 AponnoN.
786 1863 964 1895 Rnonmm
998 1864 1056 1905 lv,
1094 1867 1326 1900 1280-1288.
1385 1869 1435 1902 Ac

89 1925 169 1967 qnid
207 1935 274 1957 non
312 1925 436 1958 lectum
473 1926 592 1958 talium
630 1926 894 1969 descriptionum
937 1928 969 1960 in
1010 1930 1186 1971 Sibyllinis
1227 1934 1433 1968 carminibus

88 2004 175 2036 quae
201 1992 415 2026 ferebantur!
441 2012 488 2018 —
527 1998 733 2027 cometen
758 1996 921 2037 intelligit
947 1997 1056 2030 visum
1086 2009 1161 2031 ann.
1185 2003 1265 2033 610.
1291 2006 1438 2045 aestate,

87 2062 166 2102 post
190 2061 334 2091 mortem
362 2058 541 2099 Caesaris,
572 2058 721 2092 habitum
758 2072 777 2093 a
813 2062 940 2104 populo
978 2074 1039 2106 pro
1072 2064 1149 2098 divo
1185 2067 1352 2110 Caesare,
1388 2070 1434 2102 cf.

86 2124 186 2157 Voss.
210 2123 252 2156 ad
279 2124 400 2165 virgil.
431 2125 560 2166 Georg.
587 2125 613 2166 I,
640 2127 719 2159 438.
745 2143 791 2150 —
823 2127 996 2159 Multus
1024 2128 1158 2172 lapis,
1186 2131 1310 2165 imbres
1337 2135 1432 2166 saxei

87 2188 189 2229 dicti,
223 2189 382 2230 frequens
418 2196 654 2233 portentorum
691 2204 799 2235 genus
834 2205 887 2237 ap.
914 2195 1053 2228 Livmm
1086 2200 1120 2229 et
1154 2197 1288 2232 Inmmu
1316 2201 1433 2234 Onsss—

87 2264 285 2295 QUENTEM,
317 2255 407 2296 quod
433 2257 634 2289 novemdiali
664 2269 763 2291 sacro
794 2259 989 2302 expiabant.
1043 2262 1209 2296 Videntur
1235 2263 1298 2297 huc
1325 2267 1432 2309 perti-

84 2329 167 2352 nere
193 2320 386 2352 nominatim
415 2322 542 2354 Aetnae
568 2324 775 2366 eruptiones,
800 2325 902 2356 veluti
929 2326 1087 2359 Sifflvlus
1109 2329 1151 2361 ad
1176 2330 1271 2372 Virg.
1297 2332 1429 2375 Georg-

84 2385 112 2427 Ι,
138 2388 217 2419 472.
245 2397 288 2419 ex
312 2387 418 2420 LIVIO
446 2393 576 2422 narrat:
613 2396 719 2422 tanta
741 2393 891 2435 flamma
921 2399 1004 2424 (mle
1031 2400 1173 2426 mortem
1201 2397 1363 2429 Caesaris
1388 2410 1432 2429 ex

85 2451 208 2484 Aetna
243 2458 357 2485 monte
393 2452 560 2497 (Ιεςβιιπίἰ,
596 2461 636 2486 ut
672 2468 740 2488 non
774 2463 918 2489 tantum
946 2457 1078 2490 vicinae
1110 2459 1212 2493 urbes
1237 2462 1300 2494 sed
1322 2462 1430 2495 etiam

85 2517 250 2561 Rhe-gina
285 2518 413 2552 civitas
446 2520 649 2563 afflaretar.
702 2523 865 2557 Ceterum
904 2524 946 2558 de
980 2526 1205 2561 collocatione
1243 2530 1430 2572 particulae

87 2594 173 2625 que
199 2584 314 2617 confer
337 2586 363 2627 Ι,
389 2589 422 2628 3,
449 2590 504 2620 38.
531 2591 564 2629 6,
589 2591 646 2622 54.
673 2608 717 2614 —-
743 2591 887 2633 Atque
913 2592 1046 2627 tubas
1069 2598 1201 2637 atque
1226 2606 1344 2628 arma
1371 2596 1431 2628 se—

85 2654 201 2683 runt.
263 2651 470 2686 Observabis
509 2664 585 2688 cum
623 2655 698 2688 aliis
738 2657 948 2699 praeclaram
992 2660 1215 2695 mutationem
1258 2661 1429 2695 orationis.

978 2727 1056 2766 ιω*
