1721 2953
253 166 305 192 xc
786 146 861 188 DE
893 143 1049 189 POESI

254 272 294 306 et
325 263 440 304 exitu
468 270 567 304 sunt
600 262 845 316 plerumque
881 263 1028 303 breves
1062 259 1309 309 sententiae,
1353 269 1506 310 eaeque
1539 256 1594 296 sic

254 339 559 381 consarcinatae
601 351 693 378 cum
732 337 897 387 ceteris,
951 345 999 377 ut
1039 337 1113 376 ubi
1157 336 1323 377 finiatur
1364 332 1595 382 exordium,

255 416 442 458 ordiatur
481 417 639 464 exitus,
692 428 813 468 saepe
852 415 926 456 vix
963 428 1009 453 ac
1048 428 1100 454 ne
1141 414 1215 454 vix
1255 412 1421 467 quidem
1461 409 1595 450 dicere

253 496 407 547 possis,
449 501 490 533 et
523 506 615 532 cum
652 492 774 532 etiam
808 493 851 532 in
887 490 1024 532 medio
1057 491 1236 532 carmine
1273 503 1359 529 non
1393 489 1596 528 habeatur

252 571 490 610 Tibulliana
511 569 687 612 varietas
712 584 788 610 nec
812 571 891 610 ista
916 570 1145 609 accuratior
1169 566 1374 606 distinctio
1401 565 1597 618 partium,

251 648 296 688 fit
331 656 380 688 ut
411 647 630 688 uniformis
662 647 865 701 quaedam
897 649 1150 701 perpetuitas
1184 659 1325 685 rerum
1359 657 1437 697 per
1468 649 1598 682 totam

252 726 421 776 elegiam
451 723 652 765 decurrat.
710 726 772 765 Ita
799 725 1011 777 vulgarior
1035 725 1143 764 ratio
1168 720 1279 775 apud
1303 723 1396 762 hOS.
1452 718 1599 759 Tibul-

249 800 383 839 lianae
413 814 514 841 vero
545 801 694 852 elegiae
723 801 917 854 propriae
948 807 1047 840 sunt
1074 798 1346 839 distinctiores
1376 797 1534 835 formae
1560 801 1599 832 et

252 875 532 929 oppositiones
568 890 792 917 nervosae:
836 875 1053 916 exordium
1091 883 1130 914 et
1165 875 1300 913 exitus
1339 869 1600 925 perspicuam

249 951 548 1002 longitudinem
589 953 745 992 habent
788 959 828 991 et
867 952 987 990 facile
1029 950 1321 990 discernuntur
1363 963 1387 988 a
1429 946 1599 996 ceteris3

250 1029 434 1080 postulat
474 1042 539 1068 ars
581 1029 819 1069 Tibulliana
861 1029 1019 1069 exitum
1059 1026 1245 1067 distincte
1288 1029 1522 1076 separatum
1562 1028 1601 1059 et

251 1103 474 1155 directum,
515 1119 602 1145 non
639 1106 983 1157 comprehensum
1020 1104 1100 1142 alia
1135 1109 1274 1154 parte,
1316 1099 1411 1139 licet
1445 1110 1522 1149 per
1558 1109 1601 1134 se

251 1179 330 1218 hoc
359 1178 449 1217 fieri
477 1180 607 1231 possit
632 1187 742 1219 recte
767 1188 805 1218 et
831 1180 986 1218 factum
1014 1178 1066 1217 sit
1093 1191 1239 1229 saepe3
1270 1174 1456 1215 similiter
1479 1187 1602 1213 exor-

253 1253 367 1294 dium
397 1254 634 1295 distinctum
670 1262 798 1305 amat,
843 1252 956 1307 quod
991 1253 1116 1293 semel
1147 1252 1190 1291 in
1227 1250 1399 1303 elegidio
1430 1250 1503 1300 IV,
1535 1251 1602 1288 13.

254 1344 347 1369 cum
382 1332 648 1384 sequentibus
684 1332 903 1371 confusum
939 1329 1105 1379 videas,
1145 1329 1269 1380 vulgo
1307 1336 1444 1367 autem
1483 1340 1603 1376 argu-

252 1415 392 1447 mento
425 1421 500 1447 suo
531 1410 638 1448 clare
670 1406 891 1448 discretum
920 1406 1129 1459 reperitur
1157 1419 1181 1444 a
1213 1402 1381 1454 ceteris3
1423 1401 1617 1454 denique·

253 1483 299 1522 in
339 1482 475 1523 medio
514 1483 694 1523 carmine
735 1497 859 1537 quam
898 1483 981 1522 sint
1018 1481 1157 1523 omnia
1197 1480 1314 1520 claris
1348 1479 1493 1518 formis
1532 1490 1604 1515 ex-

253 1573 417 1611 pressa,
464 1558 588 1599 modo
627 1567 668 1598 te
709 1558 848 1599 docuit
879 1559 1003 1610 longa
1041 1555 1287 1609 disputatio:
1333 1553 1443 1593 unde
1481 1552 1527 1592 fit
1565 1560 1605 1591 ut

253 1638 362 1674 totins
393 1637 528 1684 elegiae
560 1636 786 1674 sss‘bullianae
819 1637 931 1687 quasi
965 1633 1155 1687 quaedam
1186 1632 1472 1670 architectonica
1507 1636 1606 1668 stru-

256 1719 366 1750 ctura
396 1726 471 1751 esse
498 1712 575 1750 dici
595 1715 720 1764 possit.
778 1709 912 1759 Quam
939 1724 1029 1749 rem
1057 1723 1168 1748 nunc
1197 1707 1318 1747 etiam
1349 1706 1606 1757 singulorum

258 1789 486 1825 carminum
519 1801 712 1826 recensus
743 1786 918 1829 docebit.
985 1786 1057 1825 Est
1090 1784 1245 1824 classici
1276 1781 1485 1835 scriptoris
1521 1795 1607 1820 non

257 1864 391 1902 solum
428 1871 559 1903 totum
592 1878 749 1916 ponere
788 1864 1017 1916 poeticum,
1060 1860 1132 1901 sed
1163 1860 1283 1900 etiam
1317 1866 1454 1912 partes
1482 1858 1608 1897 totius

257 1939 436 1978 maxime
461 1937 714 1988 commodas,
745 1951 851 1990 quae
875 1935 1049 1976 reddant
1072 1943 1180 1974 recte
1205 1942 1244 1973 et
1267 1934 1438 1987 pulchre
1462 1941 1608 1982 totum,

260 2028 335 2053 nec
374 2022 508 2066 potest
545 2014 717 2065 intelligi
755 2021 961 2053 structura
1001 2011 1214 2060 carminis,
1264 2009 1344 2049 nisi
1382 2016 1607 2062 utrumque

260 2092 534 2143 perspexeris.
601 2088 784 2139 Quaeras
815 2089 940 2140 igitur
978 2101 1075 2127 sane
1108 2084 1222 2140 quod
1259 2084 1311 2125 sit
1345 2084 1502 2132 thema,
1544 2082 1610 2122 cui

261 2166 322 2205 rei
351 2165 596 2206 destinatum
623 2166 674 2205 sit
705 2180 887 2215 carmen,
918 2173 964 2204 ut
990 2176 1209 2216 cognoscas
1239 2160 1339 2215 quid
1364 2162 1463 2201 velit
1487 2168 1610 2212 poeta

264 2249 302 2279 et
332 2242 374 2279 in
405 2255 489 2294 quo
518 2241 653 2280 unitas
683 2255 822 2280 rerum
855 2240 973 2287 insit,
1015 2237 1085 2279 sed
1116 2252 1201 2277 non
1235 2237 1371 2276 minus
1401 2235 1442 2275 id
1480 2248 1610 2284 cureS,

264 2325 311 2356 ut
340 2315 496 2357 dividas
525 2328 633 2359 recte
663 2318 873 2357 unitatem.
942 2314 1065 2365 Quod
1095 2327 1223 2367 genus
1257 2312 1509 2367 quaestionis
1540 2311 1612 2365 qui

265 2394 384 2447 parvi
413 2394 565 2433 ducunt
598 2396 641 2433 in
681 2396 954 2448 explicatIOne
984 2402 1192 2442 veterum,
1235 2390 1353 2444 quasi
1384 2388 1484 2428 levis
1521 2400 1611 2427 mo-

267 2471 392 2510 menti
423 2470 489 2519 sit‚
526 2471 726 2510 falluntur
755 2471 935 2522 egregieg
977 2468 1046 2509 sed
1078 2482 1164 2509 non
1193 2466 1321 2506 facilis
1350 2463 1504 2516 ubique
1535 2476 1611 2512 res,

269 2559 375 2598 quae
407 2547 528 2585 ctiam
558 2559 676 2584 usum
708 2546 894 2597 requirit.
961 2544 1108 2597 Neque
1145 2541 1253 2581 enim
1289 2541 1420 2579 solum
1458 2538 1610 2588 logicae

268 2621 424 2672 legibus
453 2619 703 2673 respondere
735 2619 855 2659 debet
883 2619 1040 2668 divisio,
1069 2616 1139 2657 sed
1170 2615 1288 2655 etiam
1321 2626 1504 2666 poeseos.
1563 2611 1609 2649 In

1699 2748 1721 2858 *mm-*3r
