1721 2953
314 104 470 130 cxxxw
848 92 923 133 DE
955 91 1114 135 POESI

424 201 522 242 Vidi
551 215 625 254 ego
656 203 730 257 qui
757 206 921 244 iuvenum
949 207 1122 247 miseros
1150 207 1311 247 lusisset
1342 220 1524 259 amores,

478 279 569 318 Post
595 277 772 319 Veneris
800 280 944 321 vinclis
975 281 1153 322 subdere
1186 283 1291 322 colla
1319 296 1452 322 senem.

424 392 517 432 Heu
549 393 730 434 canimus
760 395 934 447 frustra,
974 411 1049 436 nec
1078 397 1193 436 verbis
1221 397 1328 437 victa
1355 396 1527 450 patescit

484 469 632 520 Ianua,
672 468 743 510 sed
772 472 883 524 plena
912 480 972 511 est
1001 470 1270 525 percutienda
1299 486 1426 513 manu.

939 554 1034 562 ——q

425 588 506 630 Sed
536 605 587 630 ne
616 600 656 632 te
686 595 870 647 capiant,
906 600 1026 649 primo
1055 596 1089 636 si
1119 596 1225 635 forte
1255 596 1420 647 negabit

483 666 659 720 Taedia3
696 671 880 723 paulatim
910 672 986 710 sub
1015 671 1110 722 iuga
1140 671 1244 711 colla
1274 670 1400 711 dabit.

429 781 559 836 Saepe
591 798 664 836 ego
695 787 848 827 tentavi
878 801 995 827 curas
1027 787 1231 840 depellere
1261 788 1385 829 vino:

483 859 538 899 At
567 859 687 900 dolor
715 863 757 901 in
787 862 973 902 lacrimas
1003 872 1184 904 verterat
1215 877 1335 903 omne
1365 876 1539 903 merum.

317 949 429 990 Haec
467 953 592 1004 igitur
623 962 746 1008 atque
781 957 878 995 talia
911 965 1023 1009 patet
1057 958 1232 999 similem
1262 958 1346 998 vim
1375 958 1529 997 habere
1561 954 1667 997 divi-

318 1024 504 1066 sionibus
535 1036 575 1066 et
602 1031 807 1080 egregium
837 1045 923 1071 esse
959 1032 1069 1071 illius
1107 1032 1279 1071 rationis
1310 1034 1669 1084 complementum.

321 1100 679 1151 Quemadmodum
705 1108 827 1146 etiam
853 1108 1029 1149 maiores
1059 1107 1327 1146 distichorum
1355 1115 1393 1147 et
1421 1107 1670 1158 ampliorum

318 1181 507 1219 locorum
543 1182 824 1232 oppositiones
863 1183 1023 1231 variae,
1071 1181 1120 1221 de
1159 1183 1310 1235 quibus
1346 1195 1471 1235 supra
1504 1180 1670 1231 dictum,

321 1255 406 1296 sive
437 1254 637 1295 divisione
667 1257 751 1296 sive
782 1258 862 1295 alio
892 1256 1017 1296 modo
1050 1257 1254 1307 oriantur,
1286 1256 1460 1295 eandem
1488 1254 1673 1295 indolem

322 1329 582 1369 Tibullianae
615 1331 857 1371 elocutionis
889 1339 929 1370 et
966 1330 1065 1370 artis
1100 1332 1310 1381 referunt,
1352 1331 1467 1370 cuius
1502 1332 1672 1370 omnino

322 1405 518 1456 propriae
550 1404 781 1456 distinctae,
813 1406 1008 1445 discretae
1036 1406 1253 1447 nervosius
1278 1407 1580 1454 membrorum,
1611 1404 1674 1442 di-

324 1480 576 1530 stichorum,
630 1481 834 1520 maiorum
878 1483 1068 1521 locorum
1109 1482 1305 1522 rationes.
1391 1481 1528 1532 Atque
1572 1480 1674 1517 haec

324 1556 538 1595 hactenus.
609 1557 729 1596 Iuvat
759 1556 936 1610 denique
976 1565 1069 1610 post
1101 1557 1239 1596 onmia
1270 1554 1376 1594 dicta
1414 1569 1524 1594 nunc
1555 1569 1676 1593 enar-

325 1633 526 1671 rationem
568 1632 737 1671 brevem
783 1634 919 1682 elegiae
955 1637 1102 1686 primae
1144 1633 1229 1670 libri
1266 1634 1380 1685 primi
1415 1631 1675 1680 subiungere,

328 1715 372 1745 ut
401 1707 610 1745 luculento
642 1708 830 1759 exemplo
862 1715 994 1753 totum
1024 1707 1274 1757 explicatum
1304 1705 1519 1757 hucusque
1550 1717 1676 1754 genus

327 1782 491 1823 dicendi
520 1784 802 1823 Tibullianum
842 1798 935 1822 cum
973 1782 1245 1823 divisionibus
1278 1790 1316 1821 et
1347 1781 1678 1834 oppositionibus

328 1873 467 1898 rerum
507 1859 693 1909 plurimis
734 1859 786 1896 ob
825 1859 965 1896 oculos
1004 1871 1171 1908 ponam.
1241 1857 1371 1906 Igitur
1399 1857 1443 1895 in
1473 1855 1678 1907 principio

332 1947 424 1971 cum
463 1945 606 1971 sensus
647 1932 721 1980 sit,
776 1932 905 1970 otium
946 1931 1214 1969 domesticum
1259 1943 1301 1968 se
1341 1931 1441 1968 belli
1481 1929 1679 1968 molestiis

330 2007 564 2058 praeferre,
605 2007 783 2059 primum
816 2019 914 2058 opes
944 2005 1186 2045 dividuntur
1214 2005 1258 2043 in
1291 2019 1427 2044 aurum
1463 2012 1503 2043 et
1537 2018 1681 2057 posses-

329 2086 444 2121 siones
484 2096 686 2131 agrorum,
737 2095 914 2134 quarum
956 2095 1095 2120 rerum
1142 2081 1433 2119 coniunctione
1482 2086 1681 2128 constant,

333 2167 420 2197 tuni
451 2165 721 2208 opponuntur
748 2158 792 2195 iu
819 2156 999 2195 secundo
1024 2155 1195 2195 disticho
1222 2155 1431 2194 molestiae
1456 2163 1682 2194 castrenses

334 2247 443 2273 nova
467 2232 678 2281 divisione,
711 2234 850 2284 quales
877 2247 952 2283 per
974 2232 1069 2270 diem
1091 2239 1130 2270 et
1151 2245 1224 2282 per
1249 2238 1401 2279 noctem,
1431 2229 1682 2281 descriptae:

337 2317 542 2360 postremo
574 2308 650 2346 toti
679 2308 742 2345 his
766 2306 946 2346 distichis
975 2308 1183 2345 absolutae
1207 2306 1432 2344 sententiae
1456 2303 1684 2355 opponitur

336 2391 557 2434 paupertas
599 2390 636 2420 et
677 2383 807 2421 otium
846 2383 987 2434 paucis
1030 2388 1280 2420 contentum.
1347 2378 1470 2418 Nune
1503 2376 1597 2417 vide
1639 2384 1685 2415 ut

339 2460 414 2497 hoc
448 2465 601 2495 tractet.
667 2457 831 2495 Transit
870 2456 917 2495 ad
952 2457 1114 2507 negotia
1143 2456 1316 2503 rustica,
1361 2462 1400 2492 et
1427 2461 1573 2492 teneras
1602 2455 1685 2492 nites

340 2542 372 2571 et
414 2533 579 2581 grandia
612 2546 725 2583 poma
768 2546 902 2569 serere
938 2532 1049 2571 vult.
1097 2546 1139 2568 ac
1172 2538 1304 2581 sperat
1326 2527 1484 2579 frugum
1517 2541 1683 2566 acervos
