1721 2953
595 129 840 171 TIBULLI.
1227 143 1376 168 crxmx

35 250 224 291 Tibullus
270 257 479 303 praeterea
527 247 645 287 etiam
694 249 811 301 specie
851 246 1177 301 personificationis
1221 251 1266 283 ut
1312 243 1381 282 alii

33 327 205 378 passim,
237 325 287 365 de
313 338 396 378 quo
427 324 628 364 nonnulla
660 321 810 363 addere
838 321 989 373 debeo,
1020 321 1260 375 praesertim
1287 333 1379 358 cum

33 403 155 452 vulgo
179 415 264 440 non
282 414 423 441 omnes
444 414 533 439 rem
558 398 823 450 distinguant.
879 398 1007 450 Igitur
1029 398 1070 437 in
1095 398 1173 437 hoc
1200 398 1231 446 l,
1249 401 1286 446 8,
1303 395 1380 435 48:

33 492 102 515 non
139 476 251 515 tardo
286 476 424 514 labitur
461 476 524 514 illa
559 471 706 529 (aetas)
741 475 858 528 pede,
902 482 948 513 ut
982 472 1090 526 apud
1123 471 1381 526 Lygdamum

34 552 112 600 ΙΙΙ,
141 555 183 599 5,
215 554 301 600 16.,
335 563 418 589 non
453 558 513 591 est
542 564 641 589 vera
669 548 995 602 personificatio,
1034 564 1109 590 nec
1137 562 1315 602 persona
1345 555 1384 587 et

35 626 109 666 dea
137 633 195 665 est
224 633 346 677 aetas,
379 624 450 666 sed
481 625 637 678 species
665 633 825 665 tantum
855 624 1225 679 personificationis
1255 624 1384 663 habe-

35 711 103 741 tur
143 710 182 741 et
221 702 503 754 metaphorica
543 700 688 753 dictio,
731 709 775 742 ut
815 703 854 753 Ι,
890 707 963 750 10,
995 701 1062 741 34.
1097 708 1136 740 et
1169 702 1207 751 Ι,
1241 703 1284 749 1,
1316 705 1386 740 70.

35 778 232 817 Similiter
259 779 290 829 Ι,
313 784 350 828 7,
373 781 442 818 26.
469 779 651 832 supplicat
679 778 796 817 herba
822 779 902 818 Iovi
926 776 1083 830 accipe,
1116 784 1156 816 et
1182 776 1233 826 ΙΙ,
1256 781 1294 828 5,
1321 781 1388 816 75.

35 854 161 906 Ipsum
199 857 310 893 etiam
348 853 469 893 Solem
513 852 696 906 defectum
710 855 866 902 ‚lumine
904 854 990 893 vidit
1019 855 1176 904 Iungere
1211 854 1388 907 pallentes

34 930 176 968 nubilus
219 944 338 968 armus
378 944 490 984 equos
532 943 598 969 res
645 930 765 969 etiam
809 929 972 970 clarior.
1045 928 1250 969 Notamus
1295 928 1388 968 alia.

37 1002 174 1043 Carm.
203 1005 255 1054 ΙΙ,
288 1008 326 1053 3,
356 1010 408 1044 37
431 1017 522 1058 sqq.
558 1006 718 1045 Praeda
740 1004 853 1057 feras
882 1009 981 1044 acies
1016 1008 1129 1045 cinxit
1158 1005 1388 1045 ‹mcor-dibus

37 1083 153 1118 armis
166 1096 178 1118 :
193 1101 249 1108 —·
278 1082 438 1120 Praeda
458 1095 552 1131 vago
574 1085 675 1121 iussit
695 1085 885 1132 geminare
900 1083 1067 1135 pericula
1089 1090 1199 1135 ponto
1229 1082 1391 1133 legitur,

38 1163 78 1194 et
109 1157 139 1205 Ι,
163 1160 200 1202 3,
223 1159 296 1194 37:
324 1159 431 1208 pinus
460 1163 727 1209 contempserat
758 1158 880 1195 undas
909 1156 1053 1197 eodem
1087 1157 1211 1198 modo
1236 1156 1389 1198 dictum

37 1231 124 1268 sine
155 1229 513 1281 personificatione
542 1244 664 1280 vera;
699 1231 795 1270 satis
821 1231 943 1270 etiam
969 1233 1199 1284 explicatur
1223 1247 1245 1271 a
1270 1234 1391 1272 nobis

36 1307 67 1355 Ι,
94 1311 132 1355 7,
158 1304 246 1344 init.
276 1306 353 1343 dies
383 1306 541 1354 natalis,
581 1306 796 1358 Aquitanas
829 1310 895 1359 qni
916 1315 1038 1359 posset
1053 1306 1220 1358 sundere
1257 1315 1393 1358 geniem,

39 1378 388 1433 quemadmodum
424 1381 468 1419 in
499 1377 807 1419 Commentario
845 1379 1016 1421 videbis.
1075 1383 1289 1423 Postremo
1328 1384 1392 1423 in-

38 1453 129 1494 dico
170 1453 369 1493 eximium
411 1453 454 1493 in
494 1455 573 1494 hoc
612 1469 762 1506 genere
796 1457 934 1495 locum
977 1457 1047 1506 IV,
1079 1462 1116 1506 7,
1147 1461 1184 1497 9.
1215 1457 1265 1498 de
1307 1472 1391 1512 quo

36 1530 136 1569 item
177 1530 221 1568 in
260 1529 548 1582 Explicatione
588 1529 690 1571 dixi.
769 1531 882 1571 Haec
922 1531 1048 1582 igitur
1088 1540 1128 1571 et
1168 1533 1265 1572 talia
1307 1547 1392 1574 non

38 1613 135 1644 sunt
173 1619 279 1658 quae
319 1606 492 1658 proprie
533 1604 729 1646 dicendae
773 1606 1179 1659 personificationes,
1233 1608 1328 1648 licet
1371 1623 1392 1647 a

39 1681 178 1719 multis
209 1679 489 1720 confundatur
522 1689 747 1735 utrumque
783 1694 934 1732 genus,
978 1682 1187 1722 illustrant
1216 1697 1317 1723 vero
1349 1692 1393 1723 ut

41 1755 119 1793 alia
158 1756 354 1794 translata
393 1757 522 1796 verba
561 1756 742 1796 suaviter
781 1757 1032 1805 orationem,
1087 1757 1121 1795 si
1166 1756 1395 1797 artificiosis

42 1838 81 1868 et
126 1830 245 1868 nimis
293 1828 519 1869 audacibus
562 1830 708 1870 formis
752 1829 930 1870 abstinet
972 1829 1162 1883 scriptor.
1245 1832 1396 1872 Monui

41 1904 258 1957 aliquoties
288 1903 338 1943 de
370 1903 512 1944 eadem
548 1919 592 1945 re
627 1903 677 1945 ad
708 1903 946 1945 Pindarum.
1007 1905 1065 1943 Ac
1095 1904 1145 1944 de
1179 1906 1395 1949 rhetoricis

39 1981 164 2020 rebus
201 1978 396 2020 diximus.

127 2131 369 2172 Accedimus
406 2145 516 2172 nunc
553 2129 605 2171 ad
642 2134 815 2173 alteram
849 2147 990 2174 rerum
1021 2143 1179 2188 partem
1218 2142 1257 2175 et
1288 2134 1397 2175 dice-

43 2222 133 2247 mus
174 2207 296 2246 etiam
335 2206 384 2246 de
423 2212 682 2257 grammaticis
719 2210 852 2259 rebus,
901 2208 1002 2263 quid
1042 2211 1086 2250 in
1129 2211 1208 2250 hoc
1246 2224 1396 2262 genere

42 2282 266 2324 notabilius
293 2283 445 2321 habeat
473 2283 678 2324 Tibullus.
744 2286 925 2325 Possunt
953 2299 1054 2328 vero
1086 2286 1207 2326 etiam
1241 2287 1398 2339 simpli-

43 2359 172 2398 ciores
203 2357 424 2410 scriptores
453 2357 520 2397 hic
547 2357 630 2397 illic
659 2359 821 2399 rariora
848 2373 1006 2413 ponere
1037 2369 1076 2400 et
1105 2370 1288 2413 ponunt,
1326 2361 1397 2402 sed

43 2444 129 2471 non
157 2440 312 2472 temere
341 2433 607 2486 frequentant
635 2435 819 2484 rariora,
855 2449 930 2475 nec
964 2434 998 2474 si
1029 2434 1127 2488 quid
1164 2436 1398 2487 admittunt,

42 2506 99 2546 ita
132 2507 343 2559 negligunt
379 2508 482 2547 fines
518 2508 718 2548 orationis
752 2522 872 2560 suae,
914 2516 959 2550 ut
989 2524 1088 2551 vera
1122 2510 1398 2565 discrepantia

45 2580 225 2621 exsistat.
295 2580 377 2621 Sed
415 2580 629 2623 videamus
669 2583 897 2625 Tibullum.
967 2585 1154 2627 Primum
1194 2589 1396 2629 notabiles

944 2673 981 2697 m
1008 2665 1033 2698 2
