1721 2953
296 137 347 171 58
607 133 976 176 COMMENTAR.
1006 137 1067 177 IN
1097 138 1326 178 'l'lBULLI

390 257 430 290 V.
456 256 582 289 89—ad
610 258 722 291 finem.
770 258 945 294 Exitus.
997 261 1203 295 Patimur
1236 271 1385 294 omnes
1420 262 1501 294 vim
1527 271 1637 294 amo-

295 322 375 362 ris,
410 331 471 353 me
495 325 642 356 autem
669 323 858 358 fidelem
882 335 1080 368 servum,
1105 336 1126 359 ο
1154 327 1320 368 Venus,
1346 327 1440 360 noli
1465 327 1638 360 diutius

294 388 595 421 inclementer
620 393 836 425 tractare.

388 452 426 484 V.
453 454 510 486 89.
536 457 579 486 at
604 458 659 488 tu.
708 454 773 488 Est
800 456 1030 498 admonentis,
1059 457 1236 500 minantis,
1262 463 1321 491 aut
1345 457 1550 500 indignantis
1575 467 1637 500 pro

292 518 422 551 ratione
449 519 620 562 locorum,
645 521 688 555 cf.
713 522 741 563 Ι,
765 525 799 564 5,
825 525 881 556 69.
917 523 976 564 lv,
1003 526 1037 566 2,
1063 526 1096 557 3.
1124 527 1159 557 et
1184 524 1304 558 Bunm.
1330 523 1374 556 ad
1397 520 1533 556 Anthol.
1560 522 1636 555 Lat.

290 583 332 616 T.
359 583 404 617 II.
438 597 472 628 p.
497 587 580 621 555.
642 586 803 620 Ceterum
831 588 997 628 Vossms,
1033 599 1110 622 cum
1145 589 1296 621 ultimam
1322 592 1453 632 partem
1479 587 1637 621 carminis

290 660 352 693 pro
379 660 466 684 novo
493 651 661 694 carmine,
689 657 727 685 ut
751 652 915 694 vidimus,
940 652 1086 696 habeat,
1111 653 1294 687 Messalam
1321 653 1501 696 iutelligit,
1524 663 1545 685 a
1569 662 1637 695 quo

290 721 392 760 poeta
418 716 467 751 liis
491 719 589 751 minis
614 720 745 753 veniam
771 720 915 753 abeundi
943 724 1046 765 petat.
1098 722 1199 757 Quod
1225 722 1290 755 iam
1317 732 1385 755 non
1412 731 1499 764 opus
1524 725 1576 755 est
1600 724 1639 754 ut

292 785 490 820 refutemus.
539 786 594 819 Tu
626 797 692 820 non
726 788 895 830 cogitabis
929 792 1061 822 certum
1094 787 1282 830 hominem,
1318 793 1420 831 atque
1453 788 1502 820 ita
1535 788 1637 821 etiam

289 851 393 892 vulgo
419 851 530 885 locum
557 857 763 896 acceperunt
788 864 926 896 omnes3
953 859 1006 887 est
1031 854 1121 888 enim
1146 854 1230 888 haec
1260 865 1314 888 res
1342 855 1430 896 talis,
1453 864 1542 897 quae
1569 864 1636 888 non

288 918 346 950 uni
372 922 502 952 tantum
528 919 707 953 tribuenda
731 921 786 954 sit.
835 921 986 955 Tenebis
1012 926 1125 956 tamen
1149 924 1260 965 simul,
1286 923 1364 957 inde
1389 923 1525 957 ductam
1551 921 1636 956 hanc

288 984 431 1019 sormam
457 985 589 1028 exitus,
614 986 705 1028 quod
732 987 852 1020 flentes
875 991 953 1021 ante
978 988 1112 1021 ianuam
1138 989 1273 1032 puellae
1298 993 1466 1022 amatores
1491 1000 1510 1022 a
1535 999 1637 1033 prae-

289 1051 501 1085 tereuntibus
533 1051 770 1085 irridebantur.
828 1052 903 1086 Nec
930 1057 1058 1086 temere
1083 1054 1228 1096 arripuit
1253 1059 1354 1097 poeta
1379 1054 1528 1096 aliquid,
1565 1063 1634 1096 quo

286 1119 389 1152 finem
412 1119 604 1162 imponeret
636 1120 788 1162 elegiae,
822 1119 883 1152 sed
919 1120 1010 1162 quod
1035 1116 1356 1164 παρακλαυσιθύρῳ
1384 1120 1524 1153 carmini
1550 1129 1634 1152 con—

286 1185 436 1224 veniret,
470 1185 585 1229 posuit
610 1189 644 1219 et
668 1196 797 1230 ponere
822 1186 949 1220 debuit.
976 1206 1021 1211 —
1059 1187 1228 1229 laetus,
1260 1190 1381 1230 utpote
1407 1187 1492 1219 liber
1517 1186 1558 1219 ab
1585 1185 1635 1218 his

286 1249 470 1283 doloribus.
520 1250 637 1284 Nolim
670 1252 758 1284 euim
793 1252 842 1285 sic
878 1253 1070 1295 intelligere
1102 1257 1141 1286 ut
1174 1252 1289 1285 animo
1322 1252 1502 1298 gaudente
1528 1256 1580 1285 est
1605 1253 1633 1295 Ι,

285 1319 318 1358 6,
339 1319 397 1350 81.
423 1321 482 1350 aut
507 1316 662 1349 lacrimis
687 1316 885 1350 laetabitur
910 1317 990 1350 istis
1015 1319 1123 1351 Ovm.
1151 1319 1237 1352 Met.
1262 1318 1323 1359 IX,
1352 1320 1429 1352 144.
1456 1329 1531 1351 cum
1557 1318 1634 1351 odi—

286 1392 361 1415 mus
386 1383 543 1425 aliquem.
571 1400 618 1407 -——
652 1386 816 1416 caveto
850 1394 945 1416 mox
979 1384 1083 1425 tibi,
1117 1384 1289 1416 ostendito
1314 1394 1393 1416 mox
1419 1387 1510 1417 tuam
1535 1384 1633 1416 uobis

286 1450 530 1490 constantiam3
556 1450 620 1482 erit
645 1450 733 1482 enim
759 1460 838 1483 mox
864 1450 965 1483 etiam
995 1450 1077 1491 tibi,
1103 1462 1122 1484 a
1147 1461 1214 1493 quo
1240 1461 1343 1492 aegre
1373 1461 1502 1484 caveas.
1553 1450 1632 1483 Non

285 1520 339 1549 est
360 1516 452 1558 quod
474 1517 548 1549 iure
573 1515 754 1560 displiceat
778 1517 811 1550 in
835 1515 897 1550 hac
919 1517 1101 1559 locutione,
1125 1528 1225 1560 quam
1247 1517 1464 1561 reprehendit
1484 1517 1634 1551 Huscn-

285 1592 380 1616 runs,
410 1598 455 1608 -
482 1592 567 1615 non
592 1592 715 1615 unus.
763 1582 880 1614 JANth
907 1582 1134 1615 Gssnmnnns
1158 1583 1418 1626 interpretatur:
1444 1593 1512 1616 non
1536 1583 1632 1616 simi-

284 1649 347 1690 lis,
374 1646 406 1682 li.
432 1659 462 1682 e.
488 1652 525 1681 tu
549 1648 763 1690 gravioribus
788 1649 884 1681 malis
909 1648 1099 1691 urgeberis.
1150 1649 1255 1683 Male.
1303 1650 1426 1683 Potius
1448 1660 1532 1683 non
1556 1649 1633 1682 uni

284 1713 372 1747 bene
405 1713 619 1747 emendatum
654 1717 725 1755 est,
763 1714 959 1757 postulante
985 1715 1166 1748 sententia.
1214 1714 1289 1749 Nec
1314 1715 1414 1750 video
1439 1726 1501 1750 cur
1524 1716 1631 1749 Hur-

283 1788 368 1813 mus
393 1779 503 1820 dicat,
535 1779 584 1812 sic
608 1790 718 1824 usque
743 1779 853 1812 minus
877 1780 1170 1814 accommodatum
1197 1791 1293 1823 esse,
1327 1782 1417 1825 quod
1442 1783 1633 1825 significat:

284 1850 462 1890 perpetuo.
503 1846 644 1879 Confert
668 1846 987 1880 Wuxnssnmcnms
1011 1849 1123 1881 Sovfl.
1144 1848 1272 1882 Electr.
1300 1851 1389 1883 916:
1416 1845 1470 1890 ἄγ’
1491 1839 1517 1881 οῗ
1537 1849 1629 1893 φίλη,

283 1910 456 1957 θάρσυνε·
495 1920 569 1948 τοῖς
604 1908 739 1944 ηιῗτοῖσί
773 1925 829 1944 τοι
866 1910 928 1954 οιῗχ
967 1909 1071 1949 affui-3·
1111 1910 1163 1945 αέὶ
1197 1911 1370 1953 δαιμόνων
1404 1922 1630 1960 παρασιατκΐ.

287 1978 386 2022 Apud
415 1978 590 2011 Tibullum
615 1978 826 2012 Huscuxms
853 1981 999 2014 coniecit
1027 1993 1096 2013 non
1121 1993 1266 2018 vacuus,
1292 1980 1323 2015 h.
1349 1993 1379 2016 e.
1407 1992 1472 2015 non
1497 1993 1631 2023 vacans,

284 2054 351 2077 nou
377 2055 524 2086 cessans,
549 2055 616 2086 quo
642 2045 801 2087 loquendi
828 2056 954 2087 genere
976 2048 1196 2092 Propertium
1220 2049 1330 2082 solum
1354 2049 1404 2081 uti
1429 2049 1631 2082 Laelium-

284 2120 352 2143 Nus
378 2113 482 2143 notat.
533 2109 607 2142 Nec
639 2112 806 2144 sententia
840 2112 971 2155 placet:
1009 2125 1087 2146 mox
1120 2114 1186 2146 tibi
1219 2127 1289 2147 non
1324 2126 1463 2147 cessans
1495 2115 1631 2148 saeviet

284 2186 394 2219 usque
422 2173 527 2210 cleas,
563 2175 612 2208 ita
632 2174 733 2210 'enim
770 2179 881 2221 iungit
915 2180 1136 2214 Huseumus.
1186 2181 1344 2215 Tibullus
1378 2183 1407 2215 si
1441 2193 1517 2215 mox
1551 2193 1630 2216 cum

284 2241 417 2273 saeviet
451 2241 593 2284 iungere
625 2244 781 2287 volebat,
813 2251 949 2290 poterat
984 2252 1077 2282 recte
1110 2248 1224 2281 dicere
1257 2249 1328 2283 sic:
1370 2250 1414 2282 At
1447 2251 1484 2281 tu
1516 2248 1629 2281 ridere

284 2307 369 2348 noli,
404 2309 535 2341 saeviet
568 2309 672 2343 Amor
705 2322 785 2345 mox
822 2313 924 2346 etiam
959 2314 1030 2347 tibi.
1080 2315 1221 2347 Minime
1256 2325 1337 2348 vero
1373 2317 1628 2357 exspectamus:

284 2372 414 2406 saeviet
439 2375 544 2407 Amor
569 2385 648 2408 mox
675 2376 735 2409 tibi
762 2382 930 2422 perpetuo
957 2389 1020 2413 nec
1046 2390 1194 2414 cessans.
1243 2379 1337 2412 Idem
1371 2377 1549 2411 dicendum
1586 2377 1628 2411 de

286 2439 430 2472 lectione
463 2439 595 2472 ieiuna:
635 2453 704 2473 mm
738 2454 863 2476 vanus.
927 2444 1087 2477 Ceterum
1118 2443 1251 2476 saevire
1285 2455 1314 2476 c.
1348 2442 1415 2475 dat.
1452 2446 1487 2475 ut
1521 2443 1629 2477 Ονιι).

287 2504 426 2538 Heroid.
454 2506 512 2546 lv,
542 2508 620 2540 148.
645 2526 687 2530 ——
714 2509 754 2541 V.
783 2511 825 2541 91
854 2520 926 2552 sqq.
954 2511 1168 2550 miseros,
1193 2519 1254 2542 usu
1280 2508 1411 2549 crebro,
1437 2508 1479 2540 cf.
1509 2508 1628 2540 Immu-

287 2581 401 2604 umu.
437 2570 478 2604 ad
515 2572 617 2614 Prop.
653 2584 684 2615 p.
712 2576 766 2606 66.
801 2591 838 2599 -
879 2574 1072 2608 subdere
1107 2574 1237 2608 colla.
1297 2573 1443 2606 Locutio
1478 2572 1561 2604 dare
1595 2577 1629 2605 et

287 2637 433 2671 subdere
461 2639 585 2672 rollum
608 2650 694 2674 nuuc
717 2652 734 2674 a
761 2643 860 2684 iugo,
892 2652 977 2676 nunc
1004 2654 1022 2675 a
1049 2643 1175 2676 catenis
1201 2641 1346 2683 petitur.
1373 2641 1561 2683 diciturque
1587 2640 1628 2673 de
