1721 2953
213 180 265 204 Lx
751 166 828 205 DE
859 164 1016 207 POESI

212 279 317 318 111αο
346 278 388 317 111
420 279 598 318 carmine
631 276 681 318 ad
702 277 984 329 Messalinum,
1015 284 1061 317 ut
1091 280 1205 318 nullo
1239 287 1420 332 tempore
1451 277 1558 318 vitae

210 353 388 404 coniugii
417 354 481 393 sui
510 354 754 402 felicitatem,
785 351 820 392 si
846 361 1020 392 amasset
1047 351 1264 404 Neaeram,
1294 354 1351 393 sic
1378 351 1561 406 potuerit

209 432 421 481 seiungere
461 445 484 469 a
522 429 631 470 ruris
670 427 770 470 otio.
837 429 1061 470 Enimvero
1102 429 1259 469 clarum
1297 437 1356 469 est
1394 426 1559 482 Lygda-

208 519 321 544 mum
358 509 548 556 ignorare
588 519 714 554 rura,
752 504 974 557 religiones
1015 512 1211 556 agrestes,
1257 503 1388 544 Lares
1427 504 1558 545 avitos

208 582 385 634 praedii,
429 595 504 621 nec
546 581 775 635 quidquam
817 583 962 622 talium
1002 596 1199 622 sensuum
1237 582 1282 621 in
1326 595 1376 621 eo
1417 581 1558 621 fuisse.

205 661 262 698 Ac
303 673 397 698 cum
436 658 626 697 Tibullus
666 658 967 711 simplicitatem
1005 658 1112 699 vitae
1152 665 1367 710 tantopere
1407 655 1558 707 diligat,

206 742 330 774 tentat
361 733 528 788 quidem
559 735 679 774 etiam
708 735 773 773 hic
804 734 933 774 simile
964 732 1088 787 quid,
1129 733 1338 773 affirmans
1373 746 1415 772 se
1454 730 1558 773 divi-

208 812 279 849 tias
311 817 572 849 contemnere
602 823 702 861 prae
733 822 872 848 amore
913 817 952 849 et
989 810 1056 849 vel
1093 816 1381 861 paupertatem
1409 808 1556 848 iucun-

207 886 299 925 dam
331 888 419 925 sore
450 899 543 926 cum
561 884 736 936 Neaera,
766 886 1034 925 nihilominus
1064 883 1287 926 tamenim
1317 887 1395 926 sibi
1424 887 1557 938 placet

204 966 244 1002 in
288 963 633 1015 descriptionibus
674 961 931 1014 opulentiae,
983 963 1193 1003 honorum
1239 971 1334 1014 post
1382 970 1558 1003 mortem

205 1055 504 1093 supremorum,
541 1041 638 1080 libri
664 1039 850 1080 Neaerae
879 1040 993 1079 missi
1022 1040 1168 1090 ornati,
1197 1041 1362 1080 habitus
1395 1039 1556 1093 Apolli-

206 1117 272 1155 nei
294 1114 470 1168 pulchri,
501 1123 548 1154 ut
578 1115 800 1166 elegantiae
831 1122 872 1154 et
900 1115 1222 1166 magnificentiae
1245 1124 1393 1155 natura
1415 1130 1556 1156 amau-

206 1202 285 1230 tem
314 1191 432 1230 facile
464 1204 679 1241 agnoscas,
709 1189 781 1243 qui
811 1197 947 1229 tamen
978 1189 1030 1228 ad
1058 1190 1217 1230 Tibulli
1245 1189 1487 1231 modestiam
1513 1203 1555 1231 se

204 1274 504 1318 composuerat.
560 1265 773 1304 Postremo
793 1273 903 1304 recte
924 1265 1127 1304 monitum
1149 1273 1209 1305 est
1229 1265 1421 1306 ardorem
1442 1280 1556 1307 amo-

203 1345 258 1382 ris
292 1344 336 1380 111
366 1340 579 1393 Lygdamo
617 1341 738 1390 longe
768 1337 973 1378 minorem
1013 1353 1088 1378 nec
1123 1340 1402 1380 Tibullianam
1441 1341 1554 1380 illam

204 1421 285 1458 vim
317 1418 538 1457 affectuum
578 1416 644 1454 hic
686 1414 952 1467 deprehendi.
1020 1414 1143 1455 Unde
1174 1417 1327 1455 sactum
1357 1424 1403 1455 111
1433 1418 1553 1458 etiam

203 1495 369 1546 1111010111
391 1491 591 1546 Lygdami
612 1489 805 1542 languida
830 1490 890 1539 sit,
926 1504 1018 1530 cum
1044 1490 1154 1543 apud
1177 1492 1390 1532 Tibullum
1413 1493 1552 1532 Omnia

207 1582 378 1608 nervosa
417 1567 569 1608 videas.
626 1567 738 1606 Haec
778 1567 989 1607 hactenus.
1055 1569 1172 1608 Patet
1213 1582 1266 1607 ex
1305 1571 1552 1621 argumentis

204 1646 330 1684 allatis.
359 1658 445 1684 non
474 1644 621 1683 haberi
650 1644 694 1683 in
724 1644 803 1682 hoc
831 1644 939 1682 libro
973 1656 1132 1682 amores
1162 1643 1363 1697 quosdam
1384 1644 1553 1695 Tibulli,

205 1735 307 1773 1111115
348 1728 471 1773 poeta
511 1721 586 1759 sub
629 1721 708 1760 alio
748 1721 914 1760 nomine
957 1721 1160 1761 cecinerit.
1228 1718 1340 1767 Quid
1378 1734 1479 1761 vero
1518 1724 1553 1760 si

203 1799 318 1835 :unici
353 1794 565 1835 cuiusdam
595 1807 733 1833 amore
764 1801 874 1833 casto
905 1793 1192 1833 adumbrando
1221 1794 1413 1834 Tibullus
1441 1795 1551 1845 lusit,

203 1882 240 1909 ut
280 1880 370 1923 post
398 1871 601 1922 Vulpium
630 1871 846 1909 Huschkio
876 1868 1060 1922 placuit?
1119 1871 1206 1910 Iam
1235 1871 1410 1915 rusticae
1440 1873 1547 1912 vitae

202 1949 367 1986 (missas
398 1946 541 1984 laudes
570 1946 627 1984 ita
657 1944 848 1996 explices,
879 1952 924 1983 ut
954 1945 1134 1984 alienum
1161 1946 1211 1984 ab
1243 1958 1289 1983 ea
1313 1944 1422 1985 dicas
1449 1949 1549 1986 ami-

202 2038 288 2060 111111
326 2024 461 2070 1111550,
491 2021 759 2074 similiterque
791 2034 897 2074 quae
927 2020 977 2060 (le
1009 2021 1232 2072 elegantiae
1263 2020 1399 2061 studio
1429 2031 1549 2062 nota-

199 2112 329 2135 mnus
384 2098 554 2149 aliisque
599 2086 786 2137 sensibus
838 2097 1033 2148 diversis,
1089 2096 1140 2137 ad
1189 2112 1236 2137 ea
1285 2097 1549 2151 respondeas,

200 2172 399 2225 Lygdami
427 2174 639 2225 ingenium
667 2189 886 2227 moresque
918 2187 1148 2227 expressos.
1205 2175 1356 2214 Melius
1377 2175 1433 2214 ita
1454 2190 1548 2227 par-

202 2259 257 2288 tes
288 2260 373 2288 tuas
405 2264 497 2300 agas
528 2264 651 2303 quam
681 2250 941 2300 Huschkius,
984 2251 1056 2303 qui
1086 2250 1252 2289 nonnisi
1280 2250 1414 2289 sutilia
1443 2258 1548 2290 attu-

201 2326 245 2363 lit
273 2323 324 2362 ad
349 2325 588 2375 opinionem
618 2340 734 2366 suam
763 2325 1051 2366 stabiliendam
1081 2335 1119 2365 et
1150 2339 1255 2379 quae
1283 2324 1452 2377 indigna
1480 2341 1547 2366 re-

203 2400 400 2438 l'utatione
431 2401 549 2439 seria.
607 2402 765 2440 Tamen
794 2401 897 2440 nihil
921 2400 1094 2451 efficias3
1122 2401 1286 2440 obstant
1307 2401 1385 2439 alia
1407 2403 1546 2440 multa.

200 2476 305 2514 mm
339 2475 439 2528 quid
470 2484 529 2515 est
560 2477 672 2529 qnod
702 2478 878 2518 varietas
909 2477 1153 2527 affectuum,
1183 2477 1266 2526 viS,
1304 2476 1423 2526 vigor
1451 2477 1546 2514 uni-

199 2565 339 2589 xclfae
372 2550 621 2590 tractationis
652 2559 734 2591 tam
765 2552 968 2592 dissimilis
989 2552 1248 2591 Tibullianae
1272 2551 1423 2589 rationi
1451 2565 1544 2589 ner-

203 2641 346 2666 xwvsael
388 2637 425 2666 et
468 2636 605 2679 aperte
644 2628 781 2668 minor
819 2643 943 2682 quam
983 2629 1027 2667 111
1067 2626 1243 2678 elegidiis
1274 2627 1410 2679 quarti
1437 2626 1544 2675 libri,
