1721 2953
264 70 346 104 280
578 61 948 106 COMMENTAR.
979 64 1038 106 IN
1068 67 1295 107 'l‘lBULLI

264 192 350 224 pam
377 178 530 224 firmata
565 189 693 214 marm,
727 178 783 212 ubi
817 179 972 215 similiter
1006 180 1063 215 alii
1089 179 1256 226 formata
1283 180 1417 216 babent.
1445 202 1488 207 —
1530 195 1611 218 non

269 245 515 280 habitanda
548 245 704 287 Remo,
742 244 774 281 Ιι.
801 257 832 283 e.
865 259 953 292 quae
977 260 1054 284 cum
1079 250 1340 294 contempsisset
1362 250 1494 284 Remus
1519 255 1612 285 trau-

268 313 392 354 siliens‚
416 320 536 345 caesus
563 321 708 356 poenam
733 313 819 347 tulit.
854 313 934 349 L1v.
957 314 984 358 Ι,
1004 319 1045 349 7:
1079 314 1272 361 Vulgatior
1290 314 1400 361 fama
1425 321 1491 353 est,
1515 315 1612 348 ludi-

269 376 340 410 brio
356 376 496 422 fratris
518 379 664 410 Remum
689 389 796 412 novos
819 379 1044 413 transiluisse
1073 392 1212 417 muros,
1246 379 1326 413 inde
1351 379 1396 412 ab
1420 380 1514 413 irato
1537 381 1612 413 Ro-

267 440 379 483 mulo,
416 454 493 475 cum
518 441 632 476 verbis
657 455 794 490 qaoque
816 443 1032 490 increpitans
1065 444 1269 484 adiecisset,
1301 446 1360 480 Sic
1385 445 1506 479 deinde
1532 445 1612 492 qui-

265 521 399 555 vultque
424 508 519 542 alius
547 509 729 543 transiliet
753 510 889 544 moenia
914 523 1007 547 mea,
1030 511 1281 557 interfectum,
1308 513 1366 546 ubi
1391 513 1480 547 adde
1504 514 1612 547 inter-

265 579 368 618 prett.
428 576 518 609 Hinc
555 575 680 610 caedes
709 575 812 610 Remi
847 587 909 621 pro
946 576 1090 619 augurio
1127 576 1262 620 habita,
1299 578 1504 611 inviolabilia
1540 577 1612 611 fore

265 641 399 675 Romae
425 643 567 676 moenia.
618 644 697 679 Quo
733 645 903 689 pertinent
936 646 1145 679 Paopnnm
1179 644 1283 679 verba
1306 645 1369 686 ΙΙΙ,
1394 648 1429 686 9,
1453 648 1511 678 50.
1538 645 1613 678 lau·

266 710 344 743 data
369 711 435 744 iam
460 721 480 744 a
506 711 721 745 Crnnumo:
756 718 792 744 et
818 723 918 745 caeso
943 712 1079 745 moenia
1098 712 1213 757 firma
1245 713 1363 745 Remo.
1410 712 1506 746 Idem
1532 723 1612 746 vero

266 776 316 809 sic
340 776 510 810 scribens:
550 778 692 819 „urbem
725 782 859 823 septam
893 789 993 812 muro
1019 789 1062 813 ne
1095 779 1171 823 quis
1196 779 1514 822 transgrederetur,
1553 789 1614 823 per

265 843 468 888 supplicium
501 843 649 878 nondum
680 845 899 879 firmaverat“
936 846 1121 890 improprie
1155 847 1328 890 accipiens
1365 847 1495 881 Tibulli
1537 856 1615 879 ver-

268 910 347 943 bum
373 908 608 953 firmaverat,
647 914 685 944 ut
709 910 861 953 videtur,
900 912 1035 944 erravit.
1095 911 1252 945 Tibullus
1279 911 1497 955 firmaverat
1533 921 1615 956 pro-

268 977 340 1020 prie
374 977 481 1019 dixit,
518 981 557 1011 ut
590 977 802 1020 monuimus,
839 978 1096 1022 comprobatam
1131 988 1212 1011 vero
1249 989 1329 1011 mox
1368 978 1471 1011 etiam
1509 978 1616 1011 caede

267 1043 370 1076 Remi
414 1053 490 1078 esse
527 1044 810 1077 munimentorum
856 1043 1084 1076 inviolabilem
1128 1044 1363 1087 sanctitatem,
1417 1042 1480 1077 hoc
1525 1045 1616 1088 apud

267 1109 442 1144 Tibullum
475 1110 686 1154 significatur
720 1110 850 1144 verbis=
889 1121 958 1143 non
989 1108 1190 1142 habitanda
1215 1112 1341 1147 Remo,
1377 1114 1411 1144 et
1441 1111 1518 1144 vide
1553 1121 1615 1144 eu»

269 1176 489 1221 pliemismum
534 1177 717 1219 orationis,
766 1181 868 1221 poeta
916 1177 1120 1211 lenissimam
1167 1178 1372 1211 locutionem
1416 1182 1616 1222 usurpante.

267 1243 332 1276 Est
355 1254 437 1278 vero
470 1244 679 1277 consorti
705 1253 754 1288 pr.
782 1242 898 1285 fratri,
934 1247 973 1276 ut
997 1253 1102 1286 saepe
1128 1253 1195 1277 vox
1230 1243 1271 1276 de
1297 1243 1457 1277 fratribus
1491 1247 1526 1276 et
1558 1255 1616 1277 so-

267 1309 401 1344 roribus
434 1320 465 1344 ν.
497 1320 528 1343 c.
564 1311 674 1342 Ovm.
708 1309 794 1343 Met.
819 1309 882 1352 XI,
915 1312 995 1343 347.
1040 1308 1151 1353 Epist.
1187 1320 1230 1343 ex
1266 1310 1379 1343 Ponto
1409 1310 1471 1348 111,
1496 1312 1529 1349 2,
1559 1312 1615 1343 47.

268 1376 341 1409 Res
367 1379 446 1408 nota
473 1375 575 1408 etiam
601 1385 621 1406 a
648 1374 790 1408 Vunmo
816 1377 852 1406 et
877 1374 1028 1407 Humxo
1053 1375 1192 1409 monita.
1211 1392 1257 1399 -·
1292 1375 1335 1408 V.
1361 1377 1407 1408 25
1429 1385 1501 1417 sqq.
1551 1376 1616 1408 His

269 1440 421 1474 versibus
454 1444 491 1473 ut
527 1438 661 1473 babitus
695 1438 837 1473 istorum
874 1439 1038 1473 montium
1075 1438 1299 1482 describitur,
1334 1440 1382 1473 ita
1418 1441 1615 1485 pastoritiae

269 1507 359 1541 vitae
384 1506 600 1550 quotidianus
625 1517 726 1549 usus,
763 1507 820 1551 qui
846 1509 1000 1551 pastione
1033 1517 1177 1550 gregum
1208 1511 1242 1540 et
1267 1505 1473 1541 habitatione
1497 1509 1531 1541 in
1559 1512 1614 1540 tu-

269 1574 376 1616 guriis
407 1575 608 1608 continetur.
669 1573 833 1616 Sequitur
867 1581 956 1605 nuuc
989 1571 1132 1606 deorum
1165 1573 1298 1614 cultus;
1335 1572 1466 1605 videbis
1501 1577 1613 1606 autem

269 1641 400 1675 nonnisi
427 1641 623 1686 pastoritios
649 1640 731 1674 deos
756 1643 982 1683 memoratos,
1009 1643 1048 1673 ut
1072 1650 1133 1685 par
1160 1644 1222 1674 est.
1249 1657 1294 1663 --
1326 1639 1514 1672 suberat
1544 1640 1616 1672 ili-

269 1707 334 1741 eis
368 1707 568 1748 umbrae,
606 1706 717 1740 stabat
741 1706 804 1740 sub
830 1706 907 1740 ilice
933 1707 1069 1750 signum
1093 1705 1168 1748 dei,
1205 1716 1281 1740 cum
1307 1706 1376 1740 ilex
1401 1716 1498 1739 sacra
1525 1710 1616 1739 esset

269 1771 354 1815 deo,
377 1772 522 1806 docente
546 1774 674 1807 Vossxo
699 1773 742 1807 ad
768 1774 864 1816 virg.
887 1773 1010 1816 Eclog.
1036 1774 1114 1808 VII.
1143 1785 1175 1817 p.
1197 1775 1278 1807 361.
1296 1792 1342 1798 -
1367 1773 1506 1806 Lacte
1533 1784 1614 1806 ma-

271 1838 351 1872 den
363 1849 398 1880 s,
433 1839 660 1884 spargebatur
685 1840 774 1873 lacte
799 1840 934 1882 siguum
960 1849 1023 1884 pro
1048 1839 1238 1881 sacrificio,
1271 1842 1310 1872 ut
1333 1839 1436 1872 Pales
1461 1849 1561 1882 supra
1593 1839 1615 1879 l,

272 1908 302 1946 1,
327 1908 394 1939 36:
433 1911 468 1937 et
490 1905 671 1949 placidam
695 1905 787 1938 soleo
813 1917 978 1952 spargere
1003 1906 1097 1938 Iacle
1129 1905 1263 1940 Palem.
1288 1924 1334 1930 —
1373 1904 1460 1938 Mox
1495 1904 1615 1937 facta

271 1970 425 2012 lignea
461 1970 582 2004 falce
606 1971 761 2014 Pales,
796 1971 838 2007 cf.
865 1973 1054 2006 Pnopmm
1081 1973 1141 2014 lv,
1165 1974 1200 2014 2,
1225 1974 1290 2005 59:
1325 1970 1443 2015 Stipes
1468 1980 1615 2002 acernus

270 2047 365 2068 eram
388 2036 633 2079 (Vertumnus)
654 2035 863 2082 properanti
886 2036 983 2081 falce
1002 2037 1156 2071 dolatus.
1205 2037 1362 2070 Tibullus
1381 2034 1475 2069 addit
1492 2044 1615 2077 agre-

270 2103 351 2144 sti,
380 2101 412 2136 h.
435 2113 466 2137 e.
493 2104 602 2146 qualis
626 2104 819 2146 agrestibus
845 2102 999 2139 liabetur.
1050 2105 1172 2148 Neque
1199 2105 1286 2138 euim
1306 2105 1371 2137 alia
1397 2103 1538 2136 meliora
1562 2102 1614 2135 in-

269 2172 456 2203 strumenta
490 2170 543 2202 isti
581 2172 734 2213 pastores
767 2171 997 2215 possidebant.
1025 2190 1071 2196 —
1107 2171 1149 2205 V.
1175 2173 1221 2203 29
1247 2181 1297 2213 sq.
1335 2169 1438 2212 vagi
1465 2172 1615 2212 pasto-

270 2236 356 2278 ris,
391 2236 533 2270 errantis
568 2247 629 2280 per
661 2241 793 2271 montes
827 2242 862 2271 et
897 2240 1001 2272 valles
1035 2249 1111 2271 cum
1146 2237 1319 2281 gregibus.
1370 2235 1439 2269 Sed
1466 2244 1526 2268 cur
1551 2232 1614 2266 hoc

272 2301 423 2347 epitheto
449 2303 582 2336 utitur?
631 2305 779 2348 Propter
813 2306 912 2339 istam
948 2305 1146 2350 pastoritiae
1180 2305 1270 2338 vitae
1305 2303 1492 2341 rationem,
1526 2308 1614 2341 quae

271 2381 338 2404 uon
364 2369 466 2404 aedes
492 2371 578 2404 fixas
604 2371 744 2405 deorum
771 2377 924 2415 noverat,
948 2373 1006 2406 ubi
1032 2371 1272 2406 dedicarentur
1296 2368 1444 2408 donaria,
1469 2365 1528 2399 sed
1557 2365 1612 2398 ubi

271 2436 360 2470 forte
383 2440 599 2469 versarentur
624 2442 776 2471 errantes
801 2449 877 2473 cum
905 2450 1024 2482 grege,
1050 2438 1302 2483 suspendebant
1325 2437 1402 2468 rota
1428 2432 1489 2465 liae
1515 2432 1614 2464 illave

271 2503 301 2535 in
332 2501 524 2535 arbore.-—
552 2507 718 2545 votum,
743 2504 785 2537 cf.
804 2505 992 2538 Pnopnwr.
1013 2505 1072 2546 lv,
1087 2507 1120 2546 3,
1137 2506 1200 2536 1⁷:
1227 2499 1384 2535 omnibus
1411 2499 1476 2530 lzeu
1498 2497 1615 2541 portis

268 2567 416 2611 pendeas
446 2579 520 2600 med
546 2567 653 2601 ›um-ia
681 2575 782 2606 sola,
820 2570 851 2605 h.
881 2582 910 2605 e.
946 2571 1033 2603 dona
1060 2570 1188 2604 votiva,
1225 2567 1384 2601 laudante
1413 2566 1613 2603 liuscnmo,
