1721 2953
271 132 336 180 78
662 127 906 174 TIBULLI
950 127 1061 174 Llss.
1089 127 1160 176 IV.
1192 135 1225 172 1.

353 255 412 301 At
443 265 517 300 tua
553 270 645 299 non
681 250 833 298 titulus
872 252 1016 317 capiet
1051 252 1135 299 sub
1172 249 1354 298 nominc
1387 248 1528 305 facta,

352 342 548 390 Aeterno
579 339 659 386 scd
696 350 827 386 crunt
859 339 940 386 tibi
970 357 1135 402 magna
1170 337 1398 385 volumina
1428 353 1583 391 versu,

296 426 715 490 35Convenientque
748 437 846 473 tuas
884 425 1037 490 cupidi
1073 442 1341 489 componere
1373 422 1529 469 laudes

344 513 557 577 Undique
580 511 746 577 quique
774 523 934 559 canent
955 511 1102 558 vincto
1132 509 1246 576 pede
1275 509 1440 575 quique
1467 506 1624 554 soluto.

356 599 472 662 Quis
505 599 680 664 potior,
727 608 949 645 certamen
986 596 1093 643 crit:
1150 596 1233 643 sim
1269 595 1410 642 victor
1442 594 1489 640 in
1525 592 1627 649 illis,

356 687 420 733 Ut
453 696 658 731 nostrum
690 683 823 730 tantis
857 682 1103 729 inscribam
1137 700 1302 728 nomen
1337 681 1384 727 in
1418 680 1539 727 actis.

423 772 539 818 Nam
573 770 672 836 quis
702 782 742 817 te
776 769 950 816 maiora
992 768 1106 831 gerit
1142 767 1351 815 castrisve
1386 765 1571 812 forove?

310 859 458 905 40Nec
494 870 641 905 tamen
671 855 745 904 hic
776 868 851 903 aut
873 852 946 902 hic
972 855 1054 902 tibi
1078 853 1175 901 laus
1200 853 1395 900 maiorve
1417 851 1631 909 minorve,

362 945 485 990 Iusta
520 943 619 1008 pari
654 942 873 1007 premitur
907 939 1040 988 veluti
1078 959 1178 987 cum
1212 938 1413 1004 pondere
1449 937 1589 993 libra,

357 1030 509 1076 Prona
539 1047 621 1076 nec
658 1027 742 1074 hac
767 1027 869 1092 plus
899 1038 1024 1092 parte
1055 1025 1178 1073 sedet
1197 1043 1279 1071 nec
1305 1023 1448 1086 surgit
1467 1023 1522 1069 ab
1543 1021 1631 1078 illa,

361 1113 535 1176 Qualis,
565 1114 853 1178 inaequatum
871 1112 907 1158 si
925 1111 1108 1176 quando
1127 1128 1240 1156 onus
1261 1119 1390 1171 urget
1408 1107 1634 1172 utrinque,

360 1199 588 1246 Instabilis
624 1211 747 1245 natat
783 1197 952 1245 alterno
992 1196 1248 1261 depressior
1278 1194 1399 1241 orbe.

307 1293 353 1330 45
433 1286 548 1331 Nam
582 1303 660 1331 seu
698 1283 860 1330 diversi
896 1283 1054 1328 fremat
1089 1279 1389 1328 inconstantia
1424 1277 1569 1341 vulgi,

364 1372 468 1417 Non
505 1369 618 1416 alius
655 1369 812 1415 sedare
849 1379 1005 1433 queat:
1058 1385 1136 1413 seu
1170 1366 1331 1412 iudicis
1366 1366 1432 1411 ira

363 1457 432 1503 Sit
466 1455 714 1521 placanda,
758 1455 845 1501 tuis
880 1453 1043 1518 poterit
1074 1452 1304 1499 mitescere
1340 1450 1500 1497 verbis,

367 1545 469 1589 Non
505 1542 642 1610 Pylos
679 1554 755 1589 aut
789 1541 938 1588 Ithace
974 1551 1120 1586 tantos
1159 1538 1366 1601 genuisse
1400 1537 1607 1582 seruntur

368 1630 557 1675 Nestora
592 1628 659 1676 vel
692 1646 854 1693 parvae
891 1645 1105 1689 magnum
1144 1624 1279 1670 decus
1311 1623 1438 1669 urbis
1464 1622 1641 1678 Ulixen,

311 1714 535 1761 50Vixerit
568 1713 640 1760 ille
665 1731 798 1760 senex
833 1711 1048 1777 quamvis,
1086 1710 1193 1756 dum
1219 1721 1345 1755 terna
1375 1726 1457 1772 per
1485 1707 1639 1753 orbem

379 1799 567 1847 Saecula
596 1799 818 1846 fertilibus
853 1798 987 1844 Titan
1023 1796 1279 1843 decurreret
1312 1793 1460 1850 horis,

370 1889 448 1936 Ille
485 1906 566 1952 per
602 1887 778 1949 ignotas
815 1883 962 1930 audax
998 1882 1209 1929 erraverit
1243 1880 1407 1935 urbes,

375 1975 478 2037 Qua
511 1972 646 2019 maris
685 1969 889 2016 extremis
925 1967 1054 2014 tellus
1088 1966 1335 2013 includitur
1370 1963 1518 2010 undis.

374 2062 488 2107 Nam
523 2058 829 2120 Ciconumque
861 2072 1021 2100 manus
1056 2053 1252 2099 adversis
1277 2049 1475 2116 reppulit
1496 2048 1644 2104 armis,

392 2285 434 2320 V.
451 2287 508 2319 33.
543 2284 657 2326 Vulgo
687 2286 888 2322 stemmate,
922 2279 1012 2323 quod
1042 2278 1166 2312 habent
1195 2278 1310 2311 I'rALI.

392 2369 436 2403 V.
451 2371 507 2401 39.
542 2367 645 2400 Nam
677 2365 776 2408 quis
809 2368 850 2397 te
884 2364 1008 2397 Come.
1031 2374 1112 2396 vm.
1164 2361 1278 2394 Ceteri
1304 2358 1397 2392 vario
1422 2355 1524 2390 modo
1547 2355 1648 2388 aber-

301 2438 387 2469 rant.
413 2451 457 2457 —-
507 2434 620 2466 V.40.
656 2431 724 2464 hic
760 2434 834 2462 aut
868 2429 938 2463 hic
971 2429 1095 2462 Cumc.
1123 2437 1203 2460 rur.
1232 2426 1367 2467 aliique.
1418 2423 1532 2463 Vulgo
1566 2420 1649 2452 hinc

302 2506 367 2533 aut
400 2497 480 2531 hinc
512 2498 642 2529 incerto
675 2499 826 2529 auctore.

396 2584 438 2618 V.
455 2584 513 2618 51.
547 2580 567 2614 d
578 2592 596 2615 e
606 2592 624 2615 c
635 2591 656 2614 u
668 2590 682 2613 r
694 2591 710 2613 1·
720 2591 738 2614 e
748 2584 815 2614 ret
844 2583 948 2613 recte.
999 2575 1191 2611 decurrerit
1217 2586 1247 2610 c.
1272 2575 1375 2607 Anno
1399 2573 1595 2606 Scnffaun.
