1721 2953
518 137 761 186 TIBULLI
808 137 920 187 LIB.
951 139 1026 185 ΙΙΙ.
1053 147 1088 185 4.
1414 145 1477 192 67

183 262 362 309 Efficiat
394 277 531 308 vanos
567 259 710 305 noctis
739 259 912 307 Lucina
947 260 1128 308 timores

249 348 304 394 Et
335 346 500 392 frustra
536 345 794 392 inmeritum
829 346 1113 412 pertimuisse
1148 346 1274 405 velit,

134 432 238 479 15Si
274 449 373 477 mea
415 449 497 477 nec
535 431 655 494 turpi
692 450 817 478 mens
853 444 918 478 est
953 433 1147 481 obnoxia
1181 433 1299 481 facto

245 517 337 562 Nec
373 515 500 562 laesit
534 535 722 579 magnos
763 517 903 582 impia
942 518 1098 582 lingua
1135 520 1255 567 deos.

179 602 273 647 Iam
305 602 405 648 Nox
441 601 686 649 aetherium
722 588 865 667 nigris
903 623 1083 652 emensa
1122 606 1355 671 quadrigis

247 688 474 735 Mundum
511 689 714 736 caeruleo
750 689 916 737 laverat
949 710 1078 738 amne
1113 703 1256 749 rotas,

181 775 273 822 Nec
308 793 378 821 me
414 775 610 840 sopierat
644 777 782 823 menti
819 777 929 824 deus
966 777 1087 824 utilis
1124 797 1308 842 aegrae:

131 873 178 907 20
254 863 452 909 Somnus
488 863 699 911 sollicitas
737 864 887 912 deficit
923 877 1023 912 ante
1061 866 1235 912 domos.

183 949 408 1007 Tandem,
439 969 540 997 cum
572 969 748 998 summo
778 951 991 998 Phoebus
1023 952 1254 1017 prospexit
1282 953 1338 1000 ab
1368 965 1482 1011 ortu,

251 1035 421 1081 Pressit
455 1035 709 1100 languentis
752 1036 922 1084 lumina
959 1056 1057 1084 sera
1095 1039 1234 1103 quies.

185 1119 270 1166 Hic
308 1120 480 1168 iuvenis
516 1134 635 1169 casta
674 1122 907 1169 redimitus
949 1135 1152 1188 ’tempora
1186 1124 1315 1171 lauro

250 1206 331 1253 Est
363 1207 484 1253 visus
520 1219 674 1255 nostra
708 1227 877 1273 ponere
914 1209 1019 1255 sede
1055 1209 1230 1274 pedem.

134 1292 295 1338 25N0n
331 1291 407 1338 illo
445 1293 686 1357 quicquam
723 1294 965 1339 formosius
1003 1294 1093 1340 ulla
1128 1295 1332 1359 priorum

249 1378 409 1436 Aetas,
454 1378 703 1425 humanum
737 1398 819 1426 nec
855 1379 975 1426 videt
1012 1379 1126 1426 illud
1164 1400 1290 1446 opus.

187 1465 362 1511 Intonsi
399 1464 543 1511 crines
585 1463 721 1528 longa
758 1465 926 1512 cervice
962 1465 1184 1524 fluebant,

256 1549 462 1596 stillabat
497 1550 630 1618 Syrio
669 1562 840 1618 myrtea
873 1570 973 1598 rore
1012 1571 1151 1599 coma.

188 1636 371 1682 Candor
407 1648 521 1694 erat,
564 1636 741 1702 qualem
777 1637 973 1702 praefert
1008 1638 1200 1684 Latonia
1235 1639 1386 1695 Luna,

135 1735 181 1769 30
259 1724 316 1770 Et
351 1723 474 1770 color
508 1724 555 1770 in
591 1724 720 1770 niveo
759 1743 946 1788 corpore
983 1744 1262 1790 purpureus⁷

195 1810 256 1855 Ut
291 1809 439 1855 iuveni
476 1809 672 1874 primum
709 1810 834 1874 virgo
873 1810 1065 1858 deducta
1105 1812 1266 1858 marito

256 1893 461 1941 Inficitur
494 1906 669 1942 teneras
710 1915 786 1943 ore
825 1896 1016 1943 rubente
1053 1915 1215 1960 genas,

137 2100 271 2134 duntur.
322 2101 484 2135 Profecto
510 2101 573 2136 hoc
600 2103 653 2136 vel
678 2103 732 2136 At
763 2109 881 2136 tamen
916 2104 1097 2147 legendum
1125 2105 1350 2149 oppositionis
1377 2115 1489 2139 causa.

136 2165 298 2199 Ceterum
331 2166 373 2199 de
405 2166 602 2201 confusione
637 2168 855 2202 formularum
883 2170 932 2201 Et
958 2176 1075 2202 tamen
1100 2174 1135 2203 et
1161 2170 1232 2202 Sed
1265 2176 1383 2202 tamen
1411 2171 1487 2202 vido

137 2232 279 2275 primam
305 2232 491 2266 Bmwmm
517 2238 669 2268 annotat.
689 2234 731 2267 ad
752 2235 922 2268 TERENT.
943 2253 989 2260 —
1015 2236 1184 2268 moneri
1206 2236 1363 2269 meliores
1385 2240 1488 2269 reete.

138 2297 191 2330 ΛΙ.
218 2297 372 2330 monenti
402 2299 501 2332 male.
551 2299 620 2332 Sed
649 2310 699 2343 pr.
733 2300 804 2333 illi
835 2300 968 2333 videtur
999 2300 1071 2332 illis
1102 2301 1329 2334 scribendum.

233 2382 276 2415 V.
293 2383 349 2416 14.
381 2393 401 2425 p
413 2392 431 2415 e
442 2382 540 2415 rtim
552 2382 619 2415 uis
631 2393 645 2414 s
657 2393 675 2416 e
706 2383 835 2426 optimi.
895 2384 1010 2426 Vulgo
1043 2384 1303 2427 praetinzaisse,

232 2465 274 2498 V.
289 2467 347 2498 25.
363 2468 421 2499 26.
456 2471 634 2509 corruptus
660 2467 765 2499 locus.
786 2485 829 2490 —
878 2468 920 2501 V.
936 2470 993 2501 28.
1021 2468 1245 2501 stillabat
1275 2469 1348 2502 libri
1376 2480 1493 2503 omnes

139 2529 306 2564 meliores.
355 2529 525 2573 spirabat
556 2532 655 2575 pauci
687 2532 895 2574 deteriores,
928 2533 1018 2576 quod
1050 2539 1160 2567 tamen
1188 2535 1334 2578 probant
1360 2537 1491 2569 Passu-

140 2604 290 2634 erms,
327 2595 493 2636 Vossms,
527 2597 865 2640 Wmvnnnmcmns,
900 2599 1072 2632 Bicums.

1061 2663 1088 2704 5
1114 2664 1133 2690 ᾇ
