1721 2953
285 122 350 170 74
681 115 923 162 TIBULLI
969 115 1078 161 Lm.
1103 115 1177 161 III.
1204 124 1236 160 6.

337 243 506 309 Quales
539 242 608 289 his
644 257 813 306 poenas
845 239 989 305 qualis
1026 250 1310 306 quantusque
1346 237 1559 295 minetur,

406 330 625 377 Cadmeae
654 326 809 373 matris
844 326 1012 392 praeda
1048 338 1231 374 cruenta
1270 325 1411 374 docet.

285 430 330 464 25
345 415 433 464 Sed
454 412 613 479 procul
633 431 657 459 a
676 412 808 459 nobis
830 411 904 460 hic
929 413 985 459 sit
1005 412 1151 470 timor,
1187 411 1365 477 illaque⁷
1401 410 1531 476 siqua
1553 420 1630 465 est⁷

409 499 538 559 Quid
573 497 716 544 valeat
749 497 856 545 laesi
891 498 1052 545 sentiat
1085 498 1152 545 ira
1187 497 1270 544 dei.

340 584 467 647 Quid
502 602 664 649 precor
697 583 754 630 ah
789 583 1002 631 demens?
1056 583 1174 630 venti
1210 582 1444 629 temeraria
1478 592 1602 637 vota,

403 669 564 716 Aeriae
602 681 644 716 et
675 669 820 716 nubes
862 668 1117 734 diripienda
1150 668 1308 715 ferant.

343 754 561 817 Quamvis
593 753 717 802 nulla
754 754 842 801 mei
877 765 1082 819 superest
1118 754 1197 800 tibi
1235 771 1366 810 cura,
1409 753 1604 808 Neaera,

286 849 333 883 30
411 840 482 887 Sis
519 839 649 900 felix,
692 851 734 886 et
768 839 856 887 sint
893 839 1088 886 candida
1119 839 1210 886 fata
1246 850 1334 885 tua.

339 926 400 972 At
430 944 514 972 nos
549 943 732 973 securae
766 924 1012 972 reddamus
1046 937 1250 990 tempora
1284 940 1489 970 mensae:

402 1010 539 1058 Venit
571 1022 675 1075 post
707 1009 872 1058 multos
903 1029 994 1058 una
1026 1028 1183 1057 serena
1219 1009 1328 1055 dies.

340 1095 425 1142 Hei
454 1095 593 1153 mihi,
642 1095 825 1143 difficile
863 1106 928 1143 est
965 1095 1131 1142 imitari
1164 1094 1330 1157 gaudia
1364 1092 1502 1150 falsa,

407 1181 603 1229 Difficile
640 1193 705 1229 est
740 1180 854 1227 tristi
886 1179 1056 1244 fingere
1091 1190 1240 1227 mente
1270 1179 1444 1235 iocum,

290 1281 336 1315 3-5
350 1269 442 1315 Nec
476 1268 592 1314 bene
625 1266 832 1314 mendaci
864 1266 982 1313 risus
1017 1265 1303 1331 componitur
1332 1283 1432 1320 ore,

406 1355 500 1400 Nec
534 1353 650 1399 bene
684 1351 884 1398 sollicitis
922 1351 1046 1398 ebria
1081 1351 1217 1397 verba
1249 1361 1424 1397 sonant.

348 1439 475 1502 Quid
511 1456 676 1504 queror
708 1436 891 1483 infelix?
931 1448 1083 1500 turpes
1117 1435 1331 1482 discedite
1368 1452 1523 1481 curae:

417 1526 529 1573 Odit
555 1526 758 1573 Lenaeus
794 1522 937 1569 tristia
968 1521 1105 1568 verba
1138 1532 1276 1586 pater.

347 1611 546 1668 Gnosia,
593 1610 793 1656 Theseae
830 1607 1059 1672 quondam
1088 1607 1286 1672 periuria
1319 1606 1499 1670 linguae

291 1708 339 1744 40
417 1695 597 1743 Flevisti
632 1695 787 1757 ignoto
824 1692 919 1739 sola
950 1692 1102 1739 relicta
1137 1692 1274 1739 mari:

344 1783 419 1830 Sic
456 1781 616 1829 cecinit
649 1799 733 1845 pro
769 1790 810 1825 te
847 1778 1034 1836 doctus‚
1074 1778 1244 1835 Minoi,
1288 1776 1486 1824 Catullus

411 1866 582 1930 Ingrati
612 1865 812 1912 referens
848 1864 988 1928 impia
1022 1862 1139 1910 sacta
1173 1863 1268 1909 viri.

346 1956 438 2000 Vos
477 1970 559 2015 ego
595 1969 716 1997 nunc
753 1967 938 1996 moneo:
989 1948 1116 2005 felix,
1159 1947 1416 2013 quicunque
1449 1946 1602 1993 dolore

411 2036 608 2084 Alterius
645 2036 789 2084 disces
825 2052 957 2101 posse
994 2051 1145 2081 cavere
1176 2045 1265 2080 tuo.

389 2178 430 2212 V.
449 2180 494 2211 33
518 2188 592 2220 sqq.
637 2176 727 2209 Hinc
760 2185 884 2208 novum
919 2183 1054 2207 carmen
1087 2173 1264 2207 ordiuntur
1295 2173 1372 2206 libri
1405 2176 1440 2205 et
1474 2171 1638 2205 editiones

293 2247 372 2277 ante
397 2243 608 2283 Munnrunx,
643 2242 701 2284 qui
726 2244 819 2274 recte
846 2239 1041 2281 coniunxit,
1074 2241 1284 2272 Senum-:Ro
1312 2238 1533 2280 obsequente.

388 2315 503 2348 V.44.
537 2314 651 2355 Vulgo
686 2323 802 2344 carere
837 2321 914 2344 cum
948 2311 1045 2343 bonis
1078 2311 1182 2343 libris.
1231 2309 1302 2343 Sed
1329 2318 1490 2342 cavere
1515 2306 1640 2339 habent

295 2380 468 2424 Excerpta
495 2381 663 2420 Sciam„
700 2377 818 2411 Codex
845 2378 969 2410 Come.
995 2388 1097 2418 vn'r„
1128 2376 1302 2419 Excerpta
1325 2376 1511 2414 Fmsmc„
1545 2373 1638 2406 Vm—

298 2456 472 2486 enwrms,
508 2444 597 2487 quod
624 2455 713 2476 nnnc
739 2443 853 2486 recepi
882 2442 1046 2475 suadente
1074 2441 1174 2474 etiam
1201 2441 1442 2473 Licnmm'NO.
1469 2456 1512 2461 --
1562 2442 1638 2470 tuo

298 2513 415 2556 optimi
441 2510 530 2554 apud
552 2511 812 2542 Licnmmmmu
838 2518 954 2540 omnes
979 2511 1014 2540 et
1037 2517 1123 2539 nunc
1149 2506 1248 2538 etiam
1275 2504 1449 2547 Excerpta
1470 2504 1636 2537 Fmsmc.

297 2585 398 2610 tuum
431 2587 509 2610 xero
536 2575 709 2617 Excerpta
737 2576 882 2607 Sumo.
911 2578 943 2607 et
971 2573 1151 2607 vinci-mu
1178 2571 1336 2603 Bmmov.
