1721 2953
254 95 335 130 266
565 89 937 133 (ῘΟΜΜΕΝΤΛΠ.
966 91 1026 133 ΙΝ
1057 90 1286 135 TIBULLI

253 204 526 245 affectibus,
563 213 655 237 cum
691 213 771 238 non
807 206 1021 241 videatur
1052 208 1134 243 lioc
1169 210 1296 244 modo
1328 222 1587 247 commorer

252 282 385 315 posse
411 262 636 312 Nemesis,
671 281 717 304 se
742 272 972 308 submittit
999 276 1197 319 imperio
1225 276 1451 320 dominae,
1485 279 1597 313 offe-

250 347 351 370 rens
375 335 489 379 quod
516 336 817 378 carissimum,
843 342 886 371 et
909 340 1113 373 tolerare
1139 345 1342 384 paratum
1368 353 1415 376 se
1438 343 1597 376 dicens

249 403 587 445 gravissimum,
620 403 735 446 quod
771 404 1047 449 imposuerit
1079 408 1254 451 puella,
1287 409 1324 442 si
1350 408 1477 442 modo
1504 409 1598 453 pla-

250 467 351 501 cida
384 468 454 502 sit.

343 536 384 568 V.
402 539 448 568 52
474 547 547 580 sqq.
573 537 707 571 Illius
734 539 853 581 lege,
880 538 1132 573 conditionibus
1157 540 1198 573 ab
1226 540 1281 574 illa
1310 541 1530 585 praescriptis
1557 544 1595 573 ut

248 611 386 635 nnniera
410 603 561 636 afferam.
614 605 685 634 Lex
711 603 753 637 de
778 604 1027 638 conditionibus
1053 606 1242 649 puellarum
1269 611 1321 640 est
1347 617 1376 639 v.
1398 617 1429 640 c.
1454 607 1594 640 mer.

247 667 340 700 Asin.
366 667 392 709 1,
418 671 451 710 3,
479 671 533 701 15.
568 673 603 702 et
633 672 690 703 81.
737 671 923 705 Paopssnr.
949 672 1010 713 IV,
1035 674 1070 713 8,
1096 674 1153 705 74.
1181 690 1224 696 -—-
1271 672 1340 704 lte
1373 672 1450 705 sub
1485 674 1594 706 titu—

245 736 343 768 lum.
407 736 475 770 Qui
501 736 604 769 aedes
629 748 707 770 suas
735 739 881 772 vendere
906 739 1060 780 volebat,
1095 738 1197 772 affixa
1224 738 1337 771 tabula
1365 749 1392 772 s.
1419 738 1516 771 titulo
1542 738 1596 771 in«

244 800 379 833 dicabat
416 803 711 845 praetereuntibus
747 805 883 837 venales
916 815 974 838 eas
1007 814 1103 845 esse,
1140 804 1182 837 cf.
1219 804 1375 837 SAnms.
1410 803 1453 836 de
1489 803 1595 836 Modo

244 867 385 900 Usurar.
410 878 439 902 c.
470 871 525 901 15.
551 872 586 902 et
610 869 724 902 Vama
751 869 792 902 ad
816 868 848 902 li.
868 871 890 903 Ι.
930 870 1146 902 Huscmcms
1172 870 1274 902 etiam
1301 869 1428 902 Omen.
1454 867 1497 901 de
1524 868 1593 901 Off.

243 931 306 973 111,
342 935 398 964 13.
436 932 522 965 adiri
556 933 660 967 iubet.
722 935 855 967 Dicitur
889 945 944 967 res
979 935 1204 978 proscriptio,
1252 939 1289 967 ut
1327 934 1410 967 satis
1448 937 1592 966 constat.

245 999 362 1033 Quare
384 1008 523 1032 sensus:
548 999 660 1032 subite
686 1000 979 1043 proscriptionem,
1006 1000 1245 1041 venditionem⁷
1271 1001 1389 1032 LareS.
1440 1000 1489 1032 Ac
1510 1009 1592 1031 cou-

242 1062 356 1096 serunt
389 1074 467 1097 cum
499 1064 672 1098 Lrermo
707 1063 762 1097 liic
796 1065 905 1097 Ovm.
940 1065 1042 1099 Rern.
1071 1066 1147 1099 Am.
1173 1068 1263 1098 301:
1302 1065 1403 1096 Illud
1433 1070 1467 1096 et
1503 1064 1596 1096 illud

242 1128 348 1161 habet
364 1152 371 1166 ,
409 1142 470 1163 nec
501 1142 543 1162 ea
578 1135 744 1162 contenta
770 1129 898 1174 rapina
924 1127 995 1161 Sub
1021 1128 1169 1163 titulum
1194 1136 1331 1162 nostros
1358 1129 1453 1162 misit
1479 1140 1593 1162 (zvara

240 1198 374 1228 lares¹
408 1197 465 1229 ubi
490 1197 568 1230 vide
592 1196 794 1231 Hnmsmm.
843 1197 979 1230 Dictum
1007 1206 1088 1229 vero
1115 1196 1237 1230 Latine
1263 1197 1333 1238 ire,
1368 1198 1500 1230 mittere
1529 1198 1592 1230 sub

242 1263 390 1304 titulum,
415 1268 453 1296 ut
477 1264 538 1304 ire,
568 1264 704 1296 mittere
730 1264 793 1297 sub
819 1264 949 1306 iugum.
1000 1264 1116 1297 Etiam
1143 1264 1225 1296 illud
1248 1264 1323 1308 ipse
1348 1265 1465 1305 sentis,
1490 1275 1591 1307 quam

241 1331 327 1363 bene
362 1331 394 1363 in
429 1331 487 1364 tali
523 1332 689 1363 sententia
724 1331 830 1363 Lares
858 1341 908 1374 pr.
934 1330 1078 1363 aedibus
1104 1335 1163 1363 aut
1189 1331 1328 1374 praedio
1354 1331 1519 1363 dicantur.
1546 1349 1589 1354 —

238 1396 319 1428 sub
356 1396 601 1438 imperium.
652 1395 849 1428 Creditores
885 1395 1073 1437 debitoris,
1112 1396 1168 1437 qui
1203 1395 1337 1428 solvere
1370 1406 1435 1428 non
1464 1401 1589 1439 posset,

238 1465 431 1504 praetorem
466 1460 624 1502 adibant,
660 1464 696 1492 ut
721 1460 753 1492 in
781 1460 867 1492 bona
902 1461 1137 1501 mitterentur,
1173 1470 1261 1502 quae
1287 1459 1412 1492 deinde
1439 1461 1592 1493 auctori·

239 1530 311 1558 tate
349 1526 515 1569 praetoris
551 1526 650 1558 etiam
689 1524 835 1558 vendere
873 1525 1018 1566 licebat,
1057 1525 1100 1558 cf.
1137 1525 1346 1559 Tflssornlr„
1386 1527 1589 1559 ANTECESS.

239 1592 318 1628 libr.
340 1592 402 1625 111.
427 1592 477 1624 tit.
497 1591 575 1626 XII.
597 1604 628 1635 p.
645 1594 725 1624 610.
750 1592 789 1625 P.
813 1596 847 1624 et
867 1593 950 1625 GAI.
976 1591 1086 1623 instit.
1107 1592 1169 1633 111,
1190 1595 1246 1624 79.
1273 1604 1305 1635 p.
1324 1594 1406 1624 230.
1433 1592 1586 1626 Goesch.

238 1659 334 1691 Talis
360 1659 386 1690 si
414 1657 465 1690 liic
491 1662 581 1691 esset
607 1669 680 1700 res,
719 1659 896 1702 imperium
933 1658 1103 1701 praetoris
1138 1658 1283 1700 intelligi
1315 1657 1458 1690 deberet
1483 1658 1589 1690 notis-

236 1727 322 1760 simo
349 1737 411 1759 usu
439 1726 539 1758 vocis.
590 1725 659 1758 Sed
686 1725 827 1759 inferres
847 1724 936 1768 quod
960 1736 1026 1758 non
1054 1725 1141 1757 inest
1167 1725 1199 1757 in
1225 1723 1289 1758 hoc
1314 1725 1403 1759 loco.
1453 1725 1490 1758 Si
1517 1725 1590 1759 Ne-

237 1793 339 1825 mesis
367 1793 461 1835 plura
487 1795 520 1823 et
546 1791 674 1824 maiora
696 1801 834 1823 munera
859 1792 1021 1834 postulet,
1047 1792 1150 1825 etiam
1176 1791 1355 1834 praedium
1381 1801 1479 1824 suum
1505 1802 1588 1825 ven-

237 1858 319 1891 dere
349 1859 419 1890 vult
444 1857 622 1898 TIbullus,
648 1860 686 1889 ut
710 1855 833 1889 habeat
857 1856 946 1889 unde
971 1857 1158 1890 satisfaciat
1187 1857 1370 1890 avaritiae:
1404 1855 1468 1890 hoc
1494 1857 1588 1899 dicit,

237 1924 280 1959 de
317 1925 544 1959 creditoribus
579 1928 612 1957 et
647 1923 783 1966 publica
817 1925 974 1957 auctione
1010 1925 1121 1957 millus
1155 1923 1208 1957 hic
1244 1935 1368 1958 Serme.
1427 1925 1589 1968 Opponat

236 1992 343 2025 alius:
381 1991 495 2031 „Vere
520 1993 556 2021 tu
583 1987 685 2030 llaec,
709 1988 770 2021 sed
797 1989 863 2022 alio
889 1989 991 2022 morlo
1015 1990 1183 2032 praetoris
1209 1990 1388 2033 imperium
1415 1990 1588 2032 intelliga-

237 2068 322 2091 mus.
372 2056 490 2089 Titulo
518 2055 621 2087 affixo
649 2055 778 2088 invitati
802 2056 937 2088 veniant
963 2060 1132 2097 emtores,
1158 2056 1282 2089 vendat
1306 2057 1483 2098 Tibullus3
1519 2058 1586 2091 iani

235 2124 278 2156 ad
301 2127 491 2167 praetorem
513 2122 619 2162 ibunt,
646 2126 683 2154 ut
704 2123 805 2155 etiam
830 2123 862 2155 in
888 2123 960 2156 iure
987 2124 1096 2156 cessio
1120 2125 1178 2156 fiat
1204 2128 1238 2156 et
1264 2128 1401 2167 praetor
1425 2125 1587 2157 solemni-

235 2195 288 2222 ter
323 2189 457 2221 nddicat
492 2176 666 2231 praedium
703 2188 862 2220 emtori.“
922 2188 1045 2223 Audio,
1097 2190 1141 2221 At
1177 2189 1265 2221 enim
1302 2199 1390 2222 nunc
1424 2190 1586 2222 intolera—

236 2257 303 2287 bile
335 2254 657 2297 liysteronproteron
694 2252 914 2294 habebimus,
950 2264 1025 2286 cum
1061 2252 1194 2285 titulus
1221 2252 1273 2287 liic
1305 2258 1382 2297 post
1406 2253 1584 2297 imperium

234 2321 447 2361 nominetur,
481 2319 511 2353 li.
538 2330 567 2352 e.
605 2331 647 2353 ex
683 2321 738 2354 illa
773 2321 904 2353 ratione
943 2325 994 2353 est
1030 2321 1182 2353 venditio
1219 2325 1297 2364 post
1330 2320 1515 2353 cessionem
1551 2319 1583 2352 in

232 2388 329 2427 iure,
355 2397 454 2428 quam
480 2390 592 2418 tamen
620 2387 825 2428 praecessit3
861 2385 1052 2419 huiusmodi
1087 2386 1168 2429 quid
1195 2387 1297 2419 etiam
1324 2386 1356 2418 in
1382 2385 1476 2427 poesi
1503 2384 1582 2418 ferri

233 2452 369 2493 nequit,
405 2451 482 2492 qnia
518 2455 634 2483 contra
671 2452 836 2484 rationem
871 2456 924 2484 est
949 2462 1016 2484 res.
1066 2452 1164 2484 Haec
1189 2461 1265 2484 cnm
1293 2451 1337 2482 ita
1363 2450 1451 2490 sint,
1488 2454 1583 2493 patet

234 2527 347 2549 errare
375 2516 510 2548 omnino
545 2517 600 2557 qui
636 2516 677 2549 dc
714 2518 881 2560 praetoris
917 2517 1059 2560 imperio
1095 2516 1146 2549 liic
1181 2516 1355 2558 cogitant;
1392 2520 1442 2548 est
1471 2517 1582 2559 potius

233 2583 330 2615 unice
366 2593 442 2614 reru
482 2582 594 2615 Vos-<11
631 2584 817 2623 sententia,
854 2583 909 2624 qui
938 2583 1072 2626 puellae
1098 2581 1254 2623 intelligit
1284 2581 1470 2624 imperium.
1523 2583 1582 2615 Sic
