1721 2953
587 107 639 145 'sl
648 103 828 145 BULLI.
1235 117 1389 141 cnxxxi

39 231 222 274 poterat,
271 235 361 261 cum
402 218 595 259 maritum
637 217 806 257 haberet
851 216 985 256 Delia.
1062 214 1143 256 Sed
1188 213 1387 256 vividioro

37 311 160 338 sensu
193 296 382 338 directius
414 303 454 334 et
486 294 684 334 intentius
716 294 922 346 loquitur,
963 291 1076 346 quod
1114 290 1156 332 fit
1193 303 1388 343 praesen-

36 372 145 412 tibus
174 370 447 422 temporibus,
482 384 556 409 nec
586 383 703 408 rarus
735 368 800 408 hic
831 382 950 416 usus,
986 375 1029 408 ut
1063 375 1205 407 notant
1234 366 1306 419 qui
1337 364 1386 405 de

34 446 270 487 huiusmodi
302 447 427 486 rebus
463 445 586 485 hodie
621 445 822 485 scribunt.
891 445 991 484 'fale
1023 453 1082 485 est
1111 443 1386 495 Virgilianum

32 521 133 561 illud
181 522 441 562 notissimum
488 521 593 561 Aen.
632 521 755 571 VIII,
794 524 900 560 560:
959 522 993 560 Ο
1039 522 1130 560 milei
1168 523 1387 574 praeter-ilos

32 598 169 650 reserat
197 602 232 638 si
257 599 422 652 Iuppiter
454 596 588 638 annos!
631 606 671 638 et
702 598 781 638 hoc
815 613 880 650 ap.
912 596 1043 637 Cicer.
1073 595 1112 636 d.
1142 596 1237 638 Nat.
1270 595 1324 635 D.
1354 596 1386 643 I,

33 677 99 721 32,
132 677 204 713 91:
249 675 398 714 Utinam
426 682 506 714 tam
523 673 645 726 facile
673 688 760 714 vera
791 677 944 714 invenire
973 675 1109 726 possim
1140 686 1254 726 quam
1275 670 1386 722 salsa

30 747 258 788 convincere!
315 749 512 790 Similiter
532 751 688 804 absque
703 758 799 792 voto
823 750 865 788 in
891 747 1160 790 conditionali
1187 749 1388 787 sententia

30 823 321 873 significandus
351 824 558 877 praesenti
585 833 779 878 tempore,
797 824 957 873 dicitur,
989 824 1108 877 quasi
1135 824 1179 863 in
1210 822 1385 862 mediam

30 912 119 938 rem
148 899 421 940 descendente
455 901 693 954 phantasia,
734 909 779 941 ut
810 900 904 941 Liv.
924 901 1041 951 XXI,
1071 903 1146 939 53:
1194 899 1385 952 Quantum

28 978 265 1025 ingemiscant
300 985 427 1030 patres
466 980 602 1026 nostri,
646 980 751 1016 circa
789 980 933 1016 moenia
972 976 1210 1025 Canlzagims
1250 975 1386 1014 bellare

28 1051 139 1099 soliti,
167 1054 202 1090 si
228 1052 375 1091 videant
406 1067 489 1102 nos,
528 1056 738 1106 progeniem
770 1066 902 1101 suam,
933 1052 1026 1090 duos
1058 1052 1219 1089 consules
1254 1064 1385 1088 consu-

28 1125 199 1178 laresque
239 1129 441 1175 exercitus,
486 1130 522 1166 in
562 1128 686 1167 media
726 1128 842 1166 Italia
879 1133 1051 1179 paventes
1087 1129 1187 1164 intra
1226 1127 1382 1163 castra!

30 1198 153 1248 Quod
190 1202 311 1252 longe
343 1200 520 1242 vividius
558 1209 599 1242 et
633 1202 851 1243 nervosius
884 1209 944 1240 est
981 1215 1128 1253 quam:
1172 1202 1381 1249 ingemisce-

28 1284 108 1314 rent
130 1299 188 1305 -—
215 1279 249 1314 si
274 1277 452 1325 viderent,
489 1280 742 1326 ingemuissent
769 1297 826 1305 —-
854 1279 888 1314 si
913 1276 1094 1314 vidissent.
1149 1272 1382 1314 Redeamus

27 1364 138 1389 nunc
169 1349 219 1389 ad
251 1350 407 1391 Tibulli
434 1350 547 1390 locos
576 1364 702 1402 supra
731 1349 954 1399 indicatos,
989 1349 1061 1390 ubi
1091 1347 1254 1390 diversa
1279 1356 1382 1388 tem-

25 1437 131 1476 pora
162 1425 207 1464 in
239 1439 321 1464 una
360 1425 586 1479 eademque
616 1426 820 1465 sententia
851 1426 984 1478 posita
1020 1424 1172 1466 vidisti.
1237 1424 1382 1464 Dixit:

28 1500 62 1540 Ο
96 1514 163 1550 ego
195 1514 240 1540 ne
272 1504 408 1554 possim
439 1509 561 1540 tantos
588 1504 719 1541 sentire
755 1502 900 1540 dolores
942 1499 1097 1540 directo
1131 1507 1250 1549 voto,
1294 1512 1381 1538 non

28 1573 156 1616 dixit:
207 1590 252 1615 ne
284 1591 447 1629 possem,
497 1575 611 1630 quod
648 1590 759 1616 mere
797 1576 1110 1630 hypotheticum
1154 1581 1260 1614 esset
1274 1590 1284 1626 ;
1337 1575 1377 1613 in

28 1650 158 1690 altero
182 1659 320 1691 autem
347 1652 534 1692 membro
564 1651 758 1704 praetulit
786 1651 1094 1704 imperfectum:
1128 1651 1255 1704 Quam
1283 1651 1381 1689 mal-

26 1728 95 1765 lem
133 1730 169 1765 in
205 1727 335 1776 gelidis
373 1728 553 1766 montibus
594 1741 670 1765 esse
709 1727 826 1779 Iapis,
879 1726 978 1779 quia
1018 1726 1119 1765 haec
1158 1738 1224 1764 res
1264 1738 1378 1763 mera

25 1802 271 1855 hypothesis
310 1809 392 1852 est;
439 1815 576 1855 neque
616 1801 726 1841 enim
766 1802 885 1842 facile
920 1801 1011 1842 fieri
1042 1809 1192 1855 potest.
1259 1801 1379 1840 Dixit

25 1891 181 1930 porro:
224 1878 259 1917 T
255 1891 324 1916 ιιησ
354 1878 444 1917 milti
468 1875 680 1928 vita-soret,
711 1878 811 1926 vulgi
832 1891 897 1916 nee
924 1880 1047 1917 tristia
1073 1891 1214 1916 nossem
1243 1877 1379 1925 Arma,

25 1967 90 1992 nee
133 1953 320 1992 audissem
361 1953 475 1991 corde
514 1955 672 1992 micante
713 1952 844 1992 tubam
890 1952 1064 1992 similem
1107 1954 1151 1992 in
1193 1951 1379 1991 modum.

26 2027 133 2068 Nam
159 2041 252 2068 cum
279 2029 380 2067 haec
408 2041 474 2068 res
504 2026 555 2067 ad
585 2027 856 2080 praeteritum
885 2036 1047 2080 tempus
1077 2027 1303 2081 pertineat,
1335 2029 1376 2066 in

24 2104 160 2157 primo
199 2104 387 2144 membro
426 2103 711 2156 imperfectum
750 2103 893 2156 ponit,
944 2103 1059 2157 quod
1097 2103 1164 2143 hic
1204 2102 1375 2142 eandem

25 2182 109 2222 vim
150 2181 275 2220 habet
310 2192 435 2232 quam
470 2192 664 2232 praesens
703 2179 748 2218 in
786 2178 1042 2220 antecedenti
1073 2187 1184 2220 voto.
1252 2177 1378 2232 Optat

27 2254 197 2304 directe,
230 2254 366 2293 minus
392 2254 675 2307 hypothetice,
706 2253 923 2306 intentius,
952 2254 1146 2305 calidius;
1178 2255 1221 2294 in
1246 2255 1376 2295 altero

27 2339 165 2372 autem
190 2331 378 2370 membro
408 2330 813 2383 plusquamperfecta
840 2330 1001 2382 posuit,
1036 2337 1179 2382 utpote
1210 2332 1377 2372 conclu-

27 2405 162 2446 siones
204 2405 379 2455 ducens,
432 2419 537 2458 quae
580 2405 684 2444 nihil
723 2404 803 2444 nisi
845 2404 1130 2446 concIusIones
1169 2415 1264 2446 sunt
1302 2420 1376 2445 nec

29 2481 182 2520 habent
210 2480 331 2521 hodie
364 2489 570 2522 eventum.
627 2480 671 2520 Si
698 2488 834 2520 autem
865 2482 984 2521 etiam
1010 2482 1052 2521 in
1078 2481 1235 2534 protasi
1263 2482 1376 2534 plus-

30 2557 382 2609 quamperfectum
426 2558 649 2609 posuisset,
707 2565 789 2597 tota
834 2556 1034 2597 sententia
1077 2557 1376 2611 tranquillioris
