1721 2953
495 145 639 185 LIBR.
668 145 700 182 Ι.
757 141 916 181 ELEG.
946 142 1018 183 VI.
1342 145 1418 181 133

76 264 289 300 antecedenti
310 260 453 297 disticho
475 269 674 304 expressum
699 268 788 291 nunc
808 257 980 299 sigillatim
1001 257 1191 302 explicetur
1211 267 1272 302 per
1293 261 1416 301 partes.

76 335 114 367 In
156 343 223 376 quo
262 341 390 375 genere
427 330 561 362 constat
597 326 732 360 vinculo
770 335 836 358 non
878 335 963 368 opus
1001 335 1077 358 esse
1115 324 1158 357 ad
1197 323 1419 367 copulandam

77 400 202 433 arctius
228 397 413 431 orationem
437 393 712 428 antecedentium
737 396 772 426 et
796 391 1021 435 sequentium.
1073 392 1200 424 Verum
1227 389 1310 431 hoc,
1336 400 1421 423 con-

77 466 128 498 fer
160 466 349 497 Excnrsum
387 465 538 495 nostrum
572 461 614 494 de
651 459 826 502 Asyndeto
865 459 1024 491 Pmmn.
1061 458 1102 491 P.
1132 457 1159 499 I,
1193 469 1226 501 p.
1252 458 1321 489 273
1347 466 1420 498 sqq.

77 531 207 563 Tamen
243 528 399 571 displicet
434 526 632 568 Asyndeton
670 526 737 558 tale
761 523 851 568 apud
878 523 1074 565 Tibullum,
1118 533 1227 566 neque
1254 532 1340 566 opus
1371 525 1423 554 est

78 595 138 628 hac
165 593 392 637 explicatione
418 593 506 633 loci,
541 602 618 624 cum
643 590 745 624 etiam
771 589 854 621 alias
890 589 922 620 in
949 590 1094 621 transitu
1119 600 1138 622 a
1165 587 1316 631 generali
1341 597 1422 620 sen-

76 663 181 696 tentia
207 661 248 693 ad
275 663 388 704 partes
413 659 536 702 copula
569 661 684 691 utatur
718 656 875 689 Tibullus
908 655 1085 698 ipsamque
1118 655 1317 699 particulam
1351 663 1417 685 neu

76 729 248 773 posuerit,
284 727 327 760 cf.
353 725 380 768 Ι,
406 728 438 767 4,
465 728 522 758 41.
549 743 595 748 —
630 724 834 758 celebret
862 723 1000 756 multo
1024 732 1243 755 sermone.
1293 721 1342 754 Ut
1367 719 1420 753 vi-

76 797 198 829 derunt
231 795 511 826 Bnoucxnnsms
545 796 580 825 et
614 792 806 832 HEYNIUS,
845 800 964 823 sensus
1001 800 1077 822 esse
1113 788 1214 821 debet
1251 786 1324 820 hic:
1366 785 1419 818 Ne

77 871 181 904 saepe
204 860 413 900 multumque
436 857 682 897 confabuletur,
708 866 882 889 sermones
907 859 998 888 serat
1024 866 1101 888 cum
1125 853 1310 887 iuvenibus.
1358 851 1423 884 Est

81 925 254 958 celebrare
279 925 437 968 proprie:
473 924 689 967 frequentare
724 924 853 963 locum,
897 926 935 955 ut
961 926 1104 955 constat.
1154 922 1261 954 Ovm.
1287 919 1373 953 Met.
1397 918 1424 959 Ι,

80 995 165 1026 173:
192 991 289 1024 atria
315 989 481 1024 nobilium
507 989 623 1024 valvis
648 989 871 1022 celebrantur
893 988 1037 1033 apertis,
1063 988 1206 1021 multum
1232 990 1267 1019 et
1292 997 1311 1019 a
1336 986 1425 1019 mul—

77 1061 121 1093 tis
146 1060 330 1100 intrantur,
358 1059 419 1100 IV,
443 1060 533 1091 444:
565 1069 722 1104 par-‘sque
739 1056 865 1102 forum
900 1054 1098 1090 celebrant,
1129 1065 1220 1098 pars
1245 1051 1306 1084 imi
1329 1056 1426 1083 tecla

77 1115 248 1166 tyranni,
282 1124 425 1158 Heroid.
458 1123 536 1164 XV,
562 1126 627 1156 57:
666 1127 798 1154 montes
825 1119 989 1152 celebras.
1029 1120 1192 1152 Samon.
1221 1118 1332 1159 Calig.
1362 1117 1424 1148 45:

79 1189 140 1236 qui
172 1201 331 1222 amoenos
367 1200 522 1222 secessus
555 1185 780 1219 celebrarent·
829 1185 928 1219 Adde
961 1185 1046 1218 infra
1079 1184 1140 1226 III,
1169 1186 1202 1224 5,
1228 1185 1285 1215 29.
1334 1181 1425 1214 Hinc

78 1267 180 1300 snpra
206 1257 233 1297 Ι,
258 1259 291 1297 4,
317 1258 382 1289 75:
423 1254 596 1287 celebrare
632 1253 842 1298 magistrum
878 1252 1017 1285 dictum.
1067 1252 1178 1284 Porro
1205 1250 1312 1281 Ovm.
1338 1246 1424 1278 Met.

79 1323 123 1364 Π,
148 1324 229 1354 252.
254 1321 356 1363 cygni
381 1320 538 1353 dicuntur
559 1317 731 1350 celebrare
757 1316 902 1360 Caystri
925 1315 1023 1360 ripas
1049 1314 1213 1349 carmine,
1239 1311 1330 1355 quod
1355 1314 1424 1344 est:

82 1389 276 1430 frequenter
307 1387 401 1420 adire
434 1386 611 1427 cantibus,
650 1395 676 1418 s.
712 1384 908 1426 frequentes
943 1387 1063 1415 cantus
1091 1380 1137 1413 ibi
1165 1388 1348 1419 exercere,
1388 1380 1426 1409 ut

77 1459 171 1488 recte
196 1454 368 1486 Hermus
395 1453 554 1496 explicat.
602 1451 674 1483 Iam
700 1448 764 1482 hoc
789 1449 865 1481 loco
890 1447 1033 1480 adiectis
1060 1446 1192 1479 verbis:
1219 1443 1330 1475 multo
1352 1453 1426 1474 ser—

78 1532 174 1553 mone
200 1530 318 1553 sensus
343 1519 427 1551 erit:
454 1517 613 1560 frequens
646 1515 885 1548 commercium
911 1512 1076 1546 sermonis
1102 1510 1240 1552 habere,
1268 1509 1427 1550 frequen-

83 1593 136 1622 ter
161 1587 390 1626 confabulari,
431 1586 484 1619 cui
510 1575 732 1628 explicationi
758 1593 823 1616 non
859 1586 912 1615 est
941 1581 1031 1624 quod
1056 1581 1130 1613 iure
1155 1577 1282 1622 opponi
1307 1576 1425 1620 possit.

82 1656 173 1688 Male
206 1654 365 1686 VULPms
401 1651 550 1694 explicat
576 1649 715 1682 verbum
743 1660 775 1690 p.
803 1647 962 1687 laudare,
1000 1656 1062 1678 nec
1096 1644 1209 1677 verius
1235 1642 1426 1675 WuNnssa-

79 1729 227 1752 memus
253 1730 285 1761 p.
312 1717 499 1756 honorare,
535 1715 702 1756 insignem
727 1711 890 1752 reddere,
916 1709 1008 1753 quod
1034 1710 1191 1742 alienum.
1219 1726 1264 1731 —
1303 1706 1427 1739 Neve

80 1786 219 1819 cubet
251 1785 354 1817 laxo
388 1786 550 1827 pectus
583 1785 745 1824 aperta
772 1780 883 1812 sinu-
933 1778 1027 1810 Bene
1053 1779 1169 1808 monet
1193 1775 1340 1807 Vossms
1368 1783 1428 1815 per

84 1855 192 1884 totum
217 1851 327 1882 locum
354 1850 501 1882 maxime
529 1848 570 1880 de
596 1845 759 1880 conviviis
789 1843 1031 1887 cogitandum,
1059 1841 1101 1875 ad
1128 1851 1214 1883 quae
1242 1838 1305 1872 hae
1330 1839 1420 1882 puel-

82 1917 134 1948 lae
160 1925 234 1948 cum
260 1915 389 1947 maritis
410 1913 637 1946 invitabantur
662 1911 703 1944 ab
729 1908 989 1943 admiratoribus
1016 1912 1050 1941 et
1075 1908 1213 1948 amicis,
1247 1905 1290 1939 cf.
1318 1905 1425 1938 Ovm.

83 1982 216 2015 Amorr.
245 1982 270 2023 Ι,
295 1983 328 2014 4.
365 1979 455 2013 unde
487 1979 586 2012 simul
624 1977 764 2010 furtivas
799 1979 891 2008 artes
924 1978 958 2007 et
994 1974 1162 2016 nequitias
1197 1971 1307 2004 disces
1342 1970 1429 2002 inter

82 2046 271 2079 convivium
308 2046 488 2079 exercitas.
547 2043 644 2077 Adde
679 2042 722 2075 de
756 2041 876 2075 eadem
912 2051 948 2073 re
983 2041 1057 2073 Art.
1092 2039 1165 2071 Am.
1192 2037 1218 2077 Ι,
1242 2037 1427 2069 569-579.

81 2111 224 2145 Heroid.
249 2111 361 2153 XVII,
387 2112 528 2144 75-92.
590 2108 771 2142 Cubabaut
796 2110 910 2139 autem
936 2105 1072 2149 puellae
1098 2105 1131 2137 in
1158 2108 1233 2136 toro
1259 2101 1368 2134 mariti
1395 2104 1429 2133 et

82 2177 159 2212 huic
183 2179 377 2219 subiectae,
406 2177 450 2210 cf.
477 2177 584 2210 Ovm.
610 2177 740 2208 Amorr.
769 2176 790 2208 l.
818 2174 875 2208 cit.
905 2184 938 2207 v,
964 2176 999 2206 5.
1024 2175 1060 2205 et
1084 2172 1157 2204 Art.
1187 2171 1262 2203 Am.
1292 2169 1318 2209 Ι,
1346 2170 1427 2200 566.

80 2247 237 2289 Denique
263 2246 304 2279 ad
337 2249 451 2279 cetera
482 2244 598 2278 confer
631 2245 738 2277 Ovn).
764 2243 875 2286 Epist.
902 2241 1000 2281 XVI,
1025 2242 1118 2272 247:
1159 2236 1311 2270 Prodita
1344 2239 1429 2266 sunt

83 2311 258 2354 (memini)
281 2310 404 2343 tunica
424 2315 489 2341 tua
506 2315 650 2353 pectora
670 2307 767 2341 laxa.
782 2326 824 2332 —-
850 2307 893 2340 V.
917 2309 958 2338 19
974 2317 1023 2347 sq.
1051 2304 1144 2337 Neu
1166 2307 1209 2336 te
1227 2301 1325 2335 deci
1338 2300 1430 2344 piat

83 2383 214 2419 nutu,
237 2389 280 2411 ne
306 2378 421 2410 innuat
448 2377 571 2410 amanti
598 2386 711 2409 coram
738 2378 772 2407 te
798 2385 864 2407 non
893 2373 1160 2406 observante-
1187 2370 1429 2412 digitoque

83 2445 310 2486 liquorem
339 2454 388 2476 ne
414 2441 567 2475 trahat
594 2444 658 2473 etc.
710 2439 837 2472 Confer
863 2440 971 2471 Ovm.
998 2439 1130 2470 Amorr.
1156 2436 1184 2477 Ι,
1211 2437 1244 2476 4,
1268 2437 1327 2467 20.
1353 2443 1429 2465 cum

84 2513 245 2544 YULP10:
271 2508 375 2543 verba
401 2510 491 2555 leges
517 2507 651 2553 digilis,
680 2504 782 2538 verbu
805 2510 933 2536 notata
957 2515 1059 2536 mero.
1097 2502 1184 2535 Add.
1209 2500 1288 2534 ibid.
1314 2502 1348 2540 5,
1370 2501 1429 2530 17:

42 2600 45 2605 s
86 2576 283 2621 conscripta
318 2577 397 2610 vino
429 2588 570 2611 mensa,
605 2579 639 2608 ct
667 2575 737 2608 Art.
766 2575 841 2606 Am.
869 2572 896 2612 l,
921 2574 1012 2604 571:
1052 2568 1314 2612 blanditiasque
1339 2565 1431 2597 leves

85 2645 183 2678 tenui
206 2643 413 2688 perscribere
445 2643 534 2679 vino.
566 2641 705 2676 Heroid.
734 2639 844 2681 XVII,
869 2642 935 2672 87:
964 2637 1041 2671 orbe
1069 2648 1205 2683 quoque
1231 2635 1266 2668 in
1294 2642 1429 2666 mensa&
