1721 2953
270 157 399 186 xnwu
814 145 890 184 DE
921 144 1077 188 POESI

383 257 485 297 Dixi
523 257 573 298 de
615 258 759 299 Deliae
802 273 963 311 amore,
1004 261 1071 302 cui
1109 275 1196 302 non
1229 262 1455 304 absimilem
1488 263 1613 303 fuisse

272 333 434 374 credam
474 336 653 389 Glycerae
703 350 896 377 amorem.
967 338 1049 378 Sed
1087 339 1230 379 ultima
1274 348 1407 379 amata
1451 341 1616 380 Nemesis

268 411 372 459 fuit,
415 425 539 464 quam
568 425 678 451 nunc
707 412 1072 454 considerabimus.
1140 414 1240 454 Erat
1267 416 1407 467 puella
1434 414 1618 453 formosa

268 487 379 527 haud
423 486 546 527 dubie
586 495 625 526 et
664 490 846 539 elegans,
899 489 969 530 sed
1009 491 1214 543 probitate
1262 491 1385 530 Delia
1431 490 1616 538 inferior,

270 564 423 617 quippe
470 563 666 603 meretrix
713 564 796 604 iam
841 573 930 605 tum
977 581 1070 606 cum
1114 567 1281 607 Tibullo
1326 566 1615 606 innotesceret.

268 640 471 680 Pecuniae
511 640 664 680 servire
708 649 900 693 coeperat
939 651 1149 694 postremo
1191 643 1314 682 etiam
1356 642 1499 692 Delia,
1546 641 1617 681 sed

267 718 453 758 Nemesis
492 733 614 759 avara
652 727 759 758 erat:
803 720 994 759 luxuriae
1024 721 1135 759 ultra
1171 719 1342 760 modum
1376 718 1511 757 dedita
1543 716 1617 770 (Ut

267 810 360 836 mea
394 796 563 836 luxuria
599 796 785 836 Nemesis
827 797 949 846 fluat,
991 806 1119 850 utque
1152 811 1228 850 per
1269 798 1417 836 urbem
1454 794 1617 834 incedat

269 872 388 912 donis
419 871 707 924 conspicienda
737 872 851 912 meis.
908 874 984 912 Illa
1012 882 1125 924 gerat
1150 881 1284 913 vestes
1317 880 1482 921 tenues,
1514 884 1616 924 quas

268 946 421 987 femina
453 946 539 986 Coa
567 947 720 998 texuit,
764 956 926 988 auratas
967 947 1251 1001 disposuitque
1287 948 1398 989 vias:
1444 948 1508 987 Illi
1537 948 1618 986 sint

269 1023 436 1062 comites
466 1023 590 1073 fusci,
625 1036 729 1076 quos
761 1022 877 1063 India
906 1031 1057 1074 torret,
1091 1024 1187 1063 solis
1220 1031 1259 1062 et
1288 1022 1461 1062 admotis
1490 1023 1618 1062 inficit

268 1099 370 1150 ignis
401 1098 543 1151 equis:
579 1099 643 1137 Illi
674 1101 843 1138 selectos
875 1108 1031 1138 certent
1058 1102 1257 1152 praebere
1289 1102 1446 1139 colores
1475 1099 1617 1139 Africa

267 1177 489 1228 puniceum
517 1189 859 1229 purpureumque
888 1174 1053 1231 Tyros),
1088 1191 1310 1217 munerum
1339 1178 1618 1229 pretiosorum

267 1252 324 1291 ita
355 1260 442 1291 erat
473 1251 643 1304 cupida,
671 1261 717 1292 ut
744 1254 838 1292 satis
869 1252 959 1292 dari
991 1269 1077 1294 non
1106 1263 1255 1307 posset.
1313 1255 1371 1293 Ac
1406 1267 1499 1292 011111
1531 1253 1616 1292 De-

273 1329 328 1368 lia
369 1330 481 1369 bona
524 1337 563 1368 et
603 1330 734 1379 mitis,
776 1329 848 1369 sed
884 1331 1005 1369 nimis
1033 1332 1134 1370 levis
1163 1333 1329 1379 fuisset,
1370 1332 1470 1369 haee
1501 1329 1615 1379 dura,

272 1420 426 1458 aspera,
457 1419 590 1455 saeva,
621 1407 808 1456 superba,
847 1408 952 1445 male
983 1405 1128 1445 callida
1158 1407 1249 1455 suit,
1280 1407 1367 1446 aliis
1398 1406 1616 1447 ditioribus

267 1481 410 1531 facilis,
439 1481 606 1520 Tibullo
636 1482 887 1533 difficillima,
920 1497 1042 1536 quem
1071 1485 1304 1535 saepissime
1334 1485 1567 1522 remittebat
1594 1497 1617 1521 a

268 1559 423 1597 limine.
490 1555 614 1606 Quod
652 1558 761 1596 enim
791 1558 834 1596 in
863 1559 944 1597 fine
976 1559 1125 1610 elegiae
1156 1567 1294 1598 sextae
1322 1558 1419 1598 libri
1450 1556 1617 1597 secundi

268 1636 385 1673 lenae
416 1647 581 1673 omnem
611 1635 773 1685 culpam
803 1633 958 1683 tribuit,
989 1635 1169 1686 puellam
1198 1646 1298 1673 vero
1329 1634 1482 1672 bonam
1513 1632 1618 1680 dicit,

270 1717 529 1761 persuaserat
561 1709 639 1748 51111
668 1711 746 1749 hoc
778 1724 894 1750 amor
922 1719 1087 1762 poetae,
1124 1724 1270 1751 revera
1304 1718 1440 1749 autem
1467 1708 1617 1749 Neme-

269 1784 322 1822 sis
356 1798 442 1823 non
480 1783 645 1823 videtur
675 1783 797 1835 digna
835 1785 961 1824 fuisse
998 1799 1046 1823 ea
1081 1784 1226 1835 laude,
1269 1799 1391 1838 quam
1423 1783 1617 1824 credibile

273 1870 330 1900 est
366 1874 451 1899 11011
486 1874 640 1899 amasse
671 1861 783 1899 bona
815 1860 894 1898 fide
924 1861 1160 1911 Tibullum,
1207 1860 1277 1900 sed
1309 1860 1351 1900 id
1382 1862 1506 1912 egisse
1537 1862 1618 1899 cal-

270 1936 353 1976 lida
384 1944 491 1985 arte,
520 1934 655 1973 iudice
688 1934 810 1972 etiam
839 1935 1058 1983 Passovio,
1089 1943 1134 1974 ut
1164 1949 1399 1975 crumenam
1429 1938 1514 1976 01115
1546 1951 1617 1976 ex-

272 2012 469 2051 hauriret.
535 2012 620 2051 Non
656 2019 808 2063 prosunt
850 2013 959 2061 elegi,
1007 2010 1124 2061 dicit,
1166 2027 1232 2051 nec
1272 2016 1447 2053 carminis
1485 2022 1617 2053 auctor

273 2089 425 2140 Apoll05
469 2087 532 2124 illa
571 2082 666 2125 cciva
698 2090 856 2138 prelium
890 2088 1049 2139 flagitat
1087 2102 1201 2141 usque
1235 2103 1360 2130 mann.
1431 2090 1490 2128 Ac
1532 2103 1617 2129 non

273 2163 463 2202 habuisse
508 2175 597 2200 eam
647 2160 845 2201 delectum
893 2172 1145 2212 amatorum,
1200 2165 1233 2203 si
1276 2164 1400 2203 modo
1442 2166 1617 2215 pecunia

275 2248 385 2280 certa
414 2247 540 2288 esset,
585 2238 679 2279 satis
712 2239 887 2279 ostendit
925 2254 1087 2279 carmen
1120 2241 1286 2280 tertium
1315 2242 1411 2280 libri
1440 2241 1618 2287 secundi,

273 2317 347 2356 ubi
378 2315 426 2354 de
459 2323 640 2354 amatore
672 2314 842 2365 dieitur,
889 2330 1031 2356 servus
1063 2317 1133 2368 qui
1163 2318 1295 2357 suerat
1326 2332 1445 2369 saepe
1474 2318 1617 2358 vendi-

275 2400 351 2430 1115.
407 2390 595 2430 Tibullus
627 2401 706 2431 tres
738 2395 774 2432 ei
799 2394 967 2446 scriptas
997 2394 1142 2443 elegias
1171 2395 1348 2446 reliquit.
1406 2395 1616 2434 Erraveris

276 2564 412 2593 etcum
444 2560 695 2594 sublimioribus
728 2563 881 2597 sensibus
917 2564 986 2597 suis
1020 2563 1212 2606 coniungit,
1246 2563 1382 2596 minime
1418 2572 1499 2596 vero
1535 2573 1615 2596 con-

279 2620 372 2652 tinno
395 2619 446 2652 sui
471 2620 507 2652 fit
533 2619 711 2653 dissimilis.
