<?xml version="1.0" encoding="UTF-8"?>
<!DOCTYPE html PUBLIC "-//W3C//DTD XHTML 1.0 Transitional//EN"
    "http://www.w3.org/TR/xhtml1/DTD/xhtml1-transitional.dtd">
<html xmlns="http://www.w3.org/1999/xhtml" xml:lang="en" lang="en">
 <head>
  <title>
</title>
<meta http-equiv="Content-Type" content="text/html;charset=utf-8" />
  <meta name='ocr-system' content='tesseract 3.04.00' />
  <meta name='ocr-capabilities' content='ocr_page ocr_carea ocr_par ocr_line ocrx_word'/>
</head>
<body>
  <div class='ocr_page' id='page_1' title='image "./carminaexrecensi00tibuuoft_0484.png"; bbox 0 0 1721 2953; ppageno 0'>
   <div class='ocr_carea' id='block_1_1' title="bbox 285 102 1306 150">
    <p class='ocr_par' dir='ltr' id='par_1_1' title="bbox 285 102 1306 150">
     <span class='ocr_line' id='line_1_1' title="bbox 285 102 1306 150; baseline 0.002 -2"><span class='ocrx_word' id='word_1_1' title='bbox 285 111 359 148; x_wconf 75' lang='lat'><strong>158</strong></span> <span class='ocrx_word' id='word_1_2' title='bbox 592 102 961 149; x_wconf 76' lang='lat' dir='ltr'><strong>COMMENTAR.</strong></span> <span class='ocrx_word' id='word_1_3' title='bbox 991 108 1048 149; x_wconf 65' lang='lat' dir='ltr'><strong>IN</strong></span> <span class='ocrx_word' id='word_1_4' title='bbox 1079 108 1306 150; x_wconf 73' lang='lat' dir='ltr'><strong>TJBULLI</strong></span> 
     </span>
    </p>
   </div>
   <div class='ocr_carea' id='block_1_2' title="bbox 280 223 1637 2581">
    <p class='ocr_par' dir='ltr' id='par_1_2' title="bbox 280 223 1637 2581">
     <span class='ocr_line' id='line_1_2' title="bbox 282 223 1626 262; baseline -0.001 -2"><span class='ocrx_word' id='word_1_5' title='bbox 282 233 314 260; x_wconf 75' lang='lat' dir='ltr'><strong>et</strong></span> <span class='ocrx_word' id='word_1_6' title='bbox 339 227 400 259; x_wconf 85' lang='lat' dir='ltr'><strong>alia</strong></span> <span class='ocrx_word' id='word_1_7' title='bbox 429 225 562 258; x_wconf 75' lang='lat' dir='ltr'><strong>inventa</strong></span> <span class='ocrx_word' id='word_1_8' title='bbox 587 228 623 257; x_wconf 88' lang='lat' dir='ltr'><strong>et</strong></span> <span class='ocrx_word' id='word_1_9' title='bbox 648 223 812 258; x_wconf 80' lang='lat' dir='ltr'><strong>beneficia</strong></span> <span class='ocrx_word' id='word_1_10' title='bbox 834 224 978 260; x_wconf 81' lang='lat' dir='ltr'><strong>Osiridis</strong></span> <span class='ocrx_word' id='word_1_11' title='bbox 1003 225 1252 261; x_wconf 87' lang='lat' dir='ltr'><strong>laudantur.-</strong></span> <span class='ocrx_word' id='word_1_12' title='bbox 1283 237 1407 261; x_wconf 84' lang='lat' dir='ltr'><strong>manu</strong></span> <span class='ocrx_word' id='word_1_13' title='bbox 1433 227 1626 262; x_wconf 68' lang='lat' dir='ltr'><strong>sollerti¹</strong></span> 
     </span>
     <span class='ocr_line' id='line_1_3' title="bbox 282 287 1625 337; baseline 0.002 -13"><span class='ocrx_word' id='word_1_14' title='bbox 282 292 366 325; x_wconf 89' lang='lat' dir='ltr'><strong>Cum</strong></span> <span class='ocrx_word' id='word_1_15' title='bbox 384 288 535 323; x_wconf 88' lang='lat' dir='ltr'><strong>sollertia</strong></span> <span class='ocrx_word' id='word_1_16' title='bbox 559 287 590 321; x_wconf 88' lang='lat' dir='ltr'><strong>in</strong></span> <span class='ocrx_word' id='word_1_17' title='bbox 611 288 822 322; x_wconf 78' lang='lat' dir='ltr'>inveniendis</span> <span class='ocrx_word' id='word_1_18' title='bbox 843 290 945 324; x_wconf 82' lang='lat' dir='ltr'><strong>rebus</strong></span> <span class='ocrx_word' id='word_1_19' title='bbox 969 296 1139 334; x_wconf 85' lang='lat' dir='ltr'><strong>cernatur,</strong></span> <span class='ocrx_word' id='word_1_20' title='bbox 1165 302 1283 326; x_wconf 88' lang='lat' dir='ltr'><strong>manus</strong></span> <span class='ocrx_word' id='word_1_21' title='bbox 1306 294 1427 327; x_wconf 84' lang='lat' dir='ltr'><strong>sollers</strong></span> <span class='ocrx_word' id='word_1_22' title='bbox 1451 299 1515 337; x_wconf 86' lang='lat' dir='ltr'><strong>est,</strong></span> <span class='ocrx_word' id='word_1_23' title='bbox 1539 304 1625 337; x_wconf 73' lang='lat' dir='ltr'><strong>quae</strong></span> 
     </span>
     <span class='ocr_line' id='line_1_4' title="bbox 281 353 1628 403; baseline 0.003 -14"><span class='ocrx_word' id='word_1_24' title='bbox 281 364 400 389; x_wconf 78' lang='lat' dir='ltr'><strong>novam</strong></span> <span class='ocrx_word' id='word_1_25' title='bbox 426 364 496 387; x_wconf 85' lang='lat' dir='ltr'><strong>rem</strong></span> <span class='ocrx_word' id='word_1_26' title='bbox 523 353 666 395; x_wconf 82' lang='lat' dir='ltr'><strong>effinxit,</strong></span> <span class='ocrx_word' id='word_1_27' title='bbox 698 353 746 386; x_wconf 90' lang='lat' dir='ltr'><strong>ait</strong></span> <span class='ocrx_word' id='word_1_28' title='bbox 770 359 865 388; x_wconf 90' lang='lat' dir='ltr'><strong>recte</strong></span> <span class='ocrx_word' id='word_1_29' title='bbox 891 356 1223 391; x_wconf 61' lang='lat' dir='ltr'><strong>Wmsmmmcmns.</strong></span> <span class='ocrx_word' id='word_1_30' title='bbox 1274 358 1409 403; x_wconf 84' lang='lat' dir='ltr'><strong>Nempe</strong></span> <span class='ocrx_word' id='word_1_31' title='bbox 1433 364 1628 393; x_wconf 77' lang='lat' dir='ltr'><strong>revocatum</strong></span> 
     </span>
     <span class='ocr_line' id='line_1_5' title="bbox 281 417 1629 469; baseline 0.004 -16"><span class='ocrx_word' id='word_1_32' title='bbox 281 424 351 461; x_wconf 67' lang='lat' dir='ltr'><strong>est,</strong></span> <span class='ocrx_word' id='word_1_33' title='bbox 386 423 423 452; x_wconf 89' lang='lat' dir='ltr'><strong>ut</strong></span> <span class='ocrx_word' id='word_1_34' title='bbox 448 429 572 462; x_wconf 88' lang='lat' dir='ltr'><strong>saepe,</strong></span> <span class='ocrx_word' id='word_1_35' title='bbox 612 417 654 451; x_wconf 88' lang='lat' dir='ltr'><strong>ad</strong></span> <span class='ocrx_word' id='word_1_36' title='bbox 681 422 812 462; x_wconf 82' lang='lat' dir='ltr'><strong>partem</strong></span> <span class='ocrx_word' id='word_1_37' title='bbox 839 422 993 464; x_wconf 88' lang='lat' dir='ltr'><strong>corporis</strong></span> <span class='ocrx_word' id='word_1_38' title='bbox 1019 421 1195 465; x_wconf 82' lang='lat' dir='ltr'>epitheton</span> <span class='ocrx_word' id='word_1_39' title='bbox 1228 434 1395 467; x_wconf 83' lang='lat' dir='ltr'><strong>personae</strong></span> <span class='ocrx_word' id='word_1_40' title='bbox 1421 428 1629 469; x_wconf 80' lang='lat' dir='ltr'><strong>competens.</strong></span> 
     </span>
     <span class='ocr_line' id='line_1_6' title="bbox 281 485 1630 530; baseline 0.004 -12"><span class='ocrx_word' id='word_1_41' title='bbox 281 488 322 520; x_wconf 70' lang='lat' dir='ltr'><strong>es.</strong></span> <span class='ocrx_word' id='word_1_42' title='bbox 350 487 376 528; x_wconf 89' lang='lat' dir='ltr'><strong>l,</strong></span> <span class='ocrx_word' id='word_1_43' title='bbox 403 489 435 528; x_wconf 81' lang='grc'><strong>1,</strong></span> <span class='ocrx_word' id='word_1_44' title='bbox 459 488 516 520; x_wconf 82' lang='grc'><strong>46.</strong></span> <span class='ocrx_word' id='word_1_45' title='bbox 538 503 582 510; x_wconf 85' lang='lat'><strong>--·</strong></span> <span class='ocrx_word' id='word_1_46' title='bbox 609 491 804 520; x_wconf 84' lang='lat' dir='ltr'><strong>teneram</strong></span> <span class='ocrx_word' id='word_1_47' title='bbox 841 485 1022 521; x_wconf 87' lang='lat' dir='ltr'><strong>humum.</strong></span> <span class='ocrx_word' id='word_1_48' title='bbox 1074 489 1242 530; x_wconf 77' lang='lat' dir='ltr'><strong>Vossms,</strong></span> <span class='ocrx_word' id='word_1_49' title='bbox 1269 490 1430 524; x_wconf 16' lang='lat' dir='ltr'><strong>Brtcnms</strong></span> <span class='ocrx_word' id='word_1_50' title='bbox 1457 496 1490 525; x_wconf 89' lang='lat' dir='ltr'><strong>et</strong></span> <span class='ocrx_word' id='word_1_51' title='bbox 1516 491 1630 525; x_wconf 48' lang='lat' dir='ltr'>sz</span> 
     </span>
     <span class='ocr_line' id='line_1_7' title="bbox 282 553 1630 599; baseline 0.003 -12"><span class='ocrx_word' id='word_1_52' title='bbox 282 564 503 588; x_wconf 71' lang='lat' dir='ltr'><strong>nnnmcnws</strong></span> <span class='ocrx_word' id='word_1_53' title='bbox 538 555 671 588; x_wconf 87' lang='lat' dir='ltr'><strong>mollem</strong></span> <span class='ocrx_word' id='word_1_54' title='bbox 706 563 750 586; x_wconf 81' lang='lat' dir='ltr'><strong>ex</strong></span> <span class='ocrx_word' id='word_1_55' title='bbox 785 553 854 586; x_wconf 78' lang='lat' dir='ltr'><strong>Nili</strong></span> <span class='ocrx_word' id='word_1_56' title='bbox 891 554 1112 588; x_wconf 85' lang='lat' dir='ltr'><strong>inundatione</strong></span> <span class='ocrx_word' id='word_1_57' title='bbox 1151 554 1355 599; x_wconf 81' lang='lat' dir='ltr'><strong>facilemque</strong></span> <span class='ocrx_word' id='word_1_58' title='bbox 1390 557 1433 590; x_wconf 89' lang='lat' dir='ltr'><strong>ad</strong></span> <span class='ocrx_word' id='word_1_59' title='bbox 1467 558 1630 591; x_wconf 87' lang='lat' dir='ltr'><strong>arandum</strong></span> 
     </span>
     <span class='ocr_line' id='line_1_8' title="bbox 281 618 1629 666; baseline 0.004 -14"><span class='ocrx_word' id='word_1_60' title='bbox 281 621 546 664; x_wconf 72' lang='lat' dir='ltr'><strong>interpretantur</strong></span> <span class='ocrx_word' id='word_1_61' title='bbox 572 619 686 652; x_wconf 86' lang='lat' dir='ltr'><strong>collat.</strong></span> <span class='ocrx_word' id='word_1_62' title='bbox 717 619 824 652; x_wconf 68' lang='lat' dir='ltr'><strong>me.</strong></span> <span class='ocrx_word' id='word_1_63' title='bbox 849 618 980 660; x_wconf 87' lang='lat' dir='ltr'><strong>XVIII,</strong></span> <span class='ocrx_word' id='word_1_64' title='bbox 1007 622 1062 661; x_wconf 81' lang='lat'><strong>18,</strong></span> <span class='ocrx_word' id='word_1_65' title='bbox 1088 622 1146 654; x_wconf 82' lang='lat'><strong>47.</strong></span> <span class='ocrx_word' id='word_1_66' title='bbox 1195 621 1265 654; x_wconf 93' lang='lat' dir='ltr'><strong>Sed</strong></span> <span class='ocrx_word' id='word_1_67' title='bbox 1293 620 1376 656; x_wconf 86' lang='lat' dir='ltr'><strong>haec</strong></span> <span class='ocrx_word' id='word_1_68' title='bbox 1402 621 1542 666; x_wconf 74' lang='lat' dir='ltr'><strong>physica</strong></span> <span class='ocrx_word' id='word_1_69' title='bbox 1568 624 1629 657; x_wconf 89' lang='lat' dir='ltr'><strong>ob-</strong></span> 
     </span>
     <span class='ocr_line' id='line_1_9' title="bbox 281 683 1630 732; baseline 0.002 -13"><span class='ocrx_word' id='word_1_70' title='bbox 281 686 427 720; x_wconf 79' lang='lat' dir='ltr'><strong>servatio</strong></span> <span class='ocrx_word' id='word_1_71' title='bbox 453 685 528 718; x_wconf 89' lang='lat' dir='ltr'><strong>vide</strong></span> <span class='ocrx_word' id='word_1_72' title='bbox 553 695 596 718; x_wconf 87' lang='lat' dir='ltr'><strong>ne</strong></span> <span class='ocrx_word' id='word_1_73' title='bbox 628 683 829 728; x_wconf 84' lang='lat' dir='ltr'><strong>geographo</strong></span> <span class='ocrx_word' id='word_1_74' title='bbox 862 684 998 727; x_wconf 79' lang='lat' dir='ltr'><strong>dignior</strong></span> <span class='ocrx_word' id='word_1_75' title='bbox 1022 685 1068 718; x_wconf 88' lang='lat' dir='ltr'><strong>sit</strong></span> <span class='ocrx_word' id='word_1_76' title='bbox 1092 695 1193 728; x_wconf 88' lang='lat' dir='ltr'><strong>quam</strong></span> <span class='ocrx_word' id='word_1_77' title='bbox 1227 691 1340 730; x_wconf 89' lang='lat' dir='ltr'><strong>poeta.</strong></span> <span class='ocrx_word' id='word_1_78' title='bbox 1392 688 1482 724; x_wconf 82' lang='lat' dir='ltr'><strong>Quid</strong></span> <span class='ocrx_word' id='word_1_79' title='bbox 1517 689 1630 732; x_wconf 85' lang='lat' dir='ltr'><strong>poesis</strong></span> 
     </span>
     <span class='ocr_line' id='line_1_10' title="bbox 281 752 1633 798; baseline 0.001 -12"><span class='ocrx_word' id='word_1_80' title='bbox 281 754 451 798; x_wconf 79' lang='lat' dir='ltr'><strong>postulet,</strong></span> <span class='ocrx_word' id='word_1_81' title='bbox 477 753 638 786; x_wconf 69' lang='lat' dir='ltr'><strong>Vuwms</strong></span> <span class='ocrx_word' id='word_1_82' title='bbox 663 756 699 785; x_wconf 90' lang='lat' dir='ltr'><strong>et</strong></span> <span class='ocrx_word' id='word_1_83' title='bbox 723 752 895 785; x_wconf 66' lang='lat' dir='ltr'><strong>Hermus</strong></span> <span class='ocrx_word' id='word_1_84' title='bbox 921 753 1042 785; x_wconf 87' lang='lat' dir='ltr'><strong>melius</strong></span> <span class='ocrx_word' id='word_1_85' title='bbox 1071 757 1337 796; x_wconf 84' lang='lat' dir='ltr'><strong>perspexerant,</strong></span> <span class='ocrx_word' id='word_1_86' title='bbox 1371 758 1552 788; x_wconf 91' lang='lat' dir='ltr'><strong>monentes</strong></span> <span class='ocrx_word' id='word_1_87' title='bbox 1577 760 1633 787; x_wconf 72' lang='lat' dir='ltr'><strong>te-</strong></span> 
     </span>
     <span class='ocr_line' id='line_1_11' title="bbox 280 817 1632 864; baseline 0.003 -14"><span class='ocrx_word' id='word_1_88' title='bbox 280 829 400 850; x_wconf 76' lang='lat' dir='ltr'><strong>neram</strong></span> <span class='ocrx_word' id='word_1_89' title='bbox 420 827 497 851; x_wconf 87' lang='lat' dir='ltr'><strong>esse</strong></span> <span class='ocrx_word' id='word_1_90' title='bbox 518 821 701 859; x_wconf 83' lang='lat' dir='ltr'><strong>recentem,</strong></span> <span class='ocrx_word' id='word_1_91' title='bbox 725 817 851 850; x_wconf 85' lang='lat' dir='ltr'><strong>mundo</strong></span> <span class='ocrx_word' id='word_1_92' title='bbox 873 818 987 860; x_wconf 89' lang='lat' dir='ltr'><strong>paullo</strong></span> <span class='ocrx_word' id='word_1_93' title='bbox 1009 821 1087 850; x_wconf 89' lang='lat' dir='ltr'><strong>ante</strong></span> <span class='ocrx_word' id='word_1_94' title='bbox 1112 822 1200 860; x_wconf 90' lang='lat' dir='ltr'><strong>orto,</strong></span> <span class='ocrx_word' id='word_1_95' title='bbox 1226 823 1264 852; x_wconf 90' lang='lat' dir='ltr'><strong>ut</strong></span> <span class='ocrx_word' id='word_1_96' title='bbox 1287 829 1368 853; x_wconf 84' lang='lat' dir='ltr'><strong>mox</strong></span> <span class='ocrx_word' id='word_1_97' title='bbox 1394 820 1632 864; x_wconf 86' lang='lat' dir='ltr'><strong>inexperta</strong></span> 
     </span>
     <span class='ocr_line' id='line_1_12' title="bbox 282 885 1632 927; baseline 0.001 -8"><span class='ocrx_word' id='word_1_98' title='bbox 282 886 416 920; x_wconf 86' lang='lat' dir='ltr'><strong>dicitur.</strong></span> <span class='ocrx_word' id='word_1_99' title='bbox 465 885 525 919; x_wconf 89' lang='lat' dir='ltr'><strong>Sic</strong></span> <span class='ocrx_word' id='word_1_100' title='bbox 547 890 688 917; x_wconf 77' lang='lat' dir='ltr'><strong>tenerae</strong></span> <span class='ocrx_word' id='word_1_101' title='bbox 712 895 767 916; x_wconf 76' lang='lat' dir='ltr'><strong>res</strong></span> <span class='ocrx_word' id='word_1_102' title='bbox 793 885 904 918; x_wconf 61' lang='lat' dir='ltr'><strong>Vlixe.</strong></span> <span class='ocrx_word' id='word_1_103' title='bbox 931 885 1060 927; x_wconf 85' lang='lat' dir='ltr'><strong>Georg.</strong></span> <span class='ocrx_word' id='word_1_104' title='bbox 1088 885 1132 927; x_wconf 83' lang='grc' dir='ltr'><strong>Π,</strong></span> <span class='ocrx_word' id='word_1_105' title='bbox 1157 888 1238 921; x_wconf 85' lang='grc'><strong>343.</strong></span> <span class='ocrx_word' id='word_1_106' title='bbox 1259 904 1300 911; x_wconf 88' lang='grc'>-</span> <span class='ocrx_word' id='word_1_107' title='bbox 1328 887 1632 925; x_wconf 79' lang='lat' dir='ltr'><strong>sollicitavit,</strong></span> 
     </span>
     <span class='ocr_line' id='line_1_13' title="bbox 282 949 1633 992; baseline 0.002 -8"><span class='ocrx_word' id='word_1_108' title='bbox 282 951 325 984; x_wconf 78' lang='lat' dir='ltr'><strong>ef.</strong></span> <span class='ocrx_word' id='word_1_109' title='bbox 349 951 461 985; x_wconf 73' lang='lat' dir='ltr'><strong>Vme.</strong></span> <span class='ocrx_word' id='word_1_110' title='bbox 486 950 617 992; x_wconf 83' lang='lat' dir='ltr'><strong>Georg.</strong></span> <span class='ocrx_word' id='word_1_111' title='bbox 643 949 686 991; x_wconf 91' lang='lat' dir='ltr'><strong>Il,</strong></span> <span class='ocrx_word' id='word_1_112' title='bbox 711 951 792 982; x_wconf 87' lang='grc'><strong>418.</strong></span> <span class='ocrx_word' id='word_1_113' title='bbox 819 949 927 983; x_wconf 82' lang='lat' dir='ltr'><strong>Ovm.</strong></span> <span class='ocrx_word' id='word_1_114' title='bbox 954 950 1047 983; x_wconf 84' lang='lat' dir='ltr'><strong>Fast.</strong></span> <span class='ocrx_word' id='word_1_115' title='bbox 1074 950 1134 992; x_wconf 87' lang='lat' dir='ltr'><strong>IV,</strong></span> <span class='ocrx_word' id='word_1_116' title='bbox 1160 953 1242 984; x_wconf 81' lang='lat'><strong>396.</strong></span> <span class='ocrx_word' id='word_1_117' title='bbox 1259 970 1307 977; x_wconf 90' lang='lat'><strong>—-</strong></span> <span class='ocrx_word' id='word_1_118' title='bbox 1330 962 1412 986; x_wconf 89' lang='lat' dir='ltr'><strong>non</strong></span> <span class='ocrx_word' id='word_1_119' title='bbox 1438 954 1560 987; x_wconf 89' lang='lat' dir='ltr'><strong>notis</strong></span> <span class='ocrx_word' id='word_1_120' title='bbox 1582 954 1633 987; x_wconf 89' lang='lat' dir='ltr'><strong>ab</strong></span> 
     </span>
     <span class='ocr_line' id='line_1_14' title="bbox 283 1015 1632 1063; baseline 0.001 -12"><span class='ocrx_word' id='word_1_121' title='bbox 283 1017 549 1059; x_wconf 81' lang='lat' dir='ltr'><strong>arboribus,</strong></span> <span class='ocrx_word' id='word_1_122' title='bbox 588 1015 620 1050; x_wconf 89' lang='lat' dir='ltr'><strong>h.</strong></span> <span class='ocrx_word' id='word_1_123' title='bbox 647 1027 677 1049; x_wconf 89' lang='lat' dir='ltr'><strong>e.</strong></span> <span class='ocrx_word' id='word_1_124' title='bbox 715 1016 842 1060; x_wconf 89' lang='lat' dir='ltr'><strong>primus</strong></span> <span class='ocrx_word' id='word_1_125' title='bbox 875 1016 1017 1051; x_wconf 88' lang='lat' dir='ltr'><strong>arbores</strong></span> <span class='ocrx_word' id='word_1_126' title='bbox 1050 1019 1137 1051; x_wconf 84' lang='lat' dir='ltr'><strong>sevit</strong></span> <span class='ocrx_word' id='word_1_127' title='bbox 1164 1023 1199 1051; x_wconf 87' lang='lat' dir='ltr'><strong>et</strong></span> <span class='ocrx_word' id='word_1_128' title='bbox 1233 1028 1278 1051; x_wconf 79' lang='lat' dir='ltr'><strong>ex</strong></span> <span class='ocrx_word' id='word_1_129' title='bbox 1303 1019 1386 1052; x_wconf 86' lang='lat' dir='ltr'><strong>satis</strong></span> <span class='ocrx_word' id='word_1_130' title='bbox 1412 1029 1512 1062; x_wconf 89' lang='lat' dir='ltr'><strong>poma</strong></span> <span class='ocrx_word' id='word_1_131' title='bbox 1538 1020 1632 1063; x_wconf 75' lang='lat' dir='ltr'><strong>legit,</strong></span> 
     </span>
     <span class='ocr_line' id='line_1_15' title="bbox 283 1083 1633 1129; baseline 0 -10"><span class='ocrx_word' id='word_1_132' title='bbox 283 1095 379 1119; x_wconf 87' lang='lat' dir='ltr'><strong>usum</strong></span> <span class='ocrx_word' id='word_1_133' title='bbox 405 1095 524 1118; x_wconf 88' lang='lat' dir='ltr'><strong>eornm</strong></span> <span class='ocrx_word' id='word_1_134' title='bbox 549 1083 743 1118; x_wconf 57' lang='lat' dir='ltr'><strong>ostendens</strong></span> <span class='ocrx_word' id='word_1_135' title='bbox 769 1103 816 1109; x_wconf 91' lang='lat'>—</span> <span class='ocrx_word' id='word_1_136' title='bbox 842 1085 884 1117; x_wconf 88' lang='lat' dir='ltr'><strong>V.</strong></span> <span class='ocrx_word' id='word_1_137' title='bbox 905 1087 951 1117; x_wconf 87' lang='lat'><strong>33</strong></span> <span class='ocrx_word' id='word_1_138' title='bbox 969 1095 1021 1126; x_wconf 87' lang='lat' dir='ltr'><strong>sq.</strong></span> <span class='ocrx_word' id='word_1_139' title='bbox 1045 1087 1248 1118; x_wconf 89' lang='lat' dir='ltr'><strong>teneram</strong></span> <span class='ocrx_word' id='word_1_140' title='bbox 1275 1086 1431 1127; x_wconf 84' lang='lat' dir='ltr'><strong>vitem,</strong></span> <span class='ocrx_word' id='word_1_141' title='bbox 1456 1096 1543 1129; x_wconf 86' lang='lat' dir='ltr'><strong>quae</strong></span> <span class='ocrx_word' id='word_1_142' title='bbox 1567 1086 1633 1119; x_wconf 76' lang='lat' dir='ltr'><strong>ful-</strong></span> 
     </span>
     <span class='ocr_line' id='line_1_16' title="bbox 283 1149 1633 1196; baseline -0.001 -9"><span class='ocrx_word' id='word_1_143' title='bbox 283 1164 341 1187; x_wconf 86' lang='lat' dir='ltr'><strong>cro</strong></span> <span class='ocrx_word' id='word_1_144' title='bbox 376 1161 464 1196; x_wconf 84' lang='lat' dir='ltr'><strong>opus</strong></span> <span class='ocrx_word' id='word_1_145' title='bbox 497 1149 599 1184; x_wconf 88' lang='lat' dir='ltr'><strong>habet</strong></span> <span class='ocrx_word' id='word_1_146' title='bbox 634 1161 698 1184; x_wconf 90' lang='lat' dir='ltr'><strong>nec</strong></span> <span class='ocrx_word' id='word_1_147' title='bbox 734 1151 807 1184; x_wconf 87' lang='lat' dir='ltr'><strong>sola</strong></span> <span class='ocrx_word' id='word_1_148' title='bbox 841 1161 903 1184; x_wconf 88' lang='lat' dir='ltr'><strong>sua</strong></span> <span class='ocrx_word' id='word_1_149' title='bbox 938 1161 976 1185; x_wconf 87' lang='lat' dir='ltr'><strong>se</strong></span> <span class='ocrx_word' id='word_1_150' title='bbox 1013 1151 1045 1184; x_wconf 84' lang='lat' dir='ltr'><strong>vi</strong></span> <span class='ocrx_word' id='word_1_151' title='bbox 1080 1151 1249 1185; x_wconf 84' lang='lat' dir='ltr'><strong>sustinere</strong></span> <span class='ocrx_word' id='word_1_152' title='bbox 1286 1155 1411 1195; x_wconf 89' lang='lat' dir='ltr'><strong>potest.</strong></span> <span class='ocrx_word' id='word_1_153' title='bbox 1436 1169 1482 1175; x_wconf 91' lang='lat'><strong>—-</strong></span> <span class='ocrx_word' id='word_1_154' title='bbox 1525 1152 1633 1185; x_wconf 91' lang='lat' dir='ltr'><strong>dura</strong></span> 
     </span>
     <span class='ocr_line' id='line_1_17' title="bbox 283 1215 1632 1260; baseline 0.001 -10"><span class='ocrx_word' id='word_1_155' title='bbox 283 1219 423 1260; x_wconf 86' lang='lat' dir='ltr'><strong>falce,</strong></span> <span class='ocrx_word' id='word_1_156' title='bbox 447 1227 513 1251; x_wconf 88' lang='lat' dir='ltr'><strong>non</strong></span> <span class='ocrx_word' id='word_1_157' title='bbox 540 1220 682 1260; x_wconf 85' lang='lat' dir='ltr'><strong>propter</strong></span> <span class='ocrx_word' id='word_1_158' title='bbox 707 1215 787 1249; x_wconf 86' lang='lat' dir='ltr'><strong>ferri</strong></span> <span class='ocrx_word' id='word_1_159' title='bbox 813 1216 984 1258; x_wconf 81' lang='lat' dir='ltr'><strong>rigorem,</strong></span> <span class='ocrx_word' id='word_1_160' title='bbox 1009 1220 1047 1249; x_wconf 87' lang='lat' dir='ltr'><strong>ut</strong></span> <span class='ocrx_word' id='word_1_161' title='bbox 1072 1227 1148 1250; x_wconf 85' lang='lat' dir='ltr'><strong>cum</strong></span> <span class='ocrx_word' id='word_1_162' title='bbox 1176 1217 1435 1251; x_wconf 71' lang='lat' dir='ltr'><strong>Bnoucmmsm</strong></span> <span class='ocrx_word' id='word_1_163' title='bbox 1461 1218 1632 1251; x_wconf 60' lang='lat' dir='ltr'><strong>Hermus</strong></span> 
     </span>
     <span class='ocr_line' id='line_1_18' title="bbox 283 1282 1633 1328; baseline 0.001 -11"><span class='ocrx_word' id='word_1_164' title='bbox 283 1286 375 1326; x_wconf 79' lang='lat' dir='ltr'><strong>vult,</strong></span> <span class='ocrx_word' id='word_1_165' title='bbox 409 1284 499 1326; x_wconf 89' lang='lat' dir='ltr'><strong>quod</strong></span> <span class='ocrx_word' id='word_1_166' title='bbox 526 1287 618 1316; x_wconf 83' lang='lat' dir='ltr'><strong>esset</strong></span> <span class='ocrx_word' id='word_1_167' title='bbox 643 1283 789 1316; x_wconf 87' lang='lat' dir='ltr'><strong>otiosum</strong></span> <span class='ocrx_word' id='word_1_168' title='bbox 815 1284 849 1316; x_wconf 88' lang='lat' dir='ltr'><strong>in</strong></span> <span class='ocrx_word' id='word_1_169' title='bbox 874 1282 936 1317; x_wconf 89' lang='lat' dir='ltr'><strong>hac</strong></span> <span class='ocrx_word' id='word_1_170' title='bbox 962 1284 1056 1327; x_wconf 91' lang='lat' dir='ltr'><strong>poesi</strong></span> <span class='ocrx_word' id='word_1_171' title='bbox 1083 1283 1277 1328; x_wconf 84' lang='lat' dir='ltr'><strong>epitheton,</strong></span> <span class='ocrx_word' id='word_1_172' title='bbox 1302 1284 1362 1317; x_wconf 92' lang='lat' dir='ltr'><strong>sed</strong></span> <span class='ocrx_word' id='word_1_173' title='bbox 1389 1284 1530 1326; x_wconf 84' lang='lat' dir='ltr'><strong>immiti,</strong></span> <span class='ocrx_word' id='word_1_174' title='bbox 1568 1294 1633 1318; x_wconf 89' lang='lat' dir='ltr'><strong>non</strong></span> 
     </span>
     <span class='ocr_line' id='line_1_19' title="bbox 284 1347 1631 1393; baseline 0.001 -12"><span class='ocrx_word' id='word_1_175' title='bbox 284 1354 445 1393; x_wconf 81' lang='lat' dir='ltr'><strong>parcente</strong></span> <span class='ocrx_word' id='word_1_176' title='bbox 468 1349 642 1382; x_wconf 88' lang='lat' dir='ltr'><strong>inutilibus</strong></span> <span class='ocrx_word' id='word_1_177' title='bbox 662 1349 764 1380; x_wconf 83' lang='lat' dir='ltr'><strong>ramis</strong></span> <span class='ocrx_word' id='word_1_178' title='bbox 786 1347 944 1390; x_wconf 80' lang='lat' dir='ltr'><strong>foliisque</strong></span> <span class='ocrx_word' id='word_1_179' title='bbox 967 1349 1226 1391; x_wconf 75' lang='lat' dir='ltr'><strong>luxuriantibus,</strong></span> <span class='ocrx_word' id='word_1_180' title='bbox 1254 1350 1315 1382; x_wconf 86' lang='lat' dir='ltr'><strong>etsi</strong></span> <span class='ocrx_word' id='word_1_181' title='bbox 1336 1350 1444 1382; x_wconf 90' lang='lat' dir='ltr'><strong>oculis</strong></span> <span class='ocrx_word' id='word_1_182' title='bbox 1465 1349 1631 1392; x_wconf 84' lang='lat' dir='ltr'><strong>placeant.</strong></span> 
     </span>
     <span class='ocr_line' id='line_1_20' title="bbox 284 1413 1631 1455; baseline 0.001 -8"><span class='ocrx_word' id='word_1_183' title='bbox 284 1415 428 1448; x_wconf 83' lang='lat' dir='ltr'><strong>Confert</strong></span> <span class='ocrx_word' id='word_1_184' title='bbox 464 1414 611 1447; x_wconf 78' lang='lat' dir='ltr'><strong>Vossrus</strong></span> <span class='ocrx_word' id='word_1_185' title='bbox 652 1413 748 1454; x_wconf 80' lang='lat' dir='ltr'><strong>Virg.</strong></span> <span class='ocrx_word' id='word_1_186' title='bbox 783 1413 914 1455; x_wconf 85' lang='lat' dir='ltr'><strong>Georg.</strong></span> <span class='ocrx_word' id='word_1_187' title='bbox 949 1413 994 1455; x_wconf 92' lang='lat' dir='ltr'><strong>II,</strong></span> <span class='ocrx_word' id='word_1_188' title='bbox 1026 1415 1109 1446; x_wconf 87' lang='lat'><strong>369.</strong></span> <span class='ocrx_word' id='word_1_189' title='bbox 1153 1418 1187 1447; x_wconf 83' lang='lat' dir='ltr'><strong>et</strong></span> <span class='ocrx_word' id='word_1_190' title='bbox 1223 1415 1405 1448; x_wconf 84' lang='lat' dir='ltr'><strong>assentitur</strong></span> <span class='ocrx_word' id='word_1_191' title='bbox 1442 1416 1631 1449; x_wconf 65' lang='lat' dir='ltr'><strong>Wmmm-</strong></span> 
     </span>
     <span class='ocr_line' id='line_1_21' title="bbox 285 1478 1633 1521; baseline 0.001 -8"><span class='ocrx_word' id='word_1_192' title='bbox 285 1490 441 1513; x_wconf 77' lang='lat' dir='ltr'><strong>memus.</strong></span> <span class='ocrx_word' id='word_1_193' title='bbox 500 1479 575 1512; x_wconf 75' lang='lat' dir='ltr'><strong>Nec</strong></span> <span class='ocrx_word' id='word_1_194' title='bbox 609 1478 774 1511; x_wconf 81' lang='lat' dir='ltr'><strong>viridis</strong></span> <span class='ocrx_word' id='word_1_195' title='bbox 810 1480 979 1521; x_wconf 80' lang='lat' dir='ltr'><strong>otiosum3</strong></span> <span class='ocrx_word' id='word_1_196' title='bbox 1017 1480 1094 1513; x_wconf 84' lang='lat' dir='ltr'><strong>talis</strong></span> <span class='ocrx_word' id='word_1_197' title='bbox 1129 1480 1216 1514; x_wconf 88' lang='lat' dir='ltr'><strong>enim</strong></span> <span class='ocrx_word' id='word_1_198' title='bbox 1251 1481 1397 1515; x_wconf 79' lang='lat' dir='ltr'><strong>absumit</strong></span> <span class='ocrx_word' id='word_1_199' title='bbox 1429 1492 1562 1515; x_wconf 88' lang='lat' dir='ltr'><strong>succos.</strong></span> <span class='ocrx_word' id='word_1_200' title='bbox 1589 1501 1633 1505; x_wconf 89' lang='lat'><strong>—</strong></span> 
     </span>
     <span class='ocr_line' id='line_1_22' title="bbox 285 1544 1633 1589; baseline -0.001 -8"><span class='ocrx_word' id='word_1_201' title='bbox 285 1548 328 1581; x_wconf 91' lang='lat' dir='ltr'><strong>V.</strong></span> <span class='ocrx_word' id='word_1_202' title='bbox 362 1550 419 1581; x_wconf 85' lang='lat'><strong>36.</strong></span> <span class='ocrx_word' id='word_1_203' title='bbox 459 1546 652 1580; x_wconf 87' lang='lat' dir='ltr'><strong>incultis</strong></span> <span class='ocrx_word' id='word_1_204' title='bbox 690 1544 899 1589; x_wconf 91' lang='lat' dir='ltr'><strong>pedibus.</strong></span> <span class='ocrx_word' id='word_1_205' title='bbox 961 1546 1103 1588; x_wconf 84' lang='lat' dir='ltr'><strong>Vulgari</strong></span> <span class='ocrx_word' id='word_1_206' title='bbox 1146 1556 1210 1578; x_wconf 90' lang='lat' dir='ltr'><strong>usu</strong></span> <span class='ocrx_word' id='word_1_207' title='bbox 1244 1545 1404 1579; x_wconf 80' lang='lat' dir='ltr'><strong>incultus</strong></span> <span class='ocrx_word' id='word_1_208' title='bbox 1444 1547 1633 1589; x_wconf 79' lang='lat' dir='ltr'><strong>significat:</strong></span> 
     </span>
     <span class='ocr_line' id='line_1_23' title="bbox 287 1611 1634 1656; baseline -0.001 -9"><span class='ocrx_word' id='word_1_209' title='bbox 287 1614 501 1656; x_wconf 82' lang='lat' dir='ltr'><strong>negligenter</strong></span> <span class='ocrx_word' id='word_1_210' title='bbox 525 1611 681 1652; x_wconf 87' lang='lat' dir='ltr'><strong>habitus,</strong></span> <span class='ocrx_word' id='word_1_211' title='bbox 709 1611 908 1652; x_wconf 82' lang='lat' dir='ltr'><strong>neglectus,</strong></span> <span class='ocrx_word' id='word_1_212' title='bbox 942 1611 1016 1644; x_wconf 88' lang='lat' dir='ltr'><strong>sine</strong></span> <span class='ocrx_word' id='word_1_213' title='bbox 1041 1611 1135 1643; x_wconf 87' lang='lat' dir='ltr'><strong>cultu</strong></span> <span class='ocrx_word' id='word_1_214' title='bbox 1161 1615 1195 1644; x_wconf 91' lang='lat' dir='ltr'><strong>et</strong></span> <span class='ocrx_word' id='word_1_215' title='bbox 1222 1615 1363 1653; x_wconf 84' lang='lat' dir='ltr'><strong>ornatu,</strong></span> <span class='ocrx_word' id='word_1_216' title='bbox 1389 1613 1478 1654; x_wconf 88' lang='lat' dir='ltr'><strong>qnod</strong></span> <span class='ocrx_word' id='word_1_217' title='bbox 1505 1613 1547 1645; x_wconf 89' lang='lat' dir='ltr'><strong>ad</strong></span> <span class='ocrx_word' id='word_1_218' title='bbox 1574 1623 1634 1656; x_wconf 91' lang='lat' dir='ltr'><strong>pe-</strong></span> 
     </span>
     <span class='ocr_line' id='line_1_24' title="bbox 286 1677 1635 1721; baseline -0.004 -6"><span class='ocrx_word' id='word_1_219' title='bbox 286 1682 346 1715; x_wconf 82' lang='lat' dir='ltr'><strong>des</strong></span> <span class='ocrx_word' id='word_1_220' title='bbox 371 1680 514 1714; x_wconf 88' lang='lat' dir='ltr'><strong>relatum</strong></span> <span class='ocrx_word' id='word_1_221' title='bbox 539 1678 627 1712; x_wconf 92' lang='lat' dir='ltr'><strong>idem</strong></span> <span class='ocrx_word' id='word_1_222' title='bbox 654 1681 706 1710; x_wconf 87' lang='lat' dir='ltr'><strong>est</strong></span> <span class='ocrx_word' id='word_1_223' title='bbox 731 1677 821 1719; x_wconf 88' lang='lat' dir='ltr'><strong>quod</strong></span> <span class='ocrx_word' id='word_1_224' title='bbox 848 1677 1040 1711; x_wconf 90' lang='lat' dir='ltr'><strong>immundus</strong></span> <span class='ocrx_word' id='word_1_225' title='bbox 1066 1677 1207 1713; x_wconf 88' lang='lat' dir='ltr'><strong>incuria.</strong></span> <span class='ocrx_word' id='word_1_226' title='bbox 1270 1677 1340 1712; x_wconf 85' lang='lat' dir='ltr'><strong>Sed</strong></span> <span class='ocrx_word' id='word_1_227' title='bbox 1367 1682 1435 1711; x_wconf 87' lang='lat' dir='ltr'><strong>tam</strong></span> <span class='ocrx_word' id='word_1_228' title='bbox 1461 1678 1635 1721; x_wconf 78' lang='lat' dir='ltr'><strong>inelegans</strong></span> 
     </span>
     <span class='ocr_line' id='line_1_25' title="bbox 286 1745 1634 1792; baseline -0.002 -11"><span class='ocrx_word' id='word_1_229' title='bbox 286 1747 458 1792; x_wconf 77' lang='lat' dir='ltr'><strong>epitheton</strong></span> <span class='ocrx_word' id='word_1_230' title='bbox 484 1746 560 1789; x_wconf 89' lang='lat' dir='ltr'><strong>quis</strong></span> <span class='ocrx_word' id='word_1_231' title='bbox 584 1745 769 1779; x_wconf 71' lang='lat' dir='ltr'><strong>admittat?</strong></span> <span class='ocrx_word' id='word_1_232' title='bbox 819 1746 869 1778; x_wconf 90' lang='lat' dir='ltr'><strong>Ac</strong></span> <span class='ocrx_word' id='word_1_233' title='bbox 896 1745 1051 1778; x_wconf 84' lang='lat' dir='ltr'><strong>lavantur</strong></span> <span class='ocrx_word' id='word_1_234' title='bbox 1085 1745 1191 1789; x_wconf 90' lang='lat' dir='ltr'><strong>pedes</strong></span> <span class='ocrx_word' id='word_1_235' title='bbox 1225 1750 1260 1778; x_wconf 92' lang='lat' dir='ltr'><strong>et</strong></span> <span class='ocrx_word' id='word_1_236' title='bbox 1292 1750 1500 1789; x_wconf 84' lang='lat' dir='ltr'><strong>purgantur,</strong></span> <span class='ocrx_word' id='word_1_237' title='bbox 1536 1750 1634 1779; x_wconf 86' lang='lat' dir='ltr'><strong>ante-</strong></span> 
     </span>
     <span class='ocr_line' id='line_1_26' title="bbox 289 1811 1635 1857; baseline -0.001 -11"><span class='ocrx_word' id='word_1_238' title='bbox 289 1824 388 1857; x_wconf 87' lang='lat' dir='ltr'><strong>quam</strong></span> <span class='ocrx_word' id='word_1_239' title='bbox 425 1817 582 1856; x_wconf 88' lang='lat' dir='ltr'><strong>premant</strong></span> <span class='ocrx_word' id='word_1_240' title='bbox 616 1821 709 1844; x_wconf 80' lang='lat' dir='ltr'><strong>uvas.</strong></span> <span class='ocrx_word' id='word_1_241' title='bbox 760 1812 877 1846; x_wconf 81' lang='lat' dir='ltr'><strong>Quare</strong></span> <span class='ocrx_word' id='word_1_242' title='bbox 913 1811 1146 1844; x_wconf 70' lang='lat' dir='ltr'><strong>Gssmunnns</strong></span> <span class='ocrx_word' id='word_1_243' title='bbox 1181 1811 1273 1845; x_wconf 88' lang='lat' dir='ltr'><strong>aliud</strong></span> <span class='ocrx_word' id='word_1_244' title='bbox 1305 1812 1499 1853; x_wconf 81' lang='lat' dir='ltr'><strong>substituit,</strong></span> <span class='ocrx_word' id='word_1_245' title='bbox 1535 1813 1635 1846; x_wconf 85' lang='lat' dir='ltr'><strong>musti</strong></span> 
     </span>
     <span class='ocr_line' id='line_1_27' title="bbox 287 1876 1635 1923; baseline -0.002 -10"><span class='ocrx_word' id='word_1_246' title='bbox 287 1879 507 1923; x_wconf 82' lang='lat' dir='ltr'><strong>adspersione</strong></span> <span class='ocrx_word' id='word_1_247' title='bbox 535 1876 726 1919; x_wconf 87' lang='lat' dir='ltr'><strong>inquinatos</strong></span> <span class='ocrx_word' id='word_1_248' title='bbox 761 1876 959 1919; x_wconf 83' lang='lat' dir='ltr'><strong>explicans,</strong></span> <span class='ocrx_word' id='word_1_249' title='bbox 1000 1876 1093 1918; x_wconf 88' lang='lat' dir='ltr'><strong>quod</strong></span> <span class='ocrx_word' id='word_1_250' title='bbox 1129 1878 1232 1910; x_wconf 86' lang='lat' dir='ltr'><strong>etiam</strong></span> <span class='ocrx_word' id='word_1_251' title='bbox 1267 1876 1439 1910; x_wconf 66' lang='lat' dir='ltr'><strong>Hermus</strong></span> <span class='ocrx_word' id='word_1_252' title='bbox 1464 1881 1498 1910; x_wconf 88' lang='lat' dir='ltr'><strong>et</strong></span> <span class='ocrx_word' id='word_1_253' title='bbox 1524 1877 1635 1911; x_wconf 67' lang='lat' dir='ltr'>WUN-</span> 
     </span>
     <span class='ocr_line' id='line_1_28' title="bbox 291 1940 1635 1986; baseline -0.001 -8"><span class='ocrx_word' id='word_1_254' title='bbox 291 1954 514 1978; x_wconf 70' lang='lat' dir='ltr'><strong>DERLIGHIUS</strong></span> <span class='ocrx_word' id='word_1_255' title='bbox 539 1942 688 1985; x_wconf 80' lang='lat' dir='ltr'><strong>amplexi</strong></span> <span class='ocrx_word' id='word_1_256' title='bbox 713 1945 802 1973; x_wconf 88' lang='lat' dir='ltr'><strong>sunt.</strong></span> <span class='ocrx_word' id='word_1_257' title='bbox 853 1940 923 1974; x_wconf 79' lang='lat' dir='ltr'><strong>sed</strong></span> <span class='ocrx_word' id='word_1_258' title='bbox 950 1945 1119 1984; x_wconf 84' lang='lat' dir='ltr'><strong>repugnat</strong></span> <span class='ocrx_word' id='word_1_259' title='bbox 1145 1942 1280 1984; x_wconf 81' lang='lat' dir='ltr'><strong>lingua3</strong></span> <span class='ocrx_word' id='word_1_260' title='bbox 1318 1943 1442 1986; x_wconf 86' lang='lat' dir='ltr'><strong>pedes,</strong></span> <span class='ocrx_word' id='word_1_261' title='bbox 1475 1943 1532 1985; x_wconf 84' lang='lat' dir='ltr'><strong>qui</strong></span> <span class='ocrx_word' id='word_1_262' title='bbox 1557 1943 1635 1976; x_wconf 86' lang='lat' dir='ltr'><strong>dum</strong></span> 
     </span>
     <span class='ocr_line' id='line_1_29' title="bbox 290 2008 1634 2053; baseline -0.001 -10"><span class='ocrx_word' id='word_1_263' title='bbox 290 2013 466 2053; x_wconf 89' lang='lat' dir='ltr'><strong>premunt,</strong></span> <span class='ocrx_word' id='word_1_264' title='bbox 493 2008 708 2051; x_wconf 89' lang='lat' dir='ltr'><strong>inquinantur</strong></span> <span class='ocrx_word' id='word_1_265' title='bbox 737 2012 869 2049; x_wconf 82' lang='lat' dir='ltr'><strong>musto,</strong></span> <span class='ocrx_word' id='word_1_266' title='bbox 895 2018 961 2042; x_wconf 87' lang='lat' dir='ltr'><strong>non</strong></span> <span class='ocrx_word' id='word_1_267' title='bbox 987 2013 1129 2052; x_wconf 91' lang='lat' dir='ltr'><strong>possunt</strong></span> <span class='ocrx_word' id='word_1_268' title='bbox 1155 2009 1368 2052; x_wconf 85' lang='lat' dir='ltr'><strong>negligenter</strong></span> <span class='ocrx_word' id='word_1_269' title='bbox 1394 2008 1496 2042; x_wconf 85' lang='lat' dir='ltr'><strong>habiti</strong></span> <span class='ocrx_word' id='word_1_270' title='bbox 1523 2014 1558 2043; x_wconf 92' lang='lat' dir='ltr'><strong>et</strong></span> <span class='ocrx_word' id='word_1_271' title='bbox 1585 2011 1634 2043; x_wconf 82' lang='lat' dir='ltr'><strong>iu-</strong></span> 
     </span>
     <span class='ocr_line' id='line_1_30' title="bbox 289 2074 1635 2118; baseline -0.001 -7"><span class='ocrx_word' id='word_1_272' title='bbox 289 2078 382 2111; x_wconf 86' lang='lat' dir='ltr'><strong>curia</strong></span> <span class='ocrx_word' id='word_1_273' title='bbox 405 2075 533 2110; x_wconf 90' lang='lat' dir='ltr'><strong>sordidi</strong></span> <span class='ocrx_word' id='word_1_274' title='bbox 557 2075 635 2108; x_wconf 85' lang='lat' dir='ltr'><strong>dici.</strong></span> <span class='ocrx_word' id='word_1_275' title='bbox 685 2074 739 2107; x_wconf 87' lang='lat' dir='ltr'><strong>Ne</strong></span> <span class='ocrx_word' id='word_1_276' title='bbox 765 2075 894 2116; x_wconf 90' lang='lat' dir='ltr'><strong>multa;</strong></span> <span class='ocrx_word' id='word_1_277' title='bbox 920 2076 1062 2109; x_wconf 89' lang='lat' dir='ltr'><strong>meliora</strong></span> <span class='ocrx_word' id='word_1_278' title='bbox 1087 2075 1170 2109; x_wconf 84' lang='lat' dir='ltr'><strong>vidit</strong></span> <span class='ocrx_word' id='word_1_279' title='bbox 1196 2076 1358 2110; x_wconf 81' lang='lat' dir='ltr'><strong>Vossms.</strong></span> <span class='ocrx_word' id='word_1_280' title='bbox 1408 2077 1548 2118; x_wconf 86' lang='lat' dir='ltr'><strong>Inculti,</strong></span> <span class='ocrx_word' id='word_1_281' title='bbox 1577 2077 1635 2114; x_wconf 77' lang='lat' dir='ltr'><strong>ait.</strong></span> 
     </span>
     <span class='ocr_line' id='line_1_31' title="bbox 290 2140 1637 2186; baseline -0.001 -9"><span class='ocrx_word' id='word_1_282' title='bbox 290 2148 367 2177; x_wconf 88' lang='lat' dir='ltr'><strong>sunt</strong></span> <span class='ocrx_word' id='word_1_283' title='bbox 393 2142 541 2183; x_wconf 82' lang='lat' dir='ltr'><strong>indocti,</strong></span> <span class='ocrx_word' id='word_1_284' title='bbox 576 2141 696 2182; x_wconf 83' lang='lat' dir='ltr'><strong>rudes,</strong></span> <span class='ocrx_word' id='word_1_285' title='bbox 721 2140 869 2174; x_wconf 89' lang='lat' dir='ltr'><strong>nondum</strong></span> <span class='ocrx_word' id='word_1_286' title='bbox 895 2141 996 2184; x_wconf 89' lang='lat' dir='ltr'><strong>periti</strong></span> <span class='ocrx_word' id='word_1_287' title='bbox 1022 2140 1120 2174; x_wconf 83' lang='lat' dir='ltr'><strong>huius</strong></span> <span class='ocrx_word' id='word_1_288' title='bbox 1147 2142 1215 2183; x_wconf 89' lang='lat' dir='ltr'><strong>rei,</strong></span> <span class='ocrx_word' id='word_1_289' title='bbox 1240 2142 1367 2186; x_wconf 89' lang='lat' dir='ltr'><strong>quippe</strong></span> <span class='ocrx_word' id='word_1_290' title='bbox 1393 2143 1535 2186; x_wconf 89' lang='lat' dir='ltr'><strong>primum</strong></span> <span class='ocrx_word' id='word_1_291' title='bbox 1561 2146 1637 2176; x_wconf 87' lang='lat' dir='ltr'><strong>ten-</strong></span> 
     </span>
     <span class='ocr_line' id='line_1_32' title="bbox 289 2205 1635 2251; baseline -0.003 -7"><span class='ocrx_word' id='word_1_292' title='bbox 289 2214 422 2251; x_wconf 86' lang='lat' dir='ltr'><strong>tantes,</strong></span> <span class='ocrx_word' id='word_1_293' title='bbox 447 2213 485 2242; x_wconf 88' lang='lat' dir='ltr'><strong>ut</strong></span> <span class='ocrx_word' id='word_1_294' title='bbox 508 2208 622 2241; x_wconf 86' lang='lat' dir='ltr'><strong>statim</strong></span> <span class='ocrx_word' id='word_1_295' title='bbox 647 2206 764 2240; x_wconf 84' lang='lat' dir='ltr'><strong>nescia</strong></span> <span class='ocrx_word' id='word_1_296' title='bbox 789 2205 941 2240; x_wconf 81' lang='lat' dir='ltr'><strong>membra</strong></span> <span class='ocrx_word' id='word_1_297' title='bbox 965 2207 1134 2241; x_wconf 86' lang='lat' dir='ltr'><strong>dicuntur.</strong></span> <span class='ocrx_word' id='word_1_298' title='bbox 1186 2208 1288 2244; x_wconf 83' lang='lat' dir='ltr'><strong>Quod</strong></span> <span class='ocrx_word' id='word_1_299' title='bbox 1315 2218 1431 2241; x_wconf 90' lang='lat' dir='ltr'><strong>verum</strong></span> <span class='ocrx_word' id='word_1_300' title='bbox 1457 2212 1509 2242; x_wconf 89' lang='lat' dir='ltr'><strong>est</strong></span> <span class='ocrx_word' id='word_1_301' title='bbox 1532 2217 1635 2242; x_wconf 84' lang='lat' dir='ltr'><strong>accu-</strong></span> 
     </span>
     <span class='ocr_line' id='line_1_33' title="bbox 290 2273 1636 2318; baseline -0.004 -7"><span class='ocrx_word' id='word_1_302' title='bbox 290 2278 396 2312; x_wconf 82' lang='lat' dir='ltr'><strong>ratius</strong></span> <span class='ocrx_word' id='word_1_303' title='bbox 422 2274 607 2309; x_wconf 76' lang='lat' dir='ltr'><strong>definitum.</strong></span> <span class='ocrx_word' id='word_1_304' title='bbox 667 2274 754 2307; x_wconf 70' lang='lat' dir='ltr'><strong>Nam</strong></span> <span class='ocrx_word' id='word_1_305' title='bbox 781 2285 844 2318; x_wconf 92' lang='lat' dir='ltr'><strong>per</strong></span> <span class='ocrx_word' id='word_1_306' title='bbox 874 2285 911 2308; x_wconf 83' lang='lat' dir='ltr'><strong>se</strong></span> <span class='ocrx_word' id='word_1_307' title='bbox 936 2275 1072 2318; x_wconf 87' lang='lat' dir='ltr'><strong>quidem</strong></span> <span class='ocrx_word' id='word_1_308' title='bbox 1098 2274 1258 2307; x_wconf 71' lang='lat' dir='ltr'><strong>incultus</strong></span> <span class='ocrx_word' id='word_1_309' title='bbox 1282 2285 1348 2308; x_wconf 91' lang='lat' dir='ltr'><strong>non</strong></span> <span class='ocrx_word' id='word_1_310' title='bbox 1374 2278 1426 2308; x_wconf 90' lang='lat' dir='ltr'><strong>est</strong></span> <span class='ocrx_word' id='word_1_311' title='bbox 1455 2273 1552 2307; x_wconf 86' lang='lat' dir='ltr'><strong>huius</strong></span> <span class='ocrx_word' id='word_1_312' title='bbox 1576 2276 1636 2306; x_wconf 88' lang='lat' dir='ltr'><strong>aut</strong></span> 
     </span>
     <span class='ocr_line' id='line_1_34' title="bbox 291 2340 1635 2384; baseline -0.003 -8"><span class='ocrx_word' id='word_1_313' title='bbox 291 2344 380 2376; x_wconf 83' lang='lat' dir='ltr'><strong>illius</strong></span> <span class='ocrx_word' id='word_1_314' title='bbox 406 2342 488 2375; x_wconf 88' lang='lat' dir='ltr'><strong>artis</strong></span> <span class='ocrx_word' id='word_1_315' title='bbox 512 2341 706 2384; x_wconf 84' lang='lat' dir='ltr'><strong>imperitus,</strong></span> <span class='ocrx_word' id='word_1_316' title='bbox 733 2340 794 2374; x_wconf 88' lang='lat' dir='ltr'><strong>sed</strong></span> <span class='ocrx_word' id='word_1_317' title='bbox 820 2343 1068 2384; x_wconf 84' lang='lat' dir='ltr'><strong>generaliorem</strong></span> <span class='ocrx_word' id='word_1_318' title='bbox 1095 2352 1232 2375; x_wconf 87' lang='lat' dir='ltr'><strong>sensum</strong></span> <span class='ocrx_word' id='word_1_319' title='bbox 1260 2341 1371 2375; x_wconf 87' lang='lat' dir='ltr'><strong>habet.</strong></span> <span class='ocrx_word' id='word_1_320' title='bbox 1419 2342 1508 2374; x_wconf 88' lang='lat' dir='ltr'><strong>Sunt</strong></span> <span class='ocrx_word' id='word_1_321' title='bbox 1531 2340 1635 2382; x_wconf 88' lang='lat' dir='ltr'><strong>igitur</strong></span> 
     </span>
     <span class='ocr_line' id='line_1_35' title="bbox 292 2405 1633 2452; baseline -0.001 -11"><span class='ocrx_word' id='word_1_322' title='bbox 292 2409 408 2442; x_wconf 81' lang='lat' dir='ltr'><strong>inculti</strong></span> <span class='ocrx_word' id='word_1_323' title='bbox 433 2407 538 2452; x_wconf 85' lang='lat' dir='ltr'><strong>pedes</strong></span> <span class='ocrx_word' id='word_1_324' title='bbox 571 2405 659 2439; x_wconf 86' lang='lat' dir='ltr'><strong>haud</strong></span> <span class='ocrx_word' id='word_1_325' title='bbox 694 2406 796 2440; x_wconf 83' lang='lat' dir='ltr'><strong>dubie</strong></span> <span class='ocrx_word' id='word_1_326' title='bbox 830 2406 1034 2440; x_wconf 89' lang='lat' dir='ltr'><strong>incultorum</strong></span> <span class='ocrx_word' id='word_1_327' title='bbox 1071 2406 1241 2440; x_wconf 87' lang='lat' dir='ltr'><strong>hominum</strong></span> <span class='ocrx_word' id='word_1_328' title='bbox 1275 2406 1400 2450; x_wconf 89' lang='lat' dir='ltr'><strong>pedes,</strong></span> <span class='ocrx_word' id='word_1_329' title='bbox 1439 2409 1633 2439; x_wconf 76' lang='lat' dir='ltr'><strong>revocatum</strong></span> 
     </span>
     <span class='ocr_line' id='line_1_36' title="bbox 293 2470 1635 2516; baseline -0.001 -10"><span class='ocrx_word' id='word_1_330' title='bbox 293 2484 373 2506; x_wconf 72' lang='lat' dir='ltr'><strong>vero</strong></span> <span class='ocrx_word' id='word_1_331' title='bbox 399 2476 451 2506; x_wconf 88' lang='lat' dir='ltr'><strong>est</strong></span> <span class='ocrx_word' id='word_1_332' title='bbox 476 2470 670 2516; x_wconf 75' lang='lat' dir='ltr'><strong>epitheton,</strong></span> <span class='ocrx_word' id='word_1_333' title='bbox 695 2471 784 2511; x_wconf 84' lang='lat' dir='ltr'><strong>quod</strong></span> <span class='ocrx_word' id='word_1_334' title='bbox 813 2473 968 2515; x_wconf 86' lang='lat' dir='ltr'><strong>personis</strong></span> <span class='ocrx_word' id='word_1_335' title='bbox 993 2472 1232 2515; x_wconf 83' lang='lat' dir='ltr'><strong>competebat,</strong></span> <span class='ocrx_word' id='word_1_336' title='bbox 1258 2471 1300 2503; x_wconf 84' lang='lat' dir='ltr'><strong>ad</strong></span> <span class='ocrx_word' id='word_1_337' title='bbox 1327 2474 1456 2514; x_wconf 88' lang='lat' dir='ltr'><strong>partem</strong></span> <span class='ocrx_word' id='word_1_338' title='bbox 1483 2472 1635 2515; x_wconf 86' lang='lat' dir='ltr'><strong>corporis</strong></span> 
     </span>
     <span class='ocr_line' id='line_1_37' title="bbox 294 2536 1633 2581; baseline -0.002 -10"><span class='ocrx_word' id='word_1_339' title='bbox 294 2551 334 2573; x_wconf 72' lang='lat' dir='ltr'><strong>ex</strong></span> <span class='ocrx_word' id='word_1_340' title='bbox 370 2550 429 2572; x_wconf 79' lang='lat' dir='ltr'><strong>nsu</strong></span> <span class='ocrx_word' id='word_1_341' title='bbox 465 2549 569 2581; x_wconf 87' lang='lat' dir='ltr'><strong>saepe</strong></span> <span class='ocrx_word' id='word_1_342' title='bbox 605 2548 622 2570; x_wconf 88' lang='lat' dir='ltr'><strong>a</strong></span> <span class='ocrx_word' id='word_1_343' title='bbox 659 2538 754 2571; x_wconf 79' lang='lat' dir='ltr'><strong>nobis</strong></span> <span class='ocrx_word' id='word_1_344' title='bbox 788 2542 924 2580; x_wconf 86' lang='lat' dir='ltr'><strong>notato,</strong></span> <span class='ocrx_word' id='word_1_345' title='bbox 962 2549 1038 2572; x_wconf 90' lang='lat' dir='ltr'><strong>cum</strong></span> <span class='ocrx_word' id='word_1_346' title='bbox 1075 2539 1189 2571; x_wconf 86' lang='lat' dir='ltr'><strong>talium</strong></span> <span class='ocrx_word' id='word_1_347' title='bbox 1228 2536 1397 2569; x_wconf 86' lang='lat' dir='ltr'><strong>hominum</strong></span> <span class='ocrx_word' id='word_1_348' title='bbox 1436 2536 1540 2578; x_wconf 84' lang='lat' dir='ltr'><strong>pedes</strong></span> <span class='ocrx_word' id='word_1_349' title='bbox 1571 2536 1633 2578; x_wconf 82' lang='lat' dir='ltr'><strong>ipsi</strong></span> 
     </span>
    </p>
   </div>
   <div class='ocr_carea' id='block_1_3' title="bbox 295 2602 1632 2648">
    <p class='ocr_par' dir='ltr' id='par_1_3' title="bbox 295 2602 1632 2648">
     <span class='ocr_line' id='line_1_38' title="bbox 295 2602 1632 2648; baseline -0.005 -8"><span class='ocrx_word' id='word_1_350' title='bbox 295 2608 394 2640; x_wconf 69' lang='lat' dir='ltr'><strong>otiam</strong></span> <span class='ocrx_word' id='word_1_351' title='bbox 422 2606 521 2640; x_wconf 72' lang='lat' dir='ltr'><strong>rudes</strong></span> <span class='ocrx_word' id='word_1_352' title='bbox 548 2606 613 2639; x_wconf 77' lang='lat' dir='ltr'><strong>sint</strong></span> <span class='ocrx_word' id='word_1_353' title='bbox 640 2610 671 2637; x_wconf 70' lang='lat' dir='ltr'><strong>ot</strong></span> <span class='ocrx_word' id='word_1_354' title='bbox 706 2605 841 2640; x_wconf 75' lang='lat' dir='ltr'><strong>indocti.</strong></span> <span class='ocrx_word' id='word_1_355' title='bbox 895 2606 1047 2648; x_wconf 79' lang='lat' dir='ltr'><strong>Denique</strong></span> <span class='ocrx_word' id='word_1_356' title='bbox 1076 2615 1174 2638; x_wconf 75' lang='lat' dir='ltr'><strong>cansa</strong></span> <span class='ocrx_word' id='word_1_357' title='bbox 1202 2602 1340 2646; x_wconf 71' lang='lat' dir='ltr'><strong>epitheti</strong></span> <span class='ocrx_word' id='word_1_358' title='bbox 1369 2604 1477 2635; x_wconf 72' lang='lat' dir='ltr'><strong>clara:</strong></span> <span class='ocrx_word' id='word_1_359' title='bbox 1517 2602 1632 2634; x_wconf 73' lang='lat' dir='ltr'><strong>lanula--</strong></span> 
     </span>
    </p>
   </div>
  </div>
 </body>
</html>
