1721 2953
498 130 642 169 LIBR.
671 131 702 169 I.
759 129 919 170 ELEG.
949 133 1021 172 Vl.
1361 138 1437 175 139

97 248 159 279 est.
210 245 362 279 Maxime
396 244 429 280 d.
454 243 583 278 XXIV.
616 242 717 276 Mart.
753 242 826 276 dies
862 245 1035 287 sanguinis
1071 245 1148 279 inde
1181 245 1301 280 dictus,
1351 247 1439 281 Vide

101 311 392 343 Bnorcrfflusmm
419 313 454 342 et
479 309 662 342 vammum.
686 327 732 332 —
758 309 925 351 inulta,
952 311 1023 344 sine
1048 314 1135 344 malo
1162 317 1196 345 et
1221 313 1341 346 damno
1366 323 1441 354 suo,

100 378 190 419 quod
220 377 370 410 miraculi
396 377 471 409 loco
497 376 649 417 affertur,
674 387 749 410 cum
777 380 907 409 tantum
931 377 1053 411 femina
1079 379 1230 412 effundat
1256 379 1440 421 sanguinis.

99 444 235 486 Optime
270 442 419 475 Vossms
455 440 601 473 innoxia
634 441 677 482 ll,
710 444 744 483 5,
777 444 834 475 63.
874 446 1091 486 comparavit.
1143 445 1303 478 Videmus
1337 446 1442 488 igitur

99 510 294 543 sacerdotes
319 510 483 551 sanguine
509 519 571 541 suo
596 510 762 552 sparsisse
788 510 921 552 signum
950 511 1053 553 deae,
1088 513 1267 555 gaudentis
1291 512 1354 546 hoc
1381 513 1443 546 ho-

99 586 251 608 nore.—
281 575 322 608 V.
348 576 393 607 49
415 585 465 617 sq.
492 575 690 616 Statque
717 575 837 607 latus
862 577 1071 619 praefixa
1097 589 1223 620 veru,
1253 579 1344 611 tenui
1370 579 1444 610 lan-

98 642 216 683 ceola,
256 641 399 674 HssYNn
426 640 529 673 verba
561 644 656 681 sunt,
695 643 806 673 cutem
833 651 852 672 a
879 642 996 683 sagina
1026 643 1195 676 diductam
1224 645 1370 685 traiicit,
1407 648 1444 675 ut

98 712 288 741 transversa
312 717 392 750 prae
419 708 525 740 latere
550 711 628 740 stet.
677 708 844 749 Faciunt,
879 708 960 741 dicit
988 710 1169 751 VUmes,
1206 721 1442 752 nonnunquam

100 779 135 808 et
169 774 320 807 hodierni
357 775 648 818 praestigiatores.
700 775 751 808 Ad
787 777 1072 809 constructionem
1100 777 1273 809 confertur
1298 777 1441 809 VALER.

99 841 230 874 Fumo.
256 840 283 881 Ι,
307 842 397 873 837:
431 839 544 885 galeis
575 840 743 884 praestan
788 841 920 874 (lomus.
972 843 1131 875 Ceterum
1157 854 1237 876 veru
1265 846 1315 875 est
1342 842 1444 874 telum

101 910 192 939 teres
217 917 292 939 cum
319 907 409 939 tenui
434 917 606 940 mucrone.
631 927 678 931 —
715 914 880 951 monet,
918 910 1130 942 notissimum
1165 910 1206 941 de
1241 909 1304 941 diis
1333 908 1447 942 futura

99 975 389 1018 significantibus,
413 975 455 1008 cf.
482 975 774 1009 BRoncKszmM
800 981 835 1009 et
860 977 902 1009 ad
929 977 1027 1009 Ovid.
1054 977 1139 1009 Met.
1165 977 1208 1018 ll,
1231 978 1310 1009 639.
1346 976 1446 1008 Bon-

101 1053 217 1076 MANN.
251 1042 411 1075 laudante
438 1042 598 1076 HssYNro.
624 1063 671 1068 —
714 1045 825 1086 Atque
863 1044 945 1077 haec
983 1043 1166 1083 hactenus3
1205 1043 1360 1075 absoluta
1395 1045 1447 1074 est

102 1107 308 1151 descriptio,
338 1108 433 1140 cuius
464 1109 642 1140 consilium
668 1112 832 1151 apertum.
882 1110 985 1142 Ritus
1012 1110 1097 1141 enim
1125 1108 1292 1141 terribiles
1319 1107 1448 1140 descri-

103 1173 198 1215 bens,
222 1184 344 1207 numen
372 1175 523 1207 terribile
549 1174 632 1208 deae
658 1176 787 1209 ultricis
813 1176 1002 1217 adumbrat,
1038 1176 1133 1208 cuius
1158 1176 1264 1207 minas
1291 1178 1448 1207 narratu-

102 1249 160 1272 rus
185 1244 237 1272 est
266 1249 397 1281 graves.
449 1240 674 1273 Cousuluerat
708 1241 919 1274 sacerdotem
946 1252 1048 1284 super
1081 1252 1196 1273 amore
1224 1245 1258 1273 et
1283 1240 1351 1272 fide
1378 1240 1447 1272 De-

103 1304 180 1345 liae,
206 1304 381 1346 respondit
404 1315 443 1337 ea
464 1315 552 1346 quae
572 1310 830 1347 sequuntur.-—
858 1307 955 1339 V.51
972 1317 1044 1348 sqq.
1071 1306 1269 1346 violare,
1295 1312 1447 1347 tangere,

104 1371 198 1413 quasi
233 1381 374 1403 sacram.
400 1389 448 1394 —
482 1371 669 1404 Parcite
705 1372 902 1413 violare,
938 1375 977 1404 ut
1011 1372 1193 1410 φείδεο-θαι
1231 1383 1258 1404 c.
1285 1372 1449 1404 infinitivo

103 1437 230 1470 Graeci
253 1436 380 1470 dicunt.
428 1435 501 1468 Res
525 1439 617 1477 nota,
644 1436 686 1470 cf.
714 1436 799 1469 infra
824 1436 885 1478 111,
911 1439 944 1478 5,
971 1440 1003 1470 6.
1021 1455 1068 1461 —-
1094 1440 1198 1480 post
1223 1436 1450 1469 didicisse

103 1504 174 1537 scil.
196 1503 238 1537 ab
264 1505 389 1536 Amore
415 1514 489 1536 eam
515 1503 688 1536 custodiri.
708 1522 755 1527 --
780 1504 1029 1546 Attigerit,
1054 1503 1085 1536 Ιι.
1113 1514 1143 1537 e.
1170 1504 1195 1536 si
1223 1504 1297 1546 quis
1323 1504 1450 1545 attige—

103 1571 147 1602 rit
172 1570 339 1613 puellam,
364 1568 557 1601 dilabentur
580 1565 663 1612 opes
690 1569 773 1603 eius.
823 1569 953 1611 Figura
978 1570 1153 1613 aptissima
1179 1570 1210 1602 in
1236 1570 1346 1602 vivida
1373 1580 1450 1601 ora—

102 1636 194 1668 tione
232 1636 377 1668 Graecis
411 1635 612 1677 Latinisque
646 1636 792 1677 usitata3
827 1633 950 1680 γοργὸν
989 1637 1103 1680 σχῆμα
1139 1638 1274 1669 Graece
1312 1636 1450 1668 dixeris.

102 1700 188 1742 Egit
220 1700 263 1733 de
296 1711 337 1733 ea
362 1701 681 1733 WUNnssnmcmus
715 1711 818 1744 supra
852 1701 893 1733 ad
928 1711 958 1734 v.
986 1703 1060 1743 37.‚
1101 1691 1313 1734 Hn'scnxms
1339 1701 1381 1733 ad
1406 1701 1451 1741 ΙΙ,

103 1769 137 1809 3,
162 1769 217 1800 79.
263 1767 406 1800 BENTL.
431 1767 472 1800 ad
502 1767 624 1801 Horat.
650 1769 723 1801 Sat.
749 1768 793 1810 11,
819 1772 851 1809 6,
876 1770 934 1800 48.
984 1768 1196 1802 Hmmnom.
1223 1767 1265 1800 ad
1294 1767 1398 1800 Satir.
1425 1766 1451 1807 Ι,

105 1835 139 1875 1,
164 1835 220 1866 45.
271 1834 404 1866 Graeca
439 1835 595 1877 exempla
631 1833 706 1866 vide
741 1844 795 1876 ap.
830 1834 982 1867 ΜΑΤΤΗ.
1016 1833 1057 1866 ad
1084 1833 1202 1877 Eurip.
1231 1833 1344 1865 Orest.
1371 1833 1452 1863 635.

105 1904 140 1934 et
163 1901 196 1933 in
223 1901 409 1934 Grammat.
436 1912 468 1944 p.
504 1903 605 1933 1292.
656 1900 813 1933 Habetur
845 1901 948 1942 vulgo
987 1899 1154 1945 attigeris
1188 1898 1337 1932 secunda
1374 1907 1455 1940 per—

106 1977 208 2010 sona,
242 1972 355 2000 tamen
389 1967 559 2010 antiquior
583 1968 684 2000 lectio
711 1966 876 2011 attigerit
903 1966 978 2001 fuit.
1028 1967 1079 1999 De
1108 1967 1290 1999 omissione
1326 1974 1453 2008 prono-

105 2035 204 2068 minis
229 2033 360 2080 aliquis
384 2034 418 2066 in
443 2034 634 2066 universum
661 2036 804 2074 constat,
830 2032 906 2065 vide
932 2033 1144 2065 HnanoRF.
1173 2031 1214 2064 ad
1238 2031 1356 2063 Horat.
1380 2031 1452 2063 Sat.

106 2100 134 2142 Ι,
159 2102 192 2139 4,
217 2103 274 2132 79.
300 2099 532 2132 Hausmcssu.
558 2099 674 2132 Praef.
700 2098 742 2131 ad
769 2099 839 2131 Cic.
866 2098 908 2131 de
935 2099 1003 2132 Off.
1031 2098 1190 2142 p.XLv.
1214 2098 1453 2130 Howrmcssu.

108 2166 151 2198 ad
172 2166 243 2199 Cic.
264 2167 306 2199 de
326 2166 400 2199 Div.
420 2165 447 2206 Ι,
469 2168 527 2197 29.
562 2166 758 2199 Wopxrms.
786 2165 899 2200 Lectt.
926 2165 1017 2198 Tull.
1046 2177 1078 2209 p.
1101 2168 1133 2198 2.
1159 2166 1234 2198 Cic.
1259 2164 1361 2198 Acad.
1379 2164 1403 2205 Ι,
1422 2167 1453 2197 1.

108 2233 150 2266 de
176 2234 249 2266 Fin.
275 2233 319 2274 II,
345 2236 379 2266 7.
403 2238 489 2266 extr.
516 2232 575 2273 lv,
600 2235 657 2265 28.
683 2232 725 2273 V,
750 2234 807 2264 30.
858 2232 980 2265 Cenat.
1007 2232 1162 2266 otu-m.
1195 2231 1317 2274 Eclog.
1345 2232 1455 2264 Cicer.

110 2311 142 2343 p.
170 2302 242 2331 182.
270 2298 322 2331 ed.
350 2309 418 2331 sec.
447 2298 603 2340 Hotting.
654 2298 752 2333 Quae
778 2296 914 2339 quidem
942 2307 1009 2330 nou
1035 2298 1156 2330 similia
1183 2296 1259 2330 liuic
1284 2298 1454 2341 praesenti

109 2369 188 2399 sunt
227 2365 403 2408 exempla,
445 2369 556 2397 tamen
597 2365 697 2397 etiam
733 2363 787 2397 hic
821 2368 900 2408 apta
935 2364 1069 2397 videtur
1103 2364 1204 2397 tertia
1243 2375 1386 2408 persona
1423 2368 1454 2395 et

110 2432 222 2473 gravis
256 2433 289 2464 in
323 2432 447 2464 affectu
481 2431 540 2463 tali
578 2429 702 2472 (ric'lzrt
733 2429 829 2461 einer
861 2440 928 2465 an,
967 2429 1015 2462 is!
1041 2442 1077 2461 er
1103 2429 1383 2474 unglt'iclclicltf).
1410 2448 1455 2452 —

111 2497 290 2530 Postremo
333 2502 479 2541 tangere
520 2495 697 2527 mulierem
742 2495 920 2528 notissimo
959 2506 1023 2529 usu
1064 2495 1188 2529 dicitur
1232 2500 1269 2528 ut
1313 2496 1457 2528 Graecis

114 2558 305 2604 θιγγάνειν,
342 2561 383 2595 cf.
420 2563 630 2596 Humi->ona
663 2562 706 2595 ad
743 2562 862 2599 Horat.
896 2566 968 2598 Sat.
996 2564 1022 2605 Ι,
1047 2565 1080 2604 2,
1105 2565 1162 2596 28.
1215 2564 1378 2596 Scumn.
1414 2562 1454 2594 aul

114 2628 290 2662 Musaeum
318 2640 349 2673 p·
373 2632 453 2663 204.
482 2648 523 2654 -
551 2634 596 2663 ut
621 2631 806 2664 vulnere
830 2635 986 2664 nostro
1007 2629 1196 2671 sanguis
1226 2630 1299 2662 scil.
1324 2629 1454 2661 labitur.
