1721 2953
294 157 373 195 [548
605 150 636 191 C
642 147 977 193 OMMENTAR.
1002 150 1062 193 IN
1092 150 1320 192 TIBULLI

298 266 451 308 Denique
484 262 537 298 hic
562 264 746 298 notandum
772 269 824 299 est
848 266 939 309 quod
967 266 1223 301 LAGHMANNUS
1248 264 1429 307 observat,
1462 263 1637 298 Tibullum

295 340 459 373 nusquam
473 328 639 362 mundum
655 340 717 373 pro
737 331 832 363 caelo
855 331 1020 375 posuisse.
1036 351 1082 357 —
1108 341 1242 373 amne,
1263 331 1414 373 Oceano,
1435 334 1473 364 ut
1483 330 1528 371 ll,
1538 333 1571 371 5,
1581 332 1637 362 60.

293 394 478 439 Epitheton
503 395 768 436 caeruleus,
804 395 867 428 etsi
892 396 1052 429 usitatum
1077 396 1182 429 maris
1207 396 1464 440 praedicatum,
1493 405 1559 428 non
1585 398 1636 427 ta-

292 470 368 493 men
393 460 540 494 otiosum
565 458 619 493 hic
645 464 717 502 est3
752 470 830 495 cum
862 462 949 496 enim
985 473 1028 496 ex
1064 461 1201 496 aethere
1235 463 1268 495 in
1295 473 1398 506 aquas
1423 461 1637 494 descendisse

289 526 380 560 dicat
413 526 580 569 Noctem,
623 527 719 560 addit
749 527 783 561 id
817 529 1040 573 oppositionis
1064 529 1304 570 distinctioris,
1345 527 1498 561 fortioris
1524 537 1636 567 cansa,

290 592 405 634 qualia
437 602 541 636 saepe
575 592 666 636 apud
699 592 875 626 Tibullum
910 593 1143 635 laudavimus,
1181 604 1258 626 cum
1291 593 1444 634 vigorem
1480 590 1636 624 habeant.

290 658 349 691 Sic
378 658 485 692 Ovm.
511 658 596 691 Met.
621 658 649 700 I,
673 660 754 691 275.
780 658 877 696 melo
902 658 992 691 Iovis
1022 657 1212 701 pluviisque
1236 657 1322 690 caeli
1350 656 1532 700 opponitur
1557 666 1635 686 cae—

290 723 412 757 ruleus
437 724 542 758 frater
567 724 760 768 Neptunus.
820 723 899 758 Non
925 724 1064 757 tenebat
1089 723 1153 758 hoc
1176 725 1352 765 Vossms,
1389 724 1447 766 qui
1470 733 1490 755 a
1516 721 1636 755 Noctis

292 803 394 826 curru
419 792 648 827 descendente
672 793 788 826 nescio
809 792 980 835 quomodo
1000 791 1131 825 derivat
1152 791 1240 825 hunc
1262 792 1454 825 caeruleum
1475 791 1622 824 colorem

290 859 386 893 Idem
422 870 489 893 non
527 863 622 893 recte
659 858 877 903 reprehendit
910 858 1002 902 quod
1039 863 1141 903 poeta
1177 862 1300 892 rotas
1333 856 1453 890 Noctis
1491 855 1635 888 lavari

291 927 437 967 statuat,
472 934 559 967 quae
592 923 673 967 quid
699 925 847 968 pulveris
873 924 1106 958 contraxerint
1130 924 1164 956 in
1192 923 1333 956 caelesti
1357 922 1410 955 via
1435 930 1501 954 non
1528 929 1634 963 appa-

288 996 373 1024 reat.
422 990 488 1025 Est
510 1002 591 1025 vero
617 990 670 1025 hic
695 990 815 1023 lavari
839 992 1038 1035 simpliciter
1063 991 1104 1025 de
1129 990 1328 1024 madefactis
1356 989 1459 1029 rotis,
1484 998 1525 1020 ac
1550 987 1635 1019 dixit

289 1055 412 1089 eodem
444 1055 547 1089 modo
579 1057 729 1091 Vnum..
755 1057 885 1098 Georg.
910 1055 972 1098 111,
997 1058 1089 1089 357:
1132 1057 1220 1087 Tum
1251 1054 1304 1087 sol
1331 1053 1503 1097 pallentis
1538 1052 1637 1083 haud

289 1135 448 1168 unquam
484 1122 632 1156 discutit
665 1121 829 1159 umbras,
863 1123 938 1154 Nec
971 1132 1049 1153 cum
1080 1120 1241 1154 invectus
1275 1120 1373 1166 equis
1398 1119 1513 1151 altum
1541 1118 1633 1163 petit

288 1187 456 1225 aethera,
491 1199 554 1220 nec
587 1199 664 1220 cum
686 1184 921 1230 Praecipitem
953 1185 1083 1218 Oceani
1113 1184 1218 1218 rubro
1240 1184 1339 1226 ,lai-it
1373 1197 1522 1231 aequore
1554 1197 1629 1217 cm-

291 1267 379 1290 rum.
401 1274 446 1280 —
470 1256 514 1290 V.
541 1258 586 1289 19
606 1265 680 1297 sqq.
705 1253 842 1287 menti
867 1253 973 1286 deus
998 1253 1131 1285 utilis
1157 1263 1340 1295 aegrae,
1366 1252 1634 1296 circumscriptio

289 1332 368 1355 vere
393 1322 556 1365 elegiaca.
607 1321 693 1354 Mox
718 1322 906 1354 Somnus
931 1319 1019 1353 bene
1045 1322 1097 1352 est
1122 1320 1274 1352 iunctum
1297 1329 1316 1352 a
1334 1319 1463 1353 Vosslo
1482 1329 1558 1352 cnm
1579 1328 1633 1351 se—

289 1389 492 1430 quentibus,
527 1398 627 1430 quam
659 1388 967 1429 interpunctionem
1001 1386 1145 1428 primum
1178 1396 1198 1418 a
1223 1386 1421 1417 Gmnuffluo
1456 1384 1632 1416 CANTssRo

287 1455 398 1488 Now.
424 1454 538 1487 Lectt.
563 1453 591 1494 Ι,
618 1456 674 1486 18.
702 1455 923 1485 monstratam
957 1452 1172 1484 Huscnxms
1205 1454 1312 1485 notat.
1363 1451 1448 1483 Cum
1475 1451 1562 1483 enim
1589 1461 1630 1483 ex

286 1520 419 1563 vulgari
442 1520 573 1553 ratione
599 1517 662 1552 hoc
687 1528 819 1552 comma
844 1519 876 1551 vi
897 1519 1132 1559 iusta-careat,
1159 1521 1280 1561 utpote
1305 1517 1503 1550 destitutum
1534 1515 1633 1547 etiam

286 1585 487 1629 pronomine
511 1583 592 1619 ille,
616 1582 707 1626 quod
733 1583 961 1615 necessarium
986 1583 1127 1615 absente
1152 1582 1382 1623 substantivo,
1410 1582 1452 1615 cf.
1477 1583 1522 1615 ad
1548 1583 1575 1625 l,
1600 1586 1632 1624 2,

290 1652 371 1692 58.,
403 1660 492 1683 nunc
521 1659 664 1682 nervosa
689 1652 768 1681 sunt
794 1648 917 1681 onmia.
943 1666 990 1671 -
1030 1648 1207 1681 deficit.
1256 1648 1324 1680 Ubi
1350 1649 1543 1681 sollicitudo
1570 1650 1635 1682 do-

287 1724 381 1748 mum
405 1713 559 1755 obsidet,
593 1714 721 1746 intrare
759 1723 827 1746 non
852 1712 945 1745 valet
969 1722 1130 1754 somnus,
1166 1712 1379 1746 defetiscitur
1403 1725 1466 1748 nec
1496 1720 1633 1759 superat

286 1781 401 1814 limen.
425 1799 471 1804 —
497 1790 659 1813 summo
692 1779 935 1824 prospexit
969 1779 1021 1813 ab
1054 1783 1176 1820 ortu,
1212 1790 1289 1812 cum
1313 1781 1379 1813 iam
1404 1781 1504 1813 altius
1529 1791 1632 1824 snper

284 1844 496 1879 horizontem
528 1845 781 1886 adscendisset,
818 1847 857 1876 ut
891 1847 984 1877 recte
1018 1847 1134 1877 monet
1165 1844 1323 1879 Vosstus.
1383 1844 1470 1878 Nam
1503 1846 1630 1889 primns

286 1917 380 1947 ortus
405 1917 457 1946 est
481 1912 636 1956 proxima
662 1910 828 1944 horizonti
854 1921 931 1954 pars
957 1911 1055 1954 caeli,
1080 1921 1231 1944 summus
1254 1915 1373 1944 autem
1394 1911 1496 1943 altior
1520 1911 1630 1952 regio.

285 1990 327 2013 ac
359 1980 483 2012 nollem
508 1979 831 2011 WUNDERmcfflus
863 1977 986 2018 Virgil.
1011 1977 1096 2010 Aen.
1125 1976 1203 2018 vll,
1228 1979 1286 2010 25.
1313 1978 1536 2019 contulisset,
1574 1976 1632 2009 ubi

287 2043 405 2078 aether
434 2045 523 2077 altus
556 2043 740 2087 opponitur
773 2043 870 2076 mari.
918 2043 1074 2086 Denique
1110 2043 1383 2087 prospicere
1416 2047 1469 2076 est
1494 2044 1630 2087 proprie

288 2121 332 2143 ex
358 2111 427 2143 alto
460 2110 595 2150 videre,
631 2112 670 2141 ut
694 2119 797 2153 supra
820 2109 866 2151 II,
891 2113 925 2151 5,
948 2113 1025 2152 58.‚
1061 2110 1170 2144 Ovm.
1195 2108 1337 2142 Heroid.
1362 2109 1408 2151 II,
1438 2111 1515 2142 124.
1550 2109 1628 2153 ibiq.

289 2175 493 2207 Runa-xm..
531 2173 676 2215 metata,
703 2175 759 2216 qni
781 2175 883 2207 etiam
909 2174 1136 2208 Minimmn.
1161 2174 1203 2207 ad
1230 2175 1318 2207 Stat.
1347 2175 1431 2208 Silv.
1457 2174 1500 2215 ΙΙ,
1520 2177 1553 2216 2,
1573 2177 1628 2208 45.

288 2239 415 2273 laudat.
450 2257 496 2263 —-
541 2240 585 2273 V.
611 2238 656 2271 23
683 2249 733 2281 sq.
782 2238 886 2280 Hic,
928 2242 1027 2280 tuuc,
1072 2239 1178 2272 veluti
1213 2239 1323 2273 Yme.
1355 2239 1439 2272 Aen.
1472 2239 1516 2281 ΙΙ,
1551 2242 1627 2273 199.

287 2306 409 2348 Neque
434 2309 547 2338 tamen
573 2305 730 2338 Tibullus
755 2304 853 2338 dixit.
901 2305 987 2338 Mox
1022 2308 1149 2338 casta
1185 2305 1334 2346 lauro,
1373 2315 1461 2347 qnae
1494 2304 1629 2348 proprie

288 2372 331 2405 ob
361 2370 525 2415 Daphnen
552 2371 772 2404 castissimam
807 2370 973 2413 virginem
1007 2374 1060 2404 est
1093 2370 1184 2403 dicta
1223 2370 1256 2403 in
1290 2370 1421 2403 laurum
1456 2373 1627 2411 mutatam,

286 2446 372 2469 nnnc
399 2436 492 2469 vides
517 2432 556 2468 τι)
584 2432 685 2478 ιῖγιιόν
710 2437 877 2481 Apollinis
903 2435 966 2479 (cf.
992 2436 1167 2470 Mt‘mm.
1192 2436 1281 2470 Hist.
1309 2436 1390 2470 Dor.
1415 2435 1442 2477 Ι,
1467 2447 1498 2478 p.
1525 2436 1628 2479 302.)

289 2500 481 2543 designari,
514 2502 609 2534 cuins
642 2502 742 2535 etiam
776 2502 910 2546 species
936 2505 1029 2534 casta
1056 2479 1110 2534 es}
1148 2505 1185 2534 ut
1218 2502 1361 2534 animus.
1389 2517 1432 2525 ·-
1476 2506 1627 2535 nostra

293 2576 460 2610 ponere
486 2568 590 2601 sede
617 2568 781 2612 pedem.
831 2568 944 2602 Carni.
969 2567 1012 2601 ad
1041 2568 1237 2601 Mnsssnm
1265 2577 1295 2599 v.
1324 2568 1385 2599 13:
1421 2565 1629 2599 Molorcheis⁸

291 2633 405 2672 posuit
445 2633 595 2680 vestigia
631 2634 751 2673 lectis:
790 2634 822 2670 li·
850 2646 877 2671 e.
914 2635 1059 2670 intravit.
1111 2635 1297 2669 PROPERT.
1331 2632 1373 2674 ll,
1408 2634 1441 2673 9,
1466 2633 1532 2666 4'5:
1570 2643 1627 2664 new
