1721 2953
250 125 313 169 36
646 120 886 167 't‘l'ssULLl
938 121 1048 167 Ltss.
1084 123 1111 170 l,
1144 132 1198 166 10.

275 247 366 294 §At
398 244 508 292 nihil
540 244 611 291 ille
648 244 782 291 miser
817 245 1011 292 meruit?
1057 263 1138 291 nos
1177 244 1235 291 ad
1270 243 1386 291 mala
1422 256 1574 292 nostra

373 332 620 387 Venimus,
667 330 713 376 in
743 348 894 378 saevas
926 331 1047 396 quod
1087 331 1210 377 dedit
1243 330 1315 377 ille
1352 331 1482 378 feras.

308 418 465 465 Dixitis
501 416 587 463 hoc
615 415 769 462 vitium
805 428 869 463 est
901 417 1021 475 auri⁷
1060 435 1142 464 nec
1180 415 1294 463 bella
1333 416 1538 473 fuerunt,

366 502 566 565 Faginus
601 501 773 548 astabat
808 521 909 549 cum
947 502 1145 570 scyphus
1183 514 1283 549 ante
1320 502 1472 567 dapes,

306 590 407 635 Non
445 606 594 645 arces,
630 607 721 634 non
758 587 897 634 vallus
935 599 1052 643 erat,
1090 606 1388 653 somnumque
1424 587 1604 654 petebat

256 687 297 720 to
376 675 571 721 Securus
607 673 751 720 varias
789 672 879 719 dux
917 674 1066 736 gregis
1101 674 1219 720 inter
1251 692 1366 723 oves⁴

301 762 430 807 ”l‘unc
462 760 572 806 mihi
603 759 690 806 vita
722 759 858 815 foret,
908 758 1029 822 vulgi
1066 777 1148 805 nec
1181 758 1325 805 tristia
1357 775 1536 804 nossem

370 851 509 893 Arma
545 864 627 892 nec
666 845 891 892 audissem
929 844 1065 892 corde
1102 845 1295 892 micante
1331 844 1510 891 tubam:

301 935 432 980 ‘Nunc
470 932 527 979 ad
560 931 676 978 bella
703 930 870 988 trahor,
906 942 946 977 et
982 931 1069 977 iam
1107 932 1207 996 quis
1245 931 1434 978 forsitan
1462 930 1603 977 hostis

377 1021 579 1066 Haesura
616 1019 662 1064 in
695 1029 849 1064 nostro
884 1017 967 1064 tela
1006 1017 1119 1080 gerit
1154 1017 1301 1064 latere.

258 1118 298 1152 15
314 1105 403 1153 Sed
440 1105 573 1170 patrii
605 1116 773 1150 servate
810 1105 973 1150 Lares:
1029 1103 1201 1149 aluistis
1237 1115 1278 1149 et
1310 1102 1454 1159 idem,

377 1193 610 1239 Cursarem
651 1201 818 1237 vestros
855 1208 953 1236 cum
993 1200 1117 1235 tener
1151 1199 1251 1235 ante
1287 1188 1438 1253 pedes.

312 1280 406 1324 Neu
446 1277 615 1341 pudeat
651 1276 801 1340 prisco
838 1294 915 1322 vos
950 1293 1045 1322 esse
1081 1293 1103 1321 e
1133 1275 1280 1340 stipite
1317 1274 1486 1321 factos:

375 1363 449 1409 Sic
486 1362 643 1408 veteris
681 1361 808 1407 sedes
843 1360 1092 1407 incoluistis
1131 1360 1211 1406 avi.

311 1451 439 1495 Tunc
479 1447 635 1494 melius
674 1458 852 1493 tenuere
890 1445 1049 1503 fidem,
1097 1464 1197 1491 cum
1234 1462 1433 1509 paupere
1463 1443 1582 1491 cultu

258 1549 304 1583 20
386 1534 540 1581 Stabat
570 1533 616 1580 in
654 1533 811 1596 exigua
848 1531 1024 1595 ligneus
1062 1531 1170 1578 aede
1207 1530 1330 1577 deus.

313 1624 397 1670 llic
434 1622 634 1687 placatus
672 1633 789 1678 erat,
832 1639 910 1667 seu
947 1619 1046 1684 quis
1079 1618 1293 1665 libaverat
1327 1635 1460 1664 uvam

380 1710 469 1756 Seu
507 1708 690 1755 dederat
727 1718 906 1754 sanctae
937 1705 1088 1770 spicea
1118 1716 1235 1752 serta
1272 1722 1448 1752 comae:

315 1797 460 1859 Atque
499 1793 659 1859 aliquis
696 1792 785 1839 voti
822 1810 1005 1856 compos
1041 1791 1131 1838 liba
1165 1791 1260 1855 ipse
1297 1789 1469 1836 ferebat

378 1881 575 1944 Postque
612 1897 759 1926 comes
796 1896 961 1942 purum
998 1876 1090 1923 filia
1124 1895 1261 1940 parva
1298 1875 1461 1922 favum.

262 1980 307 2014 25
323 1969 380 2014 At
413 1966 544 2012 nobis
582 1976 753 2021 aerata,
800 1965 961 2019 Lares,
1011 1961 1215 2026 depellite
1252 1960 1360 2016 tela,

382 2052 628 2116 Hostiaque
661 2068 683 2097 e
719 2049 852 2115 plena
886 2048 1049 2095 rustica
1088 2066 1253 2113 porcus
1291 2046 1412 2092 hara.

360 2192 400 2225 V.
416 2194 448 2224 5.
477 2191 603 2234 Optimi
627 2190 708 2230 An,
734 2189 823 2232 quod
848 2190 1002 2233 reposuit
1020 2188 1285 2220 momnis-xus.
1334 2183 1399 2216 Alii
1423 2183 1492 2224 At,
1522 2180 1612 2224 quod

264 2268 379 2291 rerum
402 2256 561 2289 habemus
581 2266 657 2288 cum
675 2255 760 2287 aliis.
802 2255 932 2287 Vossio
954 2253 1015 2286 Alc
1036 2252 1162 2296 placuit
1181 2258 1356 2294 reponere,
1378 2248 1488 2280 minus
1508 2250 1611 2279 recte.

363 2331 400 2363 Υ.
417 2334 472 2364 23.
508 2333 606 2374 ipse
638 2330 770 2363 videtur
796 2339 871 2362 esse
898 2329 929 2361 in
956 2328 1201 2360 Essoniscmx‘sr.
1252 2326 1354 2358 Certe
1380 2334 1466 2356 nunc
1492 2323 1613 2355 LAcH-

268 2407 414 2430 Μαῖα-5
449 2395 525 2428 milii
559 2397 728 2438 siguificat
764 2405 839 2427 euin
870 2405 934 2427 non
967 2393 1090 2426 habere
1124 2391 1222 2435 ήκω,
1259 2395 1296 2423 ut
1323 2391 1354 2422 in
1381 2389 1528 2422 editione
1554 2398 1614 2420 sua

269 2462 364 2495 dixit.
401 2480 443 2484 —
515 2462 632 2494 5126.
674 2461 936 2502 Hostiaque
971 2459 1046 2491 libri
1083 2458 1220 2501 optimi,
1266 2460 1369 2488 recte.
1437 2455 1614 2487 Paccius:

269 2526 401 2559 Hostia
424 2526 512 2567 erit,
541 2527 666 2568 aliique
690 2527 782 2567 libri,
809 2525 899 2568 quod
923 2526 1026 2567 vulgo
1047 2523 1201 2567 probant.
1218 2540 1264 2546 —
1295 2520 1444 2564 mystica
1469 2520 1615 2562 plurimi,

268 2592 327 2626 sed
354 2591 499 2625 tenenda
529 2592 634 2624 altera
662 2592 763 2624 tectio
795 2591 984 2625 rustica.
1035 2589 1288 2622 memmxs
1314 2586 1397 2620 illud
1427 2586 1590 2630 reposuit.

1700 1716 1718 2413 ·-⁴'ssm-——-=n—-—a>s
1699 1270 1717 1701 ffl-mw-„,
1708 1235 1710 1240 ,
1702 1164 1710 1216 aa.
