1721 2953
301 174 383 210 400
617 165 985 208 COMMENTAR.
1016 166 1072 206 IN
1103 165 1331 206 TIBULLI

306 282 451 315 Messala
482 281 515 313 in
543 282 689 322 utroque
722 288 848 321 genere
882 279 1087 320 excelleret,
1122 276 1183 312 hos
1215 279 1302 313 duos
1331 277 1648 313 commemorandos

304 349 435 381 censuit
467 348 580 390 poeta.
628 343 778 378 Eosdem
803 345 962 379 S‘rmws
993 345 1108 379 laudat
1140 345 1223 379 Silv.
1249 346 1291 387 V,
1316 348 1353 388 3,
1383 349 1462 379 114.
1485 364 1531 370 —
1577 345 1649 379 de-

303 416 526 447 curreret.
589 412 926 454 Wunmmmcmus,
971 422 1072 455 quem
1106 412 1259 454 sequitur
1294 412 1524 454 Huscnmus,
1568 421 1648 455 per-

303 481 429 514 fectum
464 477 656 511 decurrerit
691 477 859 522 praefert,
900 477 979 520 quia
1016 476 1224 521 praecedens
1255 476 1384 510 vixerit
1418 487 1484 510 non
1518 475 1649 516 aoristi,

304 546 365 580 sed
391 545 535 591 perfecti
564 545 702 590 proprie
727 544 808 585 dicti
833 545 900 579 vim
933 544 1076 587 habeat,
1111 546 1166 578 cui
1195 554 1262 578 non
1291 543 1401 577 credit
1432 547 1526 576 recte
1553 542 1647 584 iungi

304 613 550 658 imperfectum.
609 611 680 646 Sed
715 612 946 646 certissimum
976 615 1028 645 est
1061 609 1142 644 nihil
1174 609 1422 644 incommodius
1453 607 1507 642 hic
1533 607 1649 642 inferri

304 691 407 725 posse
440 679 614 725 perfecto,
649 677 798 721 nihilque
829 679 942 723 aptius
970 682 1005 712 et
1035 678 1148 711 verius
1184 687 1260 711 esse
1293 676 1504 720 imperfecto.
1561 674 1649 709 Vide

303 748 347 782 ad
379 748 406 791 Ι,
426 750 460 791 2,
481 751 537 782 65.
563 765 608 772 -
657 756 734 792 per
769 747 938 788 orbem,
973 756 1035 790 per
1059 746 1210 787 caelum,
1238 744 1265 787 I,
1286 747 1319 787 2,
1341 747 1398 778 50.
1422 762 1470 768 —
1519 746 1649 785 terna

305 815 520 856 Saecula,
545 812 671 846 Graeci
701 808 814 854 ysraic
839 811 976 854 dicunt,
1007 821 1094 855 quae
1125 815 1238 844 tamen
1273 810 1466 852 breviores,
1503 799 1540 842 ut
1557 812 1647 841 'con-

303 885 390 924 stat‚
423 881 551 915 Italicis
574 880 729 914 saeculis.
796 880 855 913 Sic
880 879 1005 913 factum
1033 883 1073 911 ut
1100 878 1213 911 Latini
1241 880 1414 911 trecentos
1440 885 1546 908 annos
1576 873 1649 907 Ne-

303 949 387 981 stori
412 947 586 988 dederint,
612 945 656 980 de
681 945 802 989 quibus
827 956 894 978 non
918 945 1082 987 cogitavit
1102 943 1294 976 Hommms.
1314 959 1362 967 --
1409 941 1649 975 fertilibus

305 1013 450 1055 boris,
485 1011 517 1047 h.
543 1022 573 1046 e.
606 1011 866 1056 tempestatibus
896 1011 994 1052 anni,
1029 1009 1132 1043 veluti
1165 1008 1308 1042 Hom'r.
1336 1008 1502 1041 notissim.
1532 1007 1596 1039 loc.
1622 1005 1649 1046 l,

306 1083 371 1123 12,
401 1082 468 1113 16:
506 1077 685 1124 variisque
722 1075 890 1109 mundum
925 1077 1110 1119 Temperat
1146 1073 1253 1106 horis.
1315 1073 1500 1105 Construes
1536 1074 1649 1103 autem

305 1153 409 1178 terna
446 1144 590 1178 saecula
620 1140 810 1189 fertilibus
848 1140 955 1173 horis.
1017 1139 1109 1172 Infra
1145 1139 1247 1172 dicit:
1299 1139 1444 1170 Centum
1473 1134 1652 1182 fecundos

309 1213 418 1244 Titan
449 1209 671 1244 renovaverit
702 1220 832 1244 annos,
877 1212 911 1241 et
943 1209 1084 1242 v.122:
1117 1205 1260 1252 fertilis
1293 1203 1390 1239 anni.
1450 1203 1490 1237 In
1523 1203 1620 1246 ViCil-

305 1277 424 1311 tudine
461 1282 653 1321 temporum
691 1285 827 1309 causam
867 1273 1052 1307 fertilitatis
1090 1273 1235 1317 positam
1272 1271 1347 1314 quis
1384 1270 1514 1311 nescit,
1563 1279 1621 1304 un„

1635 1312 1661 1358 ll

306 1415 412 1443 tatem
438 1408 502 1442 hoc
527 1409 604 1441 loco
629 1407 750 1440 habeat
773 1406 955 1438 fertilitatis
979 1404 1119 1437 mentio.
1168 1402 1301 1446 Nempe
1327 1403 1360 1434 in
1386 1401 1505 1443 elegiis
1524 1399 1653 1432 Tibulli

309 1345 452 1378 Graecis
476 1333 589 1388 ῒΩριιι
620 1339 801 1386 εἷὲκαρποι,
835 1336 1078 1385 ἀγλαόκαρποι.
1129 1339 1286 1374 Quaeras
1310 1346 1412 1381 porro
1436 1344 1536 1378 quam
1561 1321 1634 1367 utit'.

308 1485 375 1507 non
407 1484 489 1507 sane
521 1471 671 1506 occurrit
705 1468 898 1503 huiusmodi
925 1468 1025 1511 quid,
1059 1467 1149 1510 quod
1178 1478 1244 1500 non
1274 1467 1410 1500 adiuvet
1438 1466 1654 1505 sententiam,

309 1541 369 1574 scd
405 1551 493 1573 nunc
526 1539 560 1572 in
595 1539 694 1582 epico
731 1537 879 1570 carmine
915 1545 1109 1576 versamur,
1150 1534 1241 1577 quod
1275 1544 1382 1576 genus
1414 1533 1520 1566 multa
1554 1531 1655 1564 habet

310 1610 508 1639 ornamenta
540 1615 607 1638 non
640 1604 851 1646 singulorum
890 1604 1041 1635 locorum
1077 1611 1179 1634 causa
1217 1601 1347 1643 posita,
1393 1599 1454 1632 sed
1487 1603 1525 1631 ut
1561 1600 1656 1630 color

311 1673 490 1705 universae
525 1671 688 1704 orationis
726 1668 936 1713 splendidior
972 1668 1042 1701 fiat.
1074 1685 1118 1690 —
1177 1675 1254 1709 per
1289 1665 1474 1707 ignotas
1513 1662 1658 1696 urbes.

310 1740 358 1773 Et
394 1749 616 1783 quamquam,
659 1738 727 1779 ait,
770 1737 826 1769 ille
860 1731 993 1768 πόλλων
1027 1729 1219 1779 ἀνθρώπων
1253 1727 1460 1764 ἳδενᾷἇότεα
1495 1731 1551 1762 καὶ
1583 1724 1659 1761 νόον

312 1807 412 1850 ἔγνω,
450 1810 486 1840 et
518 1806 662 1850 plurima
689 1803 808 1837 didicit
840 1804 873 1836 in
908 1802 959 1836 his
991 1801 1174 1835 erroribus,
1199 1817 1244 1824 -
1294 1799 1389 1834 Qua
1421 1795 1552 1829 maris
1587 1804 1660 1827 ex-

312 1874 473 1908 tremis
511 1876 599 1915 cet.,
649 1872 708 1905 ubi
745 1876 836 1904 terra
874 1870 1014 1903 Oceano
1051 1868 1258 1909 includitur,
1305 1866 1362 1908 qui
1399 1869 1519 1908 postea
1557 1863 1658 1895 etiam

312 1952 407 1975 mare
439 1940 560 1974 dictus.
623 1938 808 1981 comparat
842 1935 1015 1970 HEYNms
1051 1935 1170 1968 Sever.
1207 1934 1306 1967 Aetu.
1335 1933 1400 1964 942
1439 1930 1658 1974 Quacunque

312 2005 500 2038 immensus
540 2009 656 2036 terrae
699 2013 734 2035 se
772 2000 926 2046 porrigit
969 1998 1082 2036 orbis,
1123 1997 1351 2043 Extremique
1394 1994 1502 2028 maris
1543 1992 1661 2026 curvis

313 2071 509 2117 incingitur
542 2060 655 2102 undis.
718 2067 814 2102 Adde
848 2068 973 2102 CICER.
1007 2068 1124 2101 Somn.
1152 2067 1245 2110 Scip.
1278 2076 1308 2099 c-
1329 2068 1369 2098 6:
1410 2061 1528 2096 Omnis
1564 2067 1662 2092 terra

309 2149 429 2181 parva
455 2135 628 2182 quaedam
654 2134 773 2167 insula
798 2140 871 2170 est,
905 2132 1124 2178 circumfusa
1148 2131 1210 2164 illo
1235 2130 1344 2166 mari,
1377 2127 1472 2174 quod
1496 2124 1663 2160 Atlanti-

316 2215 416 2241 cum,
450 2202 544 2249 quod
567 2213 752 2246 mqgnum,
785 2211 885 2246 quem
911 2200 1085 2231 Oceanum
1110 2195 1300 2241 appellatis
1324 2194 1361 2227 in
1391 2191 1509 2226 terris.
1559 2191 1664 2225 Cete-

316 2283 391 2305 rum
426 2271 553 2304 indicat
585 2273 687 2313 poeta
718 2267 768 2300 his
800 2267 912 2301 verbis
945 2267 1124 2300 terminum
1155 2273 1326 2304 errorum,
1358 2261 1448 2295 unde
1474 2259 1568 2294 vides
1599 2268 1664 2292 er-

317 2338 492 2373 raverit
531 2346 614 2379 qua
651 2335 914 2368 includitur
950 2344 1026 2368 esse
1069 2333 1218 2366 breviter
1254 2330 1379 2363 dictum
1417 2337 1467 2372 pr.
1501 2325 1664 2359 erraverit

318 2417 427 2450 usque
454 2415 495 2439 eo
521 2415 598 2447 qua.
649 2404 746 2437 Conf.
773 2403 857 2436 infra
883 2405 963 2436 147.
989 2405 1025 2435 et
1047 2402 1096 2434 sic
1121 2401 1280 2434 Pmmn.
1314 2396 1413 2430 Nem.
1438 2395 1506 2435 111,
1529 2395 1587 2426 25.
1621 2391 1663 2424 de

319 2472 491 2506 Hercule:
526 2467 585 2503 διά
613 2467 644 2502 ’τ’
667 2465 850 2514 Ξξερὲύνασε
872 2470 1035 2509 τεναγέων
1057 2462 1176 2504 Ῥοὰς,
1203 2458 1271 2496 ‘o‘nu
1295 2459 1466 2500 πόμπιμον
1489 2459 1665 2498 κατέβαινε

318 2535 442 2571 νόστου
476 2538 590 2575 τέλος,
634 2540 669 2568 et
703 2537 934 2578 perscrutatus
967 2537 1019 2567 est
1052 2531 1213 2566 vadorum
1248 2529 1373 2562 fluenta
1408 2533 1585 2568 quousque
1619 2521 1663 2555 ad

321 2610 508 2640 extremam
540 2604 668 2637 veniret
698 2602 920 2644 navigationis
947 2604 1080 2635 metam.
1100 2617 1146 2624 —-
1193 2597 1234 2631 V.
1252 2596 1297 2628 54
1317 2603 1391 2636 sqq.
1429 2591 1665 2624 Ciconum-
1713 2596 1715 2598 ·

322 2684 404 2716 que
438 2681 589 2707 manus
623 2670 848 2714 reppulit,
883 2669 953 2703 scil.
981 2677 1055 2702 cum
1083 2666 1198 2699 urbem
1228 2663 1387 2705 caperet,
1421 2656 1511 2702 quod
1538 2655 1662 2689 sactum
