1721 2953
290 169 369 203 292
604 161 973 206 COMMENTAR.
1002 166 1060 206 IN
1090 167 1320 208 TIBULLI

290 280 374 311 Cum
401 277 488 310 euim
513 279 593 309 ante
619 278 804 311 narraverit
829 279 909 321 quid
938 281 1167 324 praedixerint
1201 282 1377 325 Sibyllae,
1414 293 1480 317 non
1517 286 1630 328 pergit

289 352 424 376 narrare
450 342 718 385 praedictiones,
746 342 805 376 sed
832 344 1022 383 ἒμφατικῶς
1048 357 1110 390 pro
1137 346 1514 389 praedictionibus'inm
1538 351 1628 394 ipsas

289 419 342 441 res
367 411 602 451 portentosaS,
641 417 727 450 quae
753 411 825 441 tum
857 410 1052 452 praedictae
1079 417 1286 455 evenerunt,
1325 419 1450 448 narrat.
1476 434 1522 440 —
1558 418 1627 450 At-

287 485 368 517 que
392 493 438 499 —-
463 477 607 517 atque.
657 474 750 507 Nota
783 475 885 509 etiam
919 478 1058 510 aliunde
1093 480 1253 522 repetitio
1279 482 1466 523 particulae
1493 492 1570 514 cum
1597 482 1627 514 vi

287 542 319 574 in
352 542 632 583 enumeratione,
668 546 707 574 ut
745 543 854 576 Vina.
889 544 1018 586 Georg.
1054 544 1116 587 IV,
1150 547 1229 580 463.
1268 547 1391 590 Eclog.
1428 549 1468 590 V,
1501 550 1555 581 24.
1582 566 1628 572 —-

286 606 522 651 crepitantia,
557 607 731 650 proprium
766 617 933 641 armorum
966 609 1126 651 verbum,
1162 611 1206 643 cf.
1232 611 1430 646 BunmmN.
1458 613 1500 645 ad
1527 613 1627 646 Ovid.

282 673 370 706 Met.
404 672 481 714 XV,
517 675 600 705 783.
641 671 812 705 laudatum
856 674 899 707 ab
946 674 1107 708 Hammo.
1170 676 1279 709 Porro
1318 677 1361 710 ad
1397 689 1469 711 rem
1509 678 1627 711 confer

284 741 394 773 VIRG.
433 741 563 781 Georg.
597 739 623 780 I,
650 741 738 773 474:
787 739 977 772 Armorum
1011 739 1164 772 sonitum
1199 747 1274 774 toto
1309 744 1497 776 Germania
1530 743 1626 776 caelo

284 804 428 838 Audiit.
501 804 688 846 Videntur,
742 805 790 837 ait
836 806 988 839 Vossms
1036 806 1181 848 ibidem,
1236 808 1390 850 legiones
1445 811 1627 844 Germani-

283 880 345 903 cae
389 873 493 903 noctu
525 869 667 912 fulgenti
702 869 834 902 boreali
867 870 992 903 lumine
1026 870 1151 904 vidisse
1187 875 1222 905 et
1255 873 1390 906 audisse
1416 877 1558 918 'pugnas
1592 876 1626 908 in

285 935 434 969 nubibus
468 935 670 979 peditesque
705 940 739 968 et
774 937 905 978 equites
943 937 1043 969 armis
1076 942 1256 972 certantes.
1315 940 1470 973 Pertinet
1504 942 1625 975 eodem

284 1003 395 1036 Ovm.
422 1002 510 1035 Met.
535 1003 612 1044 XV,
638 1005 718 1036 783.
771 1003 995 1036 Contulerunt
1020 1004 1122 1037 etiam
1145 1005 1310 1038 PmNmM
1334 1006 1378 1047 ll,
1403 1010 1469 1040 58:
1496 1007 1627 1040 Armo-

281 1079 360 1099 rum
394 1067 549 1112 crepitus
583 1074 617 1099 et
652 1066 759 1099 tubae
793 1068 932 1101 sonitus
967 1069 1110 1102 auditos
1142 1082 1160 1102 e
1194 1071 1290 1103 caelo
1315 1070 1494 1105 Cimbricis
1528 1071 1627 1107 bellis

282 1133 500 1178 accepimus,
537 1132 723 1180 crebroque
746 1140 783 1166 et
810 1134 915 1178 prius
938 1141 974 1167 et
993 1141 1133 1180 postea.
1186 1137 1305 1169 Tertio
1331 1149 1411 1170 vero
1438 1138 1625 1171 consulatu

279 1200 394 1233 Marii
427 1200 472 1231 ab
505 1199 685 1234 Amerinis
717 1206 754 1232 et
790 1200 1005 1234 Tudertibus
1037 1207 1200 1246 spectata
1233 1213 1334 1234 arma
1372 1203 1540 1236 caelestia
1579 1203 1625 1235 ab

279 1274 360 1299 ortu
396 1279 591 1313 occasuque
616 1267 710 1300 inter
743 1280 779 1300 se
807 1268 1065 1303 concurrentia.
1092 1287 1138 1293 -—
1175 1270 1322 1312 lucos,
1358 1281 1462 1304 voces
1494 1281 1513 1304 e
1538 1271 1622 1303 lucis

278 1333 405 1366 editae.
446 1335 556 1368 Vina.
585 1335 714 1376 Georg.
740 1335 766 1377 Ι,
790 1337 879 1368 476:
919 1336 995 1369 Vox
1032 1347 1168 1381 quoque
1198 1348 1263 1380 per
1295 1336 1391 1369 lacos
1422 1337 1529 1382 vulgo
1561 1349 1623 1368 ex-

277 1398 408 1430 audita
441 1397 583 1430 silentes
617 1398 757 1441 Ingens.
802 1400 942 1433 LUCAN.
969 1400 997 1441 I,
1021 1404 1109 1433 569:
1158 1403 1246 1433 Tum
1275 1401 1409 1445 fragor
1446 1413 1623 1434 armorum

278 1474 496 1508 magnaeque
518 1474 582 1506 Jrer
608 1464 693 1495 (ιι-ἱα
719 1474 817 1495 voces
844 1463 1006 1495 Auditae
1032 1476 1229 1501 nemorum,
1266 1466 1424 1498 laudante
1449 1466 1620 1500 BROUCK—

277 1541 385 1563 1115510
412 1535 445 1563 et
473 1530 635 1563 Hammo.
661 1548 707 1555 -—
733 1530 901 1572 fugam,
928 1530 1057 1564 cladem
1085 1533 1295 1566 exercituum
1322 1538 1357 1566 et
1382 1544 1486 1567 novos
1511 1536 1624 1578 impe-

276 1601 330 1630 tus
356 1597 558 1640 populorum
585 1597 910 1639 septentrionalium,
938 1598 1133 1629 nominatim
1159 1599 1419 1640 Germanorum,
1455 1603 1493 1631 ut
1519 1599 1621 1634 docet

275 1674 379 1706 supra
405 1667 620 1705 comparatus
646 1663 740 1694 locus
775 1663 951 1695 Vmeimr.
978 1681 1024 1686 —
1077 1663 1391 1705 praecinuisse
1429 1665 1621 1698 wtmnssn-

274 1740 421 1763 Ltcnms
448 1730 549 1761 etiam
576 1728 617 1761 ad
644 1728 777 1760 tubas
803 1732 837 1761 et
872 1739 989 1761 arma
1014 1728 1139 1770 refert,
1175 1730 1458 1772 quemadmodum
1483 1742 1564 1765 sane
1588 1734 1621 1766 in

274 1797 374 1830 simili
403 1797 477 1829 loco
511 1796 619 1828 Ovm.
646 1795 730 1828 Met.
756 1795 834 1837 XV,
860 1798 1048 1828 783-785.
1081 1796 1343 1839 praemonuisse
1378 1803 1430 1830 est
1460 1799 1621 1841 positum.

274 1863 336 1896 Me
361 1862 389 1894 si
414 1861 522 1902 audis,
550 1860 660 1893 divide
687 1859 740 1893 hic
767 1862 1067 1902 constructionem,
1093 1860 1183 1903 quod
1209 1861 1267 1893 ubi
1290 1862 1363 1894 fieri
1389 1867 1513 1906 potest,
1544 1864 1620 1896 ubi-

276 1940 343 1972 que
373 1928 538 1972 praeferri
563 1927 666 1960 debet
694 1927 726 1958 in
753 1927 882 1969 poetis,
921 1931 1040 1970 utpote
1066 1928 1174 1971 magis
1198 1929 1382 1972 poeticum.
1444 1931 1619 1965 Quemad-

274 1993 412 2027 modum
440 1993 528 2025 enim
556 2002 656 2035 prosa
691 1992 821 2031 oratio,
857 1992 913 2023 ubi
940 1993 1061 2025 mentis
1085 1993 1200 2026 sobria
1225 1995 1390 2036 cogitatio
1415 1995 1618 2037 dominatur,

275 2062 423 2093 unitates
449 2059 738 2092 constructionum
765 2059 910 2091 maiores
935 2060 1051 2101 fingit,
1078 2059 1124 2092 ita
1148 2071 1293 2103 poeseos
1318 2061 1462 2095 vividior
1487 2062 1616 2096 indoles

273 2127 453 2160 dissimiles
478 2127 704 2159 membrorum
732 2127 880 2158 rationes
905 2131 1006 2167 amat,
1032 2137 1095 2159 nec
1121 2127 1178 2160 diu
1205 2128 1391 2171 pendentes
1416 2133 1615 2172 structuras,

272 2193 334 2227 sed
359 2194 504 2226 breviori
536 2194 663 2225 ambitu
698 2193 869 2226 absolutas
895 2194 1090 2227 sententias.
1116 2212 1162 2218 —
1204 2195 1245 2228 V.
1271 2199 1315 2228 75
1342 2206 1416 2238 sqq.
1464 2197 1616 2231 Solem

272 2259 459 2293 defectu
470 2270 500 2291 m
535 2259 669 2291 lumin
681 2269 710 2291 e.
770 2259 837 2289 list
859 2257 1084 2302 prodigiosus
1110 2265 1145 2290 et
1171 2258 1308 2304 longior
1332 2260 1416 2293 solis
1442 2261 1614 2307 desectus,

272 2325 335 2371 qui
351 2325 435 2370 suit
461 2323 554 2356 Iulio
582 2326 729 2356 Caesare
756 2324 876 2359 occiso,
897 2325 1010 2357 lolius
1032 2337 1145 2369 paene
1170 2326 1256 2357 armi
1276 2325 1414 2369 pallore
1440 2325 1614 2363 continuo,

271 2395 308 2423 ut
329 2391 484 2423 Pnnzms
509 2394 654 2422 testatur
678 2390 722 2431 ΙΙ,
748 2393 804 2423 30.
855 2390 941 2423 Add.
968 2391 1182 2426 anmcn.
1210 2392 1241 2424 in
1269 2392 1367 2425 Caes.
1395 2397 1502 2425 extu:
1537 2385 1613 2423 ὅλον

269 2452 335 2499 ςἰἷρ
363 2457 482 2487 immor
508 2452 566 2487 τιῖν
590 2451 741 2487 ἑνιαιίὂν
776 2451 883 2499 ὦχρδς
910 2457 968 2494 μὲν
1002 2452 1018 2487 ὅ
1053 2453 1173 2492 κύκλος
1209 2459 1264 2488 καὶ
1293 2454 1520 2501 μαρμαρυγιῖς
1554 2455 1612 2489 ofin

270 2520 353 2561 ἔχων
378 2517 559 2551 (ἷνέιελλε-ν.
611 2519 657 2552 Et
692 2520 798 2554 DioN.
834 2520 931 2554 Cass.
956 2520 1032 2562 XL,
1058 2525 1090 2555 7.
1128 2526 1164 2555 et
1190 2523 1296 2556 Vina.
1324 2523 1453 2565 Georg.
1482 2523 1507 2564 1,
1533 2526 1611 2557 466.

269 2595 356 2627 quae
382 2586 661 2619 Bnovcmmsws
699 2591 734 2619 et
769 2587 941 2621 HEYNius
976 2588 1123 2621 laudant.
1174 2589 1300 2620 Putant
1327 2588 1429 2621 fuisse
1455 2590 1610 2624 nebulam

269 2653 376 2693 istam,
409 2663 506 2695 (luam
535 2663 595 2686 nos
624 2654 828 2686 IIeerJ-aaclt
855 2654 1017 2697 dicimus,
1043 2654 1087 2688 cf.
1113 2653 1235 2687 Has-N.
1263 2659 1297 2687 et
1322 2655 1421 2689 Vos-s.
1447 2656 1488 2689 ad
1519 2658 1609 2701 virg.
