1721 2953
504 128 647 171 LIBR.
677 127 710 168 Ι.
767 124 926 167 ELEG.
956 126 1010 168 X.
1367 130 1442 165 205

94 247 216 282 Italico
248 246 323 280 solo
355 244 493 280 fiebant.
549 244 600 277 Ac
636 242 763 276 fatetur
795 239 1008 275 Hvscnxms
1041 240 1129 275 inter
1154 238 1381 274 Tibullianam
1407 241 1442 271 et

96 310 342 346 Menandream
368 309 517 354 puellam
537 305 603 341 hoc
627 307 814 348 interesse,
840 305 932 349 quod
951 307 1008 340 illa
1033 307 1156 341 scissos
1180 309 1311 340 tantum
1336 303 1444 348 capil-

94 380 165 421 los,
189 377 273 411 haec
296 375 465 410 abscissos
488 374 543 408 vel
568 373 751 415 detonsos,
775 373 1046 416 xzoiuzcgwogaizfrs,
1070 371 1302 416 conqueritur.
1349 370 1442 403 Satis

94 445 138 480 de
172 445 243 486 his3
277 441 369 477 aliud
404 445 499 476 noto.
546 440 603 475 Ne
635 441 768 475 mireris
800 439 953 474 ordinem
985 451 1098 474 rerum
1132 438 1300 484 capillos,
1327 436 1446 483 fores,

91 520 224 556 genas,
253 511 358 553 poeta
381 507 486 541 verba
509 506 699 551 spectavit,
735 515 804 539 non
833 504 1055 539 substantiva.
1104 505 1233 539 Similis
1265 504 1354 537 actio
1388 506 1443 536 est

93 576 250 611 scindere
275 579 312 609 et
335 575 570 620 perfringere,
606 572 699 606 aliud
722 570 867 605 tundere
892 581 1008 614 genas.
1059 571 1158 604 Conf.
1182 570 1371 604 Pnopnnm.
1398 568 1444 609 11,

90 644 259 684 5,21.—
284 641 390 677 V.55
404 651 479 684 sqq.
502 639 656 674 victor
679 642 724 672 et
747 639 846 683 ipse
872 638 979 680 flet,
1005 637 1047 671 cf.
1062 639 1205 671 similem
1228 638 1340 670 locum
1355 635 1442 669 infra

90 709 137 752 ΙΙ,
161 712 195 752 5,
219 711 301 743 103.
334 712 370 743 et
404 708 483 742 vide
508 709 616 742 Ovm.
642 707 775 741 Amorr.
801 706 829 748 I,
854 710 889 741 7.
923 705 1092 739 uberrime
1118 704 1182 739 hoc
1206 707 1442 748 argumentum

90 780 304 810 tractantem.
319 795 367 801 —
391 775 645 817 dementes,
667 774 717 807 sic
741 770 998 805 incontinentes
1023 783 1149 804 manus
1170 770 1312 804 Hom‘r.
1331 769 1359 812 Ι,
1385 772 1442 810 17,

90 845 212 876 26.-
235 843 292 877 At
315 842 522 876 lascivus
545 841 698 881 Amor,
722 838 900 883 petulans,
925 837 1117 870 delectatur
1139 836 1223 869 rixis
1247 835 1443 875 amantium,

91 907 222 950 inquit,
256 907 388 941 sedet
416 907 541 940 inter
564 909 807 948 utrumque
833 904 985 937 lentus
1010 907 1044 936 et
1069 901 1150 936 nihil
1175 905 1365 936 commotus
1389 899 1442 934 his

91 976 240 1009 lacrimis
255 975 481 1018 suggeritque
499 984 586 1009 nova
606 983 743 1018 semper
754 973 849 1007 rixae
862 973 1033 1014 alimenta,
1051 981 1093 1005 ne
1107 971 1219 1005 subito
1233 981 1302 1015 pax
1314 971 1443 1003 fiat.—

90 1043 205 1076 mala
228 1043 386 1085 verba,
410 1043 535 1085 iurgia.
582 1040 631 1075 Et
654 1042 805 1075 lentus
819 1044 858 1074 ut
876 1050 908 1074 V.
923 1050 955 1074 c.
973 1040 1083 1073 ovm.
1101 1039 1235 1073 Amorr.
1251 1037 1313 1079 ΙΙΙ,
1327 1040 1361 1079 6,
1377 1039 1443 1070 602

90 1108 158 1141 Ille
181 1107 288 1141 habet
310 1115 347 1141 et
377 1108 493 1142 silices
517 1113 554 1140 et
578 1106 698 1141 vivum
723 1106 761 1139 in
791 1112 931 1151 pectore
957 1105 1124 1152 ferrum,
1144 1104 1220 1152 'qui
1243 1110 1362 1138 tenero
1386 1103 1443 1136 la-

90 1172 219 1206 crimas
243 1172 362 1206 lentus
386 1172 424 1206 in
449 1185 506 1206 ore
533 1172 643 1206 videt.
671 1191 713 1197 —-
755 1172 843 1206 Mox
877 1172 996 1216 lapis
1030 1171 1310 1215 ferrumque,
1346 1171 1442 1214 quasi

91 1250 136 1274 ex
158 1240 303 1274 formula
327 1240 515 1274 coniunctis
540 1238 593 1273 his
618 1238 859 1281 substantivis,
897 1242 935 1272 ut
966 1238 1070 1272 toties
1094 1236 1210 1271 silices
1235 1242 1271 1271 et
1296 1236 1442 1283 ferrum

90 1310 332 1341 memorantur.
357 1324 404 1330 -—-
451 1307 496 1339 V.
522 1308 580 1338 60.
630 1316 650 1338 e
683 1305 811 1339 caelo
849 1303 1026 1347 deripit
1058 1304 1138 1337 ille
1174 1303 1291 1337 deos.
1352 1303 1443 1336 Pro·-

90 1372 239 1406 verbiale
271 1371 399 1404 dictum
425 1370 468 1404 de
492 1370 596 1414 impio
627 1372 686 1402 aut
712 1369 821 1403 atroci
854 1368 1018 1402 facinore.
1066 1368 1118 1401 Ac
1141 1368 1305 1402 Vmfflms
1330 1378 1351 1400 a
1375 1368 1441 1400 Gi-

88 1441 229 1480 gantum
263 1437 394 1480 impetu
427 1435 461 1469 id
497 1435 637 1469 ductum
670 1434 798 1477 credit,
835 1434 958 1477 quibus
994 1432 1136 1467 Aloidas
1173 1432 1299 1467 addere
1332 1434 1443 1477 possis

88 1506 177 1539 caeli
203 1506 469 1550 impugnatores.
518 1503 692 1538 HnYNms
719 1507 755 1537 et
776 1504 924 1538 Vossms
953 1501 996 1536 de
1020 1502 1164 1545 magicis
1189 1502 1319 1535 artibus
1343 1501 1442 1544 cogi-

89 1577 183 1615 tant,
222 1573 344 1615 quibus
368 1572 414 1605 dii
439 1571 482 1606 de
507 1572 603 1605 caelo
629 1568 907 1612 deducebantur,
944 1569 988 1603 cf.
1015 1570 1124 1603 Ovm.
1149 1569 1244 1602 Fast.
1270 1568 1332 1609 ΙΙΙ,
1357 1570 1441 1600 317.

89 1640 227 1673 SENEc.
251 1638 345 1672 Med.
369 1640 451 1672 673.
502 1638 613 1679 Atque
636 1637 686 1669 ita
709 1635 862 1678 deripere
887 1634 1012 1666 lunam
1037 1633 1133 1666 caelo
1162 1633 1306 1667 HORAT.
1328 1632 1440 1676 Epod.

88 1706 133 1747 V,
158 1707 216 1738 46.
241 1704 338 1738 dixit.
389 1703 524 1738 Quodsi
549 1707 661 1736 tamen
697 1705 911 1746 praesentem
935 1700 1066 1733 Tibulli
1090 1700 1204 1732 locum
1235 1698 1441 1738 consideras,

89 1782 157 1805 non
181 1776 251 1805 tam
276 1771 426 1814 magicas
451 1774 542 1803 artes
566 1780 668 1812 quam
694 1779 796 1803 manu
819 1769 946 1802 illatam
969 1768 1037 1801 vim
1061 1766 1247 1810 significari
1271 1764 1337 1799 hoc
1355 1776 1438 1810 pro-

90 1837 206 1870 verbio
231 1836 371 1878 credas,
396 1840 434 1869 ut
459 1836 614 1869 Ovmms
640 1834 801 1868 laudante
828 1834 1021 1868 Huscnmo
1047 1834 1182 1868 Amorr.
1204 1833 1232 1875 I,
1258 1836 1293 1874 7,
1317 1835 1338 1865 3
1362 1843 1437 1875 sqq,

89 1903 192 1937 dicit:
231 1902 338 1945 (Nam
362 1901 457 1935 furor
482 1902 514 1935 in
541 1900 710 1934 dominam
733 1901 916 1933 temeraria
941 1898 1078 1933 brachia
1101 1899 1226 1941 movit,
1259 1898 1338 1932 Flet
1364 1909 1440 1932 mea

89 1979 214 2002 vesana
237 1968 329 2002 laesa
355 1968 467 2012 puella
492 1967 622 2010 manu.)
677 1968 776 1999 Tunc
798 1977 862 2011 ego
887 1964 943 1998 vel
967 1976 1067 1998 caros
1087 1964 1192 2009 potui
1216 1963 1349 1997 ⁴violare
1371 1976 1438 2008 pa-

89 2041 225 2072 rentes,
256 2036 373 2067 Saeva
406 2033 462 2066 vel
492 2032 530 2065 in
560 2038 703 2065 sanctos
735 2029 878 2064 verbera
904 2030 1008 2077 ferre
1038 2029 1128 2064 cleos.
1178 2031 1310 2064 Sensus
1335 2041 1436 2073 ergo:

89 2100 206 2134 similis
232 2100 290 2133 ille
314 2100 426 2144 impiis
450 2100 712 2143 aggressoribus
737 2099 892 2140 deorum,
917 2102 952 2132 et
977 2101 1093 2142 potest
1114 2097 1192 2130 talis
1210 2095 1312 2131 homo
1337 2098 1440 2131 etiam

89 2167 173 2200 deos
197 2167 368 2201 invadere.
419 2166 582 2199 Ceterum
607 2165 649 2199 de
677 2166 709 2199 vi
743 2164 952 2210 pronominis
986 2164 1069 2196 ille
1100 2162 1155 2196 adi
1189 2163 1439 2197 annotationem

89 2233 131 2267 ad
158 2233 185 2275 Ι,
210 2235 244 2274 2,
269 2236 326 2266 60.
353 2236 387 2266 et
412 2233 456 2266 cf.
481 2233 526 2275 II,
550 2235 584 2275 4,
609 2236 665 2267 36.
681 2252 728 2258 —
753 2233 796 2267 V.
819 2235 862 2266 61
883 2243 957 2275 sqq.
1007 2230 1077 2264 Pro
1103 2229 1251 2262 lectione
1276 2229 1438 2263 librorum

90 2297 409 2342 perscindere,
442 2308 530 2340 quae
564 2302 599 2332 et
631 2299 813 2332 violentiae
843 2296 978 2330 maioris
1007 2295 1290 2338 significationem
1315 2294 1440 2329 habere

90 2364 226 2398 videtur
245 2374 346 2407 quam
369 2367 447 2407 post
466 2362 721 2397 antecedentia:
747 2363 820 2396 Sit
843 2362 955 2396 satis
981 2360 1246 2405 exspectaveris,
1271 2370 1335 2394 nec
1355 2371 1440 2394 cou-

94 2432 188 2465 venit
210 2430 342 2465 verbis:
370 2441 388 2464 e
413 2430 634 2471 membris,
658 2430 837 2464 Heus-sins
865 2429 1086 2475 probabiliter
1106 2428 1300 2462 rescindere
1323 2429 1439 2463 conie-

90 2495 156 2537 cit,
190 2495 280 2538 quod
315 2495 418 2530 etiam
443 2495 654 2529 Huscnxms
687 2495 859 2538 defendit,
897 2505 1098 2540 comparans
1127 2495 1334 2530 CLAunmn.
1361 2495 1438 2536 XV,

91 2564 159 2596 134
180 2572 253 2605 sqq.
277 2561 321 2597 de
346 2563 461 2597 Affica
486 2564 647 2607 lugente:
689 2564 774 2597 Cum
802 2562 933 2609 procul
965 2561 1101 2596 insanis
1126 2561 1292 2608 quatiens
1319 2560 1441 2594 ulula-

90 2628 185 2664 tibus
219 2641 321 2664 axem
353 2632 402 2664 Et
436 2637 585 2667 contusa
618 2643 730 2680 genas
763 2630 885 2666 mediis
918 2636 1069 2677 apparet
1094 2629 1131 2664 in
1157 2628 1268 2664 astris
1293 2627 1442 2675 Ast-ica.
