1721 2953
490 193 634 235 LIBR.
661 192 733 233 IV.
794 191 961 233 CARM.
991 194 1062 233 III.
1351 197 1431 235 437

94 306 308 340 Cerintho
345 308 445 343 illic
478 319 578 342 esse
614 308 783 353 possit,
822 319 946 352 quem
982 307 1194 342 hortatur
1228 317 1276 341 ne
1315 309 1434 341 alius

93 376 279 417 puellae
313 376 552 410 illecebris
586 376 684 420 capi
718 386 764 409 se
799 377 1015 419 patiatur.

189 441 230 474 V.
255 443 296 473 11
324 452 397 484 sqq.
423 442 543 475 retia
567 445 691 475 torta
715 439 864 473 ferani.
915 441 1046 474 Servile
1071 439 1230 473 officium.
1280 438 1332 472 Ad
1357 449 1435 472 sen-

93 506 231 538 tentiam
257 506 429 539 HEYNms
455 507 586 540 confert
612 506 715 538 Ovm.
742 505 828 537 Met.
853 504 898 546 X,
924 508 991 538 533
1021 517 1094 548 sqq.
1129 505 1171 538 de
1198 506 1332 537 Venere
1356 514 1432 537 cum

91 571 246 604 Adonide
266 576 409 614 vagante
435 576 468 606 et
490 573 632 606 similem
655 573 766 605 locum
786 571 960 605 Phaedrae
981 571 1022 604 ad
1044 572 1267 615 Hippolytum
1292 570 1433 603 Heroid.

89 637 149 679 lv,
176 641 220 671 37
246 650 319 682 sqq.
370 640 530 673 Ceterum
565 645 663 672 torta
698 638 790 672 retia
824 643 902 672 sunt
928 650 970 672 ex
996 640 1059 671 filis
1085 639 1203 680 tortis,
1238 642 1277 671 ut
1305 641 1433 679 notum,

90 703 160 736 sive
195 714 238 736 ex
271 705 338 736 lino
372 708 464 738 torto
499 713 560 737 seu
595 703 745 738 cannabi.
808 704 916 737 Affert
954 705 1271 736 me'nnnmcnrus
1307 708 1434 735 teretes

85 768 217 813 plagas
242 769 384 804 Honff.
409 771 438 812 Ι,
465 773 495 812 1,
516 773 573 804 28.
598 770 656 803 ubi
680 769 756 803 vide
775 769 1138 802 MlTscnssRmcmuu.
1154 788 1198 793 ——-
1225 777 1434 812 quaeram

90 835 304 876 vestigia.
354 835 496 868 Confert
529 835 699 868 Hermus
735 833 927 868 Callimach.
964 835 1085 878 Epigr.
1109 837 1169 867 33:
1209 833 1312 872 διφιῖν
1344 833 1435 874 ἴχνια

90 898 307 943 ὁόρκιιλίδος.
330 918 377 924 —-
402 899 564 933 demam
593 900 742 933 vincla
769 900 890 941 cani,
916 901 1090 943 copulam,
1116 911 1181 942 qua
1207 910 1307 932 canes
1331 908 1435 931 vena-

90 965 149 997 tici
182 965 275 1008 iungi
311 969 347 999 et
381 967 518 1000 retineri
559 967 679 1000 solent.
731 967 840 999 Ovm.
866 967 954 1000 Met.
983 967 1074 1007 vlu,
1101 969 1192 998 331:
1222 977 1310 1009 pars
1343 964 1435 997 retia

89 1029 250 1065 tendunt,
282 1030 434 1064 Vincula
456 1043 542 1075 pars
568 1031 732 1065 adimunt
757 1030 915 1067 canibus,
941 1032 1100 1065 laudante
1126 1033 1279 1065 VULPIO.
1329 1030 1433 1064 Addit

88 1096 261 1131 HEYNqu
285 1098 366 1133 ibid.
392 1099 469 1140 VII,
493 1102 582 1133 769:
608 1098 733 1142 copula
759 1098 964 1131 detrahitur
988 1098 1147 1131 canibus.
1163 1118 1209 1123 —
1236 1099 1277 1131 V.
1299 1100 1341 1129 15
1358 1108 1432 1139 sqq.

88 1165 186 1197 si—
203 1167 386 1207 Arguat.
421 1165 520 1198 Haec
538 1166 641 1199 verba
660 1176 724 1199 non
744 1169 884 1209 possunt
905 1166 1009 1198 verti:
1036 1165 1165 1198 etiamsi
1186 1173 1326 1197 accuser
1348 1166 1381 1195 et
1400 1163 1434 1194 iu

88 1230 314 1272 suspicionem
339 1231 481 1271 veniam,
507 1234 544 1263 ut
568 1232 685 1263 volunt
709 1231 1040 1272 Wumenmcmus,
1065 1231 1235 1270 Vossms,
1261 1229 1434 1269 Bicnms,

88 1295 165 1336 alii;
201 1305 277 1328 nam
303 1306 417 1328 veram
448 1306 520 1328 rem
546 1305 625 1328 vere
651 1294 835 1337 creditam,
870 1306 937 1328 non
964 1295 1082 1328 salsam
1108 1295 1299 1338 opinionem
1326 1292 1434 1325 homi-

90 1371 168 1394 num
207 1362 300 1394 innui
333 1372 479 1404 sequens
513 1361 678 1395 distichon
712 1362 804 1395 clare
838 1361 958 1394 docet:
1003 1364 1102 1393 Tunc
1133 1361 1253 1392 veniat
1279 1359 1359 1391 licet
1386 1357 1435 1389 acl

87 1439 220 1462 casses,
251 1426 399 1459 illaesus
424 1426 535 1458 abibit
560 1439 656 1471 oper.
713 1427 893 1461 Sententia
919 1427 1093 1470 Sulpiciae
1120 1425 1300 1458 manifesto
1327 1423 1432 1455 haec:

86 1493 146 1527 Sic
170 1495 303 1537 placeat
327 1494 482 1535 venatio,
514 1493 543 1526 si
576 1498 689 1527 tecum
722 1494 840 1536 vagari
874 1494 994 1533 liceat3
1032 1496 1113 1525 tunc
1139 1492 1295 1535 placeant
1318 1489 1434 1530 silvae,

86 1560 116 1593 si
140 1561 173 1592 in
199 1560 265 1593 tuis
292 1560 428 1593 lacertis
453 1560 669 1602 requiescere
696 1561 834 1604 possim.
885 1560 1028 1592 Dixerat
1052 1569 1084 1591 v.
1111 1561 1153 1590 6:
1190 1558 1221 1590 O
1247 1559 1434 1600 pereant

86 1627 232 1658 silvae
268 1625 584 1665 deficiantque
618 1608 765 1656 canes.
814 1624 980 1655 Similiter
1013 1633 1101 1655 nunc
1134 1622 1167 1654 in
1202 1621 1286 1653 duas
1320 1623 1435 1662 partes

87 1690 247 1722 dividitur
281 1689 437 1732 opposita
472 1687 659 1727 sententia,
695 1690 734 1718 ut
769 1690 804 1718 et
836 1686 965 1731 vagari
993 1687 1076 1719 velit
1106 1697 1182 1719 cum
1210 1683 1372 1718 Cerintho
1398 1688 1432 1717 et

87 1753 317 1787 concumbere.
366 1754 475 1787 Simul
510 1753 653 1786 observa
688 1757 897 1785 crescentem
933 1753 1091 1785 affectum
1126 1752 1159 1784 in
1193 1762 1224 1784 v.
1259 1754 1364 1783 tunc
1389 1768 1432 1774 -

87 1824 205 1854 tunc.
255 1821 306 1853 Ac
342 1818 424 1851 dicit
457 1830 594 1863 arguar
634 1821 668 1851 et
703 1817 793 1850 ferar
822 1816 1045 1850 concubuisse
1071 1818 1244 1850 decentius
1275 1827 1322 1860 pr.
1350 1827 1432 1849 con-

87 1887 254 1920 cumbam.
305 1887 404 1921 Quae
429 1896 505 1918 cum
530 1885 577 1918 ita
603 1885 689 1926 sint,
725 1885 826 1917 etiam
863 1884 1011 1917 Hnmsu
1037 1885 1268 1917 coniecturam
1303 1883 1353 1913 sic
1380 1893 1430 1925 pr.

87 1954 117 1986 si
142 1953 352 1987 emendantis
377 1953 519 1986 alienam
547 1963 622 1985 esse
647 1955 760 1995 patet,
794 1962 893 1994 quam
920 1956 1030 1984 tamen
1055 1962 1132 1985 cum
1159 1952 1430 1990 Bnoucxmrsm,

87 2021 249 2062 viarm,
287 2019 440 2053 Hem-10
476 2020 578 2053 etiam
614 2019 824 2052 Hvscnxms
859 2022 982 2051 servat.
1034 2017 1125 2050 Nihil
1151 2017 1216 2050 vidi
1243 2015 1433 2061 perversius

87 2086 149 2120 hac
176 2087 326 2120 ratione:
369 2087 418 2119 Ut
449 2090 561 2119 tecum
589 2086 706 2128 vagari
741 2086 842 2118 liceat
865 2102 912 2108 ·—
946 2088 1026 2116 tunc
1059 2084 1215 2127 placeant
1249 2083 1354 2115 silvae
1386 2100 1429 2105 —-

85 2155 136 2188 sic
160 2159 272 2188 tecum
299 2164 425 2196 arguar
449 2153 685 2186 concubuisse.
744 2153 831 2185 Post
857 2150 940 2184 baec
964 2151 1055 2184 aliud
1080 2154 1187 2184 restat
1212 2149 1431 2183 consideran-

87 2219 176 2252 dum.
238 2221 350 2261 Atque
373 2220 408 2252 in
434 2220 737 2253 observationibus
771 2220 874 2252 etiam
906 2217 1058 2251 Hunno
1091 2217 1123 2249 si
1155 2218 1261 2250 visum
1288 2220 1430 2249 estnon

85 2283 322 2327 spernendum.
348 2303 394 2308 —
437 2284 749 2317 Concumbere
779 2285 929 2317 Vossms
957 2293 1034 2316 cum
1060 2283 1211 2316 Hermo
1237 2292 1338 2325 quam
1365 2281 1429 2313 ‹ie-

84 2350 278 2382 centissime
312 2350 453 2393 accipit,
489 2349 771 2392 quemadmodum
807 2349 909 2381 etiam
939 2347 1081 2381 Veneris
1108 2347 1256 2390 cupidae
1279 2346 1428 2390 gaudia.

85 2416 123 2449 ln
152 2427 219 2459 quo
246 2415 324 2448 mihi
353 2416 488 2458 quidem
515 2416 579 2448 vim
607 2415 719 2448 facere
745 2414 879 2447 videtur
903 2413 1025 2446 verbis.
1076 2413 1221 2445 Frustra
1248 2412 1289 2444 ad
1318 2411 1428 2455 publi-

86 2491 144 2513 cos
176 2491 288 2513 mores
323 2481 468 2513 civitatis
493 2480 706 2513 revocaveris
731 2478 827 2511 liuius
853 2478 993 2520 virginis
1017 2488 1171 2519 amores,
1205 2488 1291 2521 quos
1317 2477 1430 2521 potius

86 2546 129 2579 ud
154 2546 320 2588 mythicae
345 2547 465 2579 aetatis
491 2546 743 2580 similitudinem
769 2556 952 2588 expressos
980 2544 1098 2577 dicam.
1137 2544 1213 2577 Tib.
1239 2544 1284 2586 11,
1305 2546 1339 2585 3,
1363 2546 1427 2575 71:

92 2613 181 2642 Tum
212 2610 338 2656 quibus·
372 2611 581 2657 adspiralmt
615 2614 745 2647 Amor,
782 2610 971 2655 praebebat
1006 2616 1125 2654 aperte
1151 2610 1254 2643 Mitis
1288 2609 1324 2641 in
1356 2620 1430 2640 itin—

90 2676 192 2710 brosa
215 2677 352 2722 gaudia
379 2677 470 2711 mlle
499 2680 627 2713 Venus.
682 2678 777 2711 Adde
803 2677 975 2721 Sulpiciae
1001 2676 1104 2710 verba
1127 2686 1230 2710 carm.
1257 2675 1346 2717 Vll„
1371 2674 1427 2707 ubi
