1721 2953
467 170 611 211 LIBR.
637 169 711 209 lv,
770 169 938 211 CARM.
966 172 1019 212 Π.
1334 176 1416 215 429

75 284 222 327 puellam
248 282 311 316 hae
338 282 455 315 laudes
480 282 645 324 dicuntur,
678 280 770 324 quod
797 283 905 316 minus
931 288 1110 319 venustum
1136 284 1266 328 fuisset,
1290 288 1351 321 sed
1375 292 1412 321 ut

76 351 180 392 vulgo
204 353 343 382 vocatur
368 349 401 381 in
423 349 519 381 festis
545 348 647 388 deus,
677 347 726 380 sic
751 357 839 380 nunc
865 350 898 381 in
923 350 1117 384 exordio
1142 352 1237 385 Mars
1261 357 1413 396 vocatur,

73 420 112 449 ut
137 417 249 449 veniat
281 418 470 459 spectatum
503 414 590 447 festo
623 413 688 447 hoc
713 412 769 447 die
795 414 981 458 Sulpiciam
1009 417 1278 459 ornatissimam,
1313 423 1415 461 atque

77 484 124 516 ita
148 483 179 516 ei
204 483 237 515 in
261 482 408 515 medio
433 483 631 515 carmine
656 480 818 515 describit
842 482 1124 525 pulchritudinem
1152 486 1297 528 puellae,
1323 486 1414 529 quod

74 549 180 582 sentis
205 548 332 591 optime
357 548 599 590 excogitatum.
648 547 841 591 Descriptio
873 548 946 591 ipsa
981 559 1102 592 magna
1137 551 1308 593 elegantia
1342 553 1416 596 pla-

73 616 140 646 cet.
188 612 320 646 Deinde
353 613 436 646 illud
470 613 572 646 etiam
607 611 771 654 observa,
809 622 885 645 cum
921 623 1060 648 munera
1090 615 1234 650 dubitari
1267 623 1415 661 nequeat

70 680 170 713 simul
205 680 327 722 missa,
369 690 470 722 quam
504 679 680 722 praeclaro
713 678 840 712 iudicio
872 684 974 722 poeta
1007 679 1090 714 haec
1123 683 1258 725 quidem
1292 688 1418 726 taceat,

71 745 187 778 laudet
225 755 306 778 vero
346 746 492 788 puellam
532 750 692 787 tanquam
736 756 818 789 prae
859 747 982 780 ceteris
1021 747 1157 790 dignam
1196 752 1413 785 ornamentis.

72 811 213 844 Discant
237 821 258 843 a
288 812 445 844 Romano
471 815 571 854 poeta
596 810 675 852 quid
703 810 843 852 deceat,
881 813 938 853 qui
972 812 1071 846 hodie
1101 815 1268 848 natalibus
1294 816 1414 849 diebus

71 876 190 918 puellis
225 877 294 909 suis
330 877 477 909 carmina
511 876 648 908 mittunt
685 884 762 908 cum
797 875 906 910 douiS.
954 877 1116 911 Exitus
1152 879 1296 922 denique
1329 885 1409 914 vota

71 939 191 982 habet,
217 945 255 974 ut
279 943 405 975 multos
431 942 463 975 in
488 952 594 975 annos
620 941 816 976 celebretur
843 941 906 977 hoc
931 943 1075 987 festum3
1105 946 1271 980 sententia
1298 947 1331 980 in
1357 950 1410 980 ta-

68 1005 156 1039 libus
182 1006 342 1049 legitima.

562 1293 916 1336 EXPLICATIO.

162 1459 203 1492 V.
232 1460 327 1492 1-4.
376 1458 615 1491 Introitus.
668 1459 817 1493 Verba
857 1460 907 1493 ad
950 1461 1137 1497 Martem
1176 1465 1316 1509 fiunt,
1366 1474 1412 1502 ut

64 1527 162 1569 ipse
196 1529 452 1570 spectatum
487 1535 506 1558 e
541 1525 669 1560 caelo
703 1526 858 1560 veniat
883 1529 1221 1566 ornatissimam
1248 1534 1411 1569 Kalen-

65 1592 133 1626 dis
165 1593 261 1625 suis
294 1592 499 1634 puellam.

160 1658 202 1690 V.
232 1660 250 1689 1
277 1668 352 1699 sqq.
394 1657 626 1699 Sulpicia,
650 1657 761 1689 Servii
787 1658 929 1701 Sulpicii
954 1660 1034 1701 filia,
1061 1661 1103 1693 cf.
1135 1665 1190 1705 10,
1217 1666 1249 1697 4.
1277 1665 1319 1698 de
1345 1678 1411 1709 qua

66 1723 144 1756 vide
182 1733 269 1765 quae
307 1723 453 1756 diximus
490 1724 523 1755 in
559 1723 638 1756 Vita
673 1723 811 1757 Tibulli.
873 1724 1093 1760 Nobilitatem
1130 1730 1241 1770 gentis
1279 1736 1412 1765 constat

67 1799 232 1821 summam
258 1788 374 1822 fuisse.
424 1789 544 1822 Puella
577 1794 614 1822 ut
648 1788 787 1833 pulchra
820 1792 950 1834 figura,
984 1793 1030 1825 ita
1056 1795 1148 1827 culto
1173 1796 1237 1828 fuit
1261 1797 1410 1840 ingenio,

65 1859 98 1898 6,
123 1859 177 1897 2.‚
203 1857 236 1889 in
259 1867 373 1889 amore
399 1860 512 1889 autem
539 1857 651 1900 paullo
677 1857 828 1890 calidior.
856 1876 900 1882 —
949 1863 1018 1892 est
1053 1861 1139 1894 tibi
1174 1865 1316 1906 culta,
1353 1877 1412 1899 or-

66 1923 158 1956 navit
180 1933 217 1955 se
242 1922 381 1966 pulchre
406 1924 436 1955 in
460 1927 555 1956 tuum
580 1923 753 1965 honorem,
778 1924 820 1957 cs.
840 1924 923 1956 infra
940 1928 972 1967 6,
993 1929 1027 1959 3.
1056 1927 1198 1962 HoRA'r.
1222 1930 1247 1971 l,
1267 1934 1300 1972 5,
1318 1934 1407 1964 4.--

66 1990 101 2022 si
139 1990 281 2033 sapis,
322 1990 351 2022 si
377 1990 436 2022 tibi
463 1992 629 2034 prospicis
656 1995 689 2025 et
714 1991 889 2024 commoda
915 1996 973 2024 tua
1008 1995 1114 2035 nosti,
1154 1994 1295 2029 habebis
1320 1998 1408 2031 enim

66 2054 266 2098 adspectum
291 2054 564 2099 pulcherrimum.
614 2056 667 2088 lta
693 2056 1023 2090 Wumnssnmcnms.
1075 2060 1120 2092 At
1146 2060 1317 2095 HEYNIUS
1344 2063 1409 2096 mi-

64 2129 127 2152 nus
153 2130 232 2152 vere
258 2122 427 2164 explicat,
463 2122 491 2154 si
523 2121 684 2154 iudicium
710 2125 744 2154 et
769 2132 904 2154 sensum
930 2123 1123 2165 elegantiae
1158 2124 1282 2167 habes,
1320 2138 1409 2170 quae

64 2186 267 2228 significatio
306 2188 380 2221 aliis
421 2188 506 2221 locis
545 2188 713 2221 convenit.
751 2207 796 2213 —
848 2189 938 2222 Hoc
984 2190 1137 2224 Venus
1181 2193 1410 2235 ignoscet,

65 2257 207 2296 propter
243 2264 406 2286 summam
442 2254 576 2297 puellae
608 2253 902 2297 pulchritudinem.
961 2255 1150 2290 Conserunt
1184 2258 1409 2291 BRothirnu-

64 2329 140 2350 ειυς
167 2322 202 2351 et
228 2319 398 2351 HEYNms
425 2320 581 2362 Propert.
606 2319 650 2360 ll,
675 2322 732 2360 28,
757 2322 820 2353 33:
857 2321 935 2351 Hoc
958 2318 1023 2352 tibi
1046 2321 1103 2354 vel
1123 2323 1256 2366 poterit
1282 2324 1408 2356 coniux

63 2385 240 2430 ignoscere
268 2387 376 2422 Iuno,
419 2386 477 2418 ubi
501 2385 654 2429 Iuppiter
679 2390 796 2419 oratur
829 2390 867 2418 ut
891 2393 1065 2421 succurrat
1091 2389 1257 2431 Cynthiae
1283 2402 1410 2433 aegro-

64 2453 158 2485 tanti.
209 2453 338 2485 Tamen
364 2452 433 2485 illic
458 2452 564 2485 tristis
589 2463 711 2494 causa,
750 2462 836 2484 nunc
865 2450 978 2485 hilaris
1005 2455 1112 2487 oratio
1140 2459 1211 2497 est,
1246 2467 1309 2490 nec
1333 2457 1407 2490 sine

64 2517 182 2560 lepore
207 2518 298 2551 dicta
323 2522 402 2550 sunt
427 2516 510 2551 haec
535 2518 649 2551 verba.
709 2518 868 2550 Ceterum
894 2518 1036 2552 observa
1063 2521 1213 2556 ultimam
1243 2524 1407 2565 syllabam

63 2594 95 2617 v.
122 2582 277 2628 ignoscet
303 2585 521 2628 productam,
560 2585 603 2618 de
628 2596 693 2628 qua
718 2595 755 2618 re
780 2584 923 2617 vidimus
949 2585 990 2618 ad
1016 2585 1042 2627 I,
1071 2590 1125 2629 10,
1154 2591 1207 2622 13.
1234 2608 1279 2613 —
1316 2590 1406 2622 vio-

63 2651 206 2693 lente,
241 2652 396 2687 similiter
418 2649 543 2694 βιαίἁς
569 2649 680 2699 ’‘Ams-
716 2651 838 2687 dicitur
862 2653 1031 2689 Pmmsso
1057 2655 1158 2700 Pyth.
1184 2657 1212 2700 Ι,
1239 2660 1316 2700 10.,
1349 2657 1406 2692 ubi
