<?xml version="1.0" encoding="UTF-8"?>
<!DOCTYPE html PUBLIC "-//W3C//DTD XHTML 1.0 Transitional//EN"
    "http://www.w3.org/TR/xhtml1/DTD/xhtml1-transitional.dtd">
<html xmlns="http://www.w3.org/1999/xhtml" xml:lang="en" lang="en">
 <head>
  <title>
</title>
<meta http-equiv="Content-Type" content="text/html;charset=utf-8" />
  <meta name='ocr-system' content='tesseract 3.04.00' />
  <meta name='ocr-capabilities' content='ocr_page ocr_carea ocr_par ocr_line ocrx_word'/>
</head>
<body>
  <div class='ocr_page' id='page_1' title='image "./carminaexrecensi00tibuuoft_0403.png"; bbox 0 0 1721 2953; ppageno 0'>
   <div class='ocr_carea' id='block_1_1' title="bbox 544 161 1471 206">
    <p class='ocr_par' dir='ltr' id='par_1_1' title="bbox 544 161 1471 206">
     <span class='ocr_line' id='line_1_1' title="bbox 544 161 1471 206; baseline -0.003 -1"><span class='ocrx_word' id='word_1_1' title='bbox 544 164 687 206; x_wconf 86' lang='lat' dir='ltr'><strong>LIBR.</strong></span> <span class='ocrx_word' id='word_1_2' title='bbox 716 163 747 203; x_wconf 90' lang='grc' dir='ltr'><strong>Ι.</strong></span> <span class='ocrx_word' id='word_1_3' title='bbox 805 161 963 202; x_wconf 72' lang='lat' dir='ltr'><strong>ELEG.</strong></span> <span class='ocrx_word' id='word_1_4' title='bbox 993 164 1063 203; x_wconf 86' lang='lat'><strong>111.</strong></span> <span class='ocrx_word' id='word_1_5' title='bbox 1421 169 1471 204; x_wconf 73' lang='lat'><strong>77</strong></span> 
     </span>
    </p>
   </div>
   <div class='ocr_carea' id='block_1_2' title="bbox 123 276 1478 2709">
    <p class='ocr_par' dir='ltr' id='par_1_2' title="bbox 123 276 1478 2709">
     <span class='ocr_line' id='line_1_2' title="bbox 130 276 1474 324; baseline -0.007 -3"><span class='ocrx_word' id='word_1_6' title='bbox 130 285 228 321; x_wconf 82' lang='lat' dir='ltr'><strong>Adde</strong></span> <span class='ocrx_word' id='word_1_7' title='bbox 260 285 426 320; x_wconf 69' lang='lat' dir='ltr'><strong>Axwruor..</strong></span> <span class='ocrx_word' id='word_1_8' title='bbox 463 282 596 317; x_wconf 60' lang='lat' dir='ltr'><strong>Lxx-nv.</strong></span> <span class='ocrx_word' id='word_1_9' title='bbox 631 280 675 314; x_wconf 89' lang='lat' dir='ltr'><strong>T.</strong></span> <span class='ocrx_word' id='word_1_10' title='bbox 700 279 745 314; x_wconf 88' lang='grc' dir='ltr'><strong>ΙΙ.</strong></span> <span class='ocrx_word' id='word_1_11' title='bbox 779 278 858 313; x_wconf 83' lang='lat' dir='ltr'><strong>libr.</strong></span> <span class='ocrx_word' id='word_1_12' title='bbox 883 278 942 313; x_wconf 90' lang='lat' dir='ltr'><strong>IV.</strong></span> <span class='ocrx_word' id='word_1_13' title='bbox 978 289 1033 324; x_wconf 87' lang='lat' dir='ltr'><strong>ep.</strong></span> <span class='ocrx_word' id='word_1_14' title='bbox 1063 281 1117 313; x_wconf 88' lang='grc'><strong>13.</strong></span> <span class='ocrx_word' id='word_1_15' title='bbox 1154 288 1185 312; x_wconf 83' lang='lat' dir='ltr'><strong>v.</strong></span> <span class='ocrx_word' id='word_1_16' title='bbox 1216 279 1273 312; x_wconf 79' lang='lat'><strong>27.</strong></span> <span class='ocrx_word' id='word_1_17' title='bbox 1315 276 1474 311; x_wconf 81' lang='lat' dir='ltr'><strong>laudante</strong></span> 
     </span>
     <span class='ocr_line' id='line_1_3' title="bbox 130 345 1474 387; baseline -0.004 -2"><span class='ocrx_word' id='word_1_18' title='bbox 130 352 292 387; x_wconf 63' lang='lat' dir='ltr'><strong>Hanno.</strong></span> <span class='ocrx_word' id='word_1_19' title='bbox 341 347 489 385; x_wconf 85' lang='lat' dir='ltr'>Pulchre</span> <span class='ocrx_word' id='word_1_20' title='bbox 514 349 686 383; x_wconf 81' lang='lat' dir='ltr'><strong>finxerunt</strong></span> <span class='ocrx_word' id='word_1_21' title='bbox 711 345 854 380; x_wconf 88' lang='lat' dir='ltr'><strong>blandos</strong></span> <span class='ocrx_word' id='word_1_22' title='bbox 879 346 966 380; x_wconf 85' lang='lat' dir='ltr'><strong>tales</strong></span> <span class='ocrx_word' id='word_1_23' title='bbox 990 345 1031 379; x_wconf 87' lang='lat' dir='ltr'><strong>ad</strong></span> <span class='ocrx_word' id='word_1_24' title='bbox 1054 345 1237 379; x_wconf 88' lang='lat' dir='ltr'><strong>tollendum</strong></span> <span class='ocrx_word' id='word_1_25' title='bbox 1263 345 1380 379; x_wconf 87' lang='lat' dir='ltr'><strong>mortis</strong></span> <span class='ocrx_word' id='word_1_26' title='bbox 1400 355 1474 379; x_wconf 90' lang='lat' dir='ltr'><strong>me-</strong></span> 
     </span>
     <span class='ocr_line' id='line_1_4' title="bbox 129 412 1475 460; baseline -0.004 -6"><span class='ocrx_word' id='word_1_27' title='bbox 129 426 201 455; x_wconf 88' lang='lat' dir='ltr'><strong>tum</strong></span> <span class='ocrx_word' id='word_1_28' title='bbox 225 419 367 453; x_wconf 90' lang='lat' dir='ltr'><strong>idoneos</strong></span> <span class='ocrx_word' id='word_1_29' title='bbox 391 412 652 460; x_wconf 72' lang='grc' dir='ltr'><strong>ψυχοπομπούς,</strong></span> <span class='ocrx_word' id='word_1_30' title='bbox 676 434 724 441; x_wconf 87' lang='grc'><strong>-</strong></span> <span class='ocrx_word' id='word_1_31' title='bbox 752 414 904 457; x_wconf 79' lang='lat' dir='ltr'>Elysii</span> <span class='ocrx_word' id='word_1_32' title='bbox 933 424 1014 447; x_wconf 82' lang='lat' dir='ltr'><strong>vero</strong></span> <span class='ocrx_word' id='word_1_33' title='bbox 1044 414 1184 459; x_wconf 86' lang='lat' dir='ltr'><strong>campi</strong></span> <span class='ocrx_word' id='word_1_34' title='bbox 1210 423 1297 448; x_wconf 89' lang='lat' dir='ltr'><strong>nunc</strong></span> <span class='ocrx_word' id='word_1_35' title='bbox 1322 414 1355 447; x_wconf 91' lang='lat' dir='ltr'><strong>in</strong></span> <span class='ocrx_word' id='word_1_36' title='bbox 1381 413 1475 448; x_wconf 88' lang='lat' dir='ltr'><strong>Orco</strong></span> 
     </span>
     <span class='ocr_line' id='line_1_5' title="bbox 128 479 1474 530; baseline -0.006 -9"><span class='ocrx_word' id='word_1_37' title='bbox 128 491 217 529; x_wconf 82' lang='lat' dir='ltr'><strong>sunt,</strong></span> <span class='ocrx_word' id='word_1_38' title='bbox 241 487 299 530; x_wconf 91' lang='lat' dir='ltr'><strong>qui</strong></span> <span class='ocrx_word' id='word_1_39' title='bbox 323 484 413 530; x_wconf 90' lang='lat' dir='ltr'><strong>apud</strong></span> <span class='ocrx_word' id='word_1_40' title='bbox 438 485 647 529; x_wconf 86' lang='lat' dir='ltr'><strong>posteriores</strong></span> <span class='ocrx_word' id='word_1_41' title='bbox 673 494 717 517; x_wconf 83' lang='lat' dir='ltr'><strong>ex</strong></span> <span class='ocrx_word' id='word_1_42' title='bbox 741 481 861 526; x_wconf 88' lang='lat' dir='ltr'><strong>Elysio</strong></span> <span class='ocrx_word' id='word_1_43' title='bbox 887 486 922 515; x_wconf 90' lang='lat' dir='ltr'><strong>et</strong></span> <span class='ocrx_word' id='word_1_44' title='bbox 942 481 1088 515; x_wconf 87' lang='lat' dir='ltr'><strong>Tartaro</strong></span> <span class='ocrx_word' id='word_1_45' title='bbox 1112 484 1256 522; x_wconf 89' lang='lat' dir='ltr'><strong>constat,</strong></span> <span class='ocrx_word' id='word_1_46' title='bbox 1280 479 1346 514; x_wconf 85' lang='lat' dir='ltr'><strong>vid.</strong></span> <span class='ocrx_word' id='word_1_47' title='bbox 1371 480 1474 514; x_wconf 89' lang='lat' dir='ltr'><strong>Voss.</strong></span> 
     </span>
     <span class='ocr_line' id='line_1_6' title="bbox 128 546 1474 595; baseline -0.004 -9"><span class='ocrx_word' id='word_1_48' title='bbox 128 553 170 587; x_wconf 79' lang='lat' dir='ltr'><strong>ad</strong></span> <span class='ocrx_word' id='word_1_49' title='bbox 197 552 318 595; x_wconf 86' lang='lat' dir='ltr'><strong>Virgil.</strong></span> <span class='ocrx_word' id='word_1_50' title='bbox 345 552 476 594; x_wconf 82' lang='lat' dir='ltr'><strong>Georg.</strong></span> <span class='ocrx_word' id='word_1_51' title='bbox 499 550 527 592; x_wconf 93' lang='lat' dir='ltr'><strong>I,</strong></span> <span class='ocrx_word' id='word_1_52' title='bbox 554 561 589 594; x_wconf 79' lang='lat' dir='ltr'><strong>p·</strong></span> <span class='ocrx_word' id='word_1_53' title='bbox 607 551 666 583; x_wconf 89' lang='grc'><strong>61.</strong></span> <span class='ocrx_word' id='word_1_54' title='bbox 685 565 731 574; x_wconf 90' lang='lat'>—</span> <span class='ocrx_word' id='word_1_55' title='bbox 756 548 798 583; x_wconf 89' lang='lat' dir='ltr'><strong>V.</strong></span> <span class='ocrx_word' id='word_1_56' title='bbox 819 550 865 581; x_wconf 89' lang='lat'><strong>59</strong></span> <span class='ocrx_word' id='word_1_57' title='bbox 888 558 961 590; x_wconf 90' lang='lat' dir='ltr'><strong>sqq.</strong></span> <span class='ocrx_word' id='word_1_58' title='bbox 1010 548 1174 590; x_wconf 82' lang='lat' dir='ltr'><strong>Sequitur</strong></span> <span class='ocrx_word' id='word_1_59' title='bbox 1197 547 1264 581; x_wconf 89' lang='lat' dir='ltr'><strong>iam</strong></span> <span class='ocrx_word' id='word_1_60' title='bbox 1289 546 1474 591; x_wconf 81' lang='lat' dir='ltr'>descriptio</span> 
     </span>
     <span class='ocr_line' id='line_1_7' title="bbox 127 605 1475 658; baseline -0.004 -4"><span class='ocrx_word' id='word_1_61' title='bbox 127 619 248 654; x_wconf 88' lang='lat' dir='ltr'><strong>borum</strong></span> <span class='ocrx_word' id='word_1_62' title='bbox 275 620 428 653; x_wconf 91' lang='lat' dir='ltr'><strong>locorum</strong></span> <span class='ocrx_word' id='word_1_63' title='bbox 452 616 710 652; x_wconf 86' lang='lat' dir='ltr'><strong>accommodata</strong></span> <span class='ocrx_word' id='word_1_64' title='bbox 740 614 840 649; x_wconf 84' lang='lat' dir='ltr'><strong>huius</strong></span> <span class='ocrx_word' id='word_1_65' title='bbox 864 605 1163 658; x_wconf 70' lang='lat' dir='ltr'><strong>elegiae&#39;rationi,</strong></span> <span class='ocrx_word' id='word_1_66' title='bbox 1191 614 1475 658; x_wconf 88' lang='lat' dir='ltr'><strong>quemadmodum</strong></span> 
     </span>
     <span class='ocr_line' id='line_1_8' title="bbox 127 680 1476 726; baseline -0.004 -6"><span class='ocrx_word' id='word_1_67' title='bbox 127 686 218 720; x_wconf 84' lang='lat' dir='ltr'><strong>idem</strong></span> <span class='ocrx_word' id='word_1_68' title='bbox 243 686 275 719; x_wconf 91' lang='lat' dir='ltr'><strong>in</strong></span> <span class='ocrx_word' id='word_1_69' title='bbox 301 695 426 719; x_wconf 86' lang='lat' dir='ltr'><strong>aureae</strong></span> <span class='ocrx_word' id='word_1_70' title='bbox 451 684 573 717; x_wconf 88' lang='lat' dir='ltr'><strong>aetatis</strong></span> <span class='ocrx_word' id='word_1_71' title='bbox 597 681 826 726; x_wconf 82' lang='lat' dir='ltr'><strong>descriptione</strong></span> <span class='ocrx_word' id='word_1_72' title='bbox 851 681 994 715; x_wconf 84' lang='lat' dir='ltr'><strong>vidimus</strong></span> <span class='ocrx_word' id='word_1_73' title='bbox 1017 680 1154 715; x_wconf 81' lang='lat' dir='ltr'><strong>factum.</strong></span> <span class='ocrx_word' id='word_1_74' title='bbox 1207 682 1318 726; x_wconf 80' lang='lat' dir='ltr'><strong>Atque</strong></span> <span class='ocrx_word' id='word_1_75' title='bbox 1346 685 1383 715; x_wconf 87' lang='lat' dir='ltr'><strong>ut</strong></span> <span class='ocrx_word' id='word_1_76' title='bbox 1403 682 1476 726; x_wconf 89' lang='lat' dir='ltr'><strong>pri-</strong></span> 
     </span>
     <span class='ocr_line' id='line_1_9' title="bbox 127 745 1476 795; baseline -0.006 -8"><span class='ocrx_word' id='word_1_77' title='bbox 127 764 219 788; x_wconf 88' lang='lat' dir='ltr'><strong>mum</strong></span> <span class='ocrx_word' id='word_1_78' title='bbox 237 752 280 786; x_wconf 90' lang='lat' dir='ltr'><strong>de</strong></span> <span class='ocrx_word' id='word_1_79' title='bbox 298 751 422 795; x_wconf 79' lang='lat' dir='ltr'><strong>Elysio</strong></span> <span class='ocrx_word' id='word_1_80' title='bbox 444 760 611 792; x_wconf 89' lang='lat' dir='ltr'><strong>moneam,</strong></span> <span class='ocrx_word' id='word_1_81' title='bbox 636 750 714 783; x_wconf 91' lang='lat' dir='ltr'><strong>talis</strong></span> <span class='ocrx_word' id='word_1_82' title='bbox 731 748 786 783; x_wconf 90' lang='lat' dir='ltr'><strong>hic</strong></span> <span class='ocrx_word' id='word_1_83' title='bbox 806 747 1001 793; x_wconf 79' lang='lat' dir='ltr'><strong>depingitur</strong></span> <span class='ocrx_word' id='word_1_84' title='bbox 1021 747 1178 790; x_wconf 82' lang='lat' dir='ltr'><strong>beatitas,</strong></span> <span class='ocrx_word' id='word_1_85' title='bbox 1206 748 1316 791; x_wconf 84' lang='lat' dir='ltr'><strong>qualis</strong></span> <span class='ocrx_word' id='word_1_86' title='bbox 1337 745 1476 780; x_wconf 80' lang='lat' dir='ltr'><strong>amanti</strong></span> 
     </span>
     <span class='ocr_line' id='line_1_10' title="bbox 127 815 1476 864; baseline -0.005 -7"><span class='ocrx_word' id='word_1_87' title='bbox 127 823 242 857; x_wconf 82' lang='lat' dir='ltr'><strong>iuveni</strong></span> <span class='ocrx_word' id='word_1_88' title='bbox 266 820 438 862; x_wconf 84' lang='lat' dir='ltr'><strong>convenit,</strong></span> <span class='ocrx_word' id='word_1_89' title='bbox 463 819 522 864; x_wconf 92' lang='lat' dir='ltr'><strong>qui</strong></span> <span class='ocrx_word' id='word_1_90' title='bbox 546 822 685 863; x_wconf 88' lang='lat' dir='ltr'><strong>ereptus</strong></span> <span class='ocrx_word' id='word_1_91' title='bbox 709 820 926 862; x_wconf 84' lang='lat' dir='ltr'><strong>praemature</strong></span> <span class='ocrx_word' id='word_1_92' title='bbox 948 816 1129 858; x_wconf 79' lang='lat' dir='ltr'><strong>amoribus,</strong></span> <span class='ocrx_word' id='word_1_93' title='bbox 1155 815 1370 849; x_wconf 86' lang='lat' dir='ltr'><strong>iucundiores</strong></span> <span class='ocrx_word' id='word_1_94' title='bbox 1390 816 1476 850; x_wconf 85' lang='lat' dir='ltr'><strong>alios</strong></span> 
     </span>
     <span class='ocr_line' id='line_1_11' title="bbox 128 882 1475 933; baseline -0.007 -9"><span class='ocrx_word' id='word_1_95' title='bbox 128 889 320 924; x_wconf 86' lang='lat' dir='ltr'><strong>huiusmodi</strong></span> <span class='ocrx_word' id='word_1_96' title='bbox 352 892 432 933; x_wconf 91' lang='lat' dir='ltr'><strong>post</strong></span> <span class='ocrx_word' id='word_1_97' title='bbox 463 890 609 921; x_wconf 88' lang='lat' dir='ltr'><strong>mortem</strong></span> <span class='ocrx_word' id='word_1_98' title='bbox 643 888 760 931; x_wconf 86' lang='lat' dir='ltr'><strong>sperat</strong></span> <span class='ocrx_word' id='word_1_99' title='bbox 794 885 828 918; x_wconf 90' lang='lat' dir='ltr'><strong>in</strong></span> <span class='ocrx_word' id='word_1_100' title='bbox 861 883 1107 917; x_wconf 86' lang='lat' dir='ltr'><strong>amoenissimis</strong></span> <span class='ocrx_word' id='word_1_101' title='bbox 1142 883 1226 917; x_wconf 91' lang='lat' dir='ltr'><strong>locis</strong></span> <span class='ocrx_word' id='word_1_102' title='bbox 1259 883 1363 916; x_wconf 81' lang='lat' dir='ltr'><strong>lusus.</strong></span> <span class='ocrx_word' id='word_1_103' title='bbox 1422 882 1475 916; x_wconf 90' lang='lat' dir='ltr'><strong>De</strong></span> 
     </span>
     <span class='ocr_line' id='line_1_12' title="bbox 128 948 1475 991; baseline -0.007 -1"><span class='ocrx_word' id='word_1_104' title='bbox 128 957 274 990; x_wconf 92' lang='lat' dir='ltr'><strong>Tartaro</strong></span> <span class='ocrx_word' id='word_1_105' title='bbox 298 955 384 988; x_wconf 82' lang='lat' dir='ltr'><strong>infra</strong></span> <span class='ocrx_word' id='word_1_106' title='bbox 409 953 607 987; x_wconf 82' lang='lat' dir='ltr'><strong>videbimus.</strong></span> <span class='ocrx_word' id='word_1_107' title='bbox 628 971 673 979; x_wconf 92' lang='lat'><strong>-—</strong></span> <span class='ocrx_word' id='word_1_108' title='bbox 698 951 784 985; x_wconf 90' lang='lat' dir='ltr'><strong>Hic</strong></span> <span class='ocrx_word' id='word_1_109' title='bbox 809 948 1003 984; x_wconf 86' lang='lat' dir='ltr'><strong>choreae</strong></span> <span class='ocrx_word' id='word_1_110' title='bbox 1029 952 1282 991; x_wconf 87' lang='lat' dir='ltr'><strong>cantusque</strong></span> <span class='ocrx_word' id='word_1_111' title='bbox 1306 949 1475 991; x_wconf 81' lang='lat' dir='ltr'><strong>vigent.</strong></span> 
     </span>
     <span class='ocr_line' id='line_1_13' title="bbox 127 1014 1477 1063; baseline -0.007 -7"><span class='ocrx_word' id='word_1_112' title='bbox 127 1023 267 1056; x_wconf 75' lang='lat' dir='ltr'><strong>VALER.</strong></span> <span class='ocrx_word' id='word_1_113' title='bbox 287 1021 421 1055; x_wconf 62' lang='lat' dir='ltr'><strong>chc.</strong></span> <span class='ocrx_word' id='word_1_114' title='bbox 442 1020 470 1062; x_wconf 86' lang='lat' dir='ltr'><strong>I,</strong></span> <span class='ocrx_word' id='word_1_115' title='bbox 489 1022 579 1054; x_wconf 80' lang='lat'>844:</span> <span class='ocrx_word' id='word_1_116' title='bbox 612 1017 679 1051; x_wconf 79' lang='lat' dir='ltr'><strong>Ubi</strong></span> <span class='ocrx_word' id='word_1_117' title='bbox 703 1017 759 1050; x_wconf 78' lang='lat' dir='ltr'><strong>sol</strong></span> <span class='ocrx_word' id='word_1_118' title='bbox 783 1023 965 1063; x_wconf 77' lang='lat' dir='ltr'><strong>totumque</strong></span> <span class='ocrx_word' id='word_1_119' title='bbox 989 1028 1052 1061; x_wconf 82' lang='lat' dir='ltr'><strong>per</strong></span> <span class='ocrx_word' id='word_1_120' title='bbox 1073 1027 1205 1048; x_wconf 78' lang='lat' dir='ltr'><strong>annum</strong></span> <span class='ocrx_word' id='word_1_121' title='bbox 1223 1014 1332 1047; x_wconf 80' lang='lat' dir='ltr'><strong>durat</strong></span> <span class='ocrx_word' id='word_1_122' title='bbox 1354 1014 1477 1059; x_wconf 79' lang='lat' dir='ltr'><strong>aprica</strong></span> 
     </span>
     <span class='ocr_line' id='line_1_14' title="bbox 128 1080 1477 1133; baseline -0.004 -14"><span class='ocrx_word' id='word_1_123' title='bbox 128 1088 200 1121; x_wconf 79' lang='lat' dir='ltr'><strong>dies</strong></span> <span class='ocrx_word' id='word_1_124' title='bbox 224 1086 405 1133; x_wconf 79' lang='lat' dir='ltr'><strong>thiasique</strong></span> <span class='ocrx_word' id='word_1_125' title='bbox 431 1084 597 1131; x_wconf 76' lang='lat' dir='ltr'><strong>chorique</strong></span> <span class='ocrx_word' id='word_1_126' title='bbox 622 1083 778 1117; x_wconf 77' lang='lat' dir='ltr'><strong>virorum</strong></span> <span class='ocrx_word' id='word_1_127' title='bbox 803 1081 1042 1127; x_wconf 81' lang='lat' dir='ltr'><strong>carminaque.</strong></span> <span class='ocrx_word' id='word_1_128' title='bbox 1075 1080 1162 1115; x_wconf 83' lang='lat' dir='ltr'><strong>Add.</strong></span> <span class='ocrx_word' id='word_1_129' title='bbox 1182 1081 1292 1115; x_wconf 76' lang='lat' dir='ltr'><strong>V1RG.</strong></span> <span class='ocrx_word' id='word_1_130' title='bbox 1312 1082 1397 1113; x_wconf 84' lang='lat' dir='ltr'><strong>Aen·</strong></span> <span class='ocrx_word' id='word_1_131' title='bbox 1414 1080 1477 1122; x_wconf 79' lang='lat' dir='ltr'><strong>VI,</strong></span> 
     </span>
     <span class='ocr_line' id='line_1_15' title="bbox 128 1145 1478 1193; baseline -0.005 -6"><span class='ocrx_word' id='word_1_132' title='bbox 128 1156 209 1187; x_wconf 74' lang='lat'><strong>644.</strong></span> <span class='ocrx_word' id='word_1_133' title='bbox 236 1154 423 1187; x_wconf 70' lang='lat' dir='ltr'><strong>Pnopssnm.</strong></span> <span class='ocrx_word' id='word_1_134' title='bbox 444 1151 504 1193; x_wconf 79' lang='lat' dir='ltr'><strong>lv,</strong></span> <span class='ocrx_word' id='word_1_135' title='bbox 529 1154 564 1192; x_wconf 81' lang='grc'><strong>7,</strong></span> <span class='ocrx_word' id='word_1_136' title='bbox 587 1152 630 1183; x_wconf 90' lang='grc'><strong>61</strong></span> <span class='ocrx_word' id='word_1_137' title='bbox 654 1160 727 1192; x_wconf 90' lang='lat' dir='ltr'><strong>sqq.</strong></span> <span class='ocrx_word' id='word_1_138' title='bbox 777 1148 830 1182; x_wconf 86' lang='lat' dir='ltr'><strong>Ad</strong></span> <span class='ocrx_word' id='word_1_139' title='bbox 856 1147 975 1193; x_wconf 65' lang='lat' dir='ltr'><strong>rigent</strong></span> <span class='ocrx_word' id='word_1_140' title='bbox 1000 1148 1320 1181; x_wconf 64' lang='lat' dir='ltr'><strong>annnnmcmus</strong></span> <span class='ocrx_word' id='word_1_141' title='bbox 1345 1145 1478 1180; x_wconf 81' lang='lat' dir='ltr'><strong>confert</strong></span> 
     </span>
     <span class='ocr_line' id='line_1_16' title="bbox 127 1210 1473 1262; baseline -0.005 -10"><span class='ocrx_word' id='word_1_142' title='bbox 127 1218 248 1262; x_wconf 75' lang='lat' dir='ltr'><strong>Eurip.</strong></span> <span class='ocrx_word' id='word_1_143' title='bbox 280 1218 385 1252; x_wconf 78' lang='lat' dir='ltr'><strong>Herc.</strong></span> <span class='ocrx_word' id='word_1_144' title='bbox 414 1218 478 1251; x_wconf 80' lang='lat' dir='ltr'><strong>fur.</strong></span> <span class='ocrx_word' id='word_1_145' title='bbox 504 1220 594 1251; x_wconf 81' lang='lat'>759:</span> <span class='ocrx_word' id='word_1_146' title='bbox 630 1213 749 1261; x_wconf 68' lang='lat'><strong>26902,</strong></span> <span class='ocrx_word' id='word_1_147' title='bbox 786 1212 886 1260; x_wconf 60' lang='lat' dir='ltr'><strong>ngiot</strong></span> <span class='ocrx_word' id='word_1_148' title='bbox 914 1216 971 1247; x_wconf 79' lang='grc' dir='ltr'><strong>καὶ</strong></span> <span class='ocrx_word' id='word_1_149' title='bbox 1005 1214 1131 1247; x_wconf 69' lang='grc' dir='ltr'><em>θαλίαι</em></span> <span class='ocrx_word' id='word_1_150' title='bbox 1162 1214 1320 1252; x_wconf 72' lang='grc' dir='ltr'>μέλουσιν</span> <span class='ocrx_word' id='word_1_151' title='bbox 1355 1210 1473 1258; x_wconf 64' lang='grc' dir='ltr'><em>Θήβας</em></span> 
     </span>
     <span class='ocr_line' id='line_1_17' title="bbox 127 1279 1476 1329; baseline -0.001 -15"><span class='ocrx_word' id='word_1_152' title='bbox 127 1281 216 1329; x_wconf 62' lang='grc' dir='ltr'><em>ἱερὸν</em></span> <span class='ocrx_word' id='word_1_153' title='bbox 240 1280 314 1316; x_wconf 73' lang='grc' dir='ltr'><strong>κατ’</strong></span> <span class='ocrx_word' id='word_1_154' title='bbox 339 1279 439 1315; x_wconf 76' lang='grc' dir='ltr'><em>ἇοτυ.</em></span> <span class='ocrx_word' id='word_1_155' title='bbox 465 1301 513 1307; x_wconf 93' lang='grc'><strong>--</strong></span> <span class='ocrx_word' id='word_1_156' title='bbox 545 1282 674 1315; x_wconf 87' lang='lat' dir='ltr'><strong>tenui</strong></span> <span class='ocrx_word' id='word_1_157' title='bbox 708 1292 797 1314; x_wconf 89' lang='lat' dir='ltr'><strong>nunc</strong></span> <span class='ocrx_word' id='word_1_158' title='bbox 829 1281 981 1313; x_wconf 89' lang='lat' dir='ltr'><strong>additum</strong></span> <span class='ocrx_word' id='word_1_159' title='bbox 1013 1279 1055 1313; x_wconf 92' lang='lat' dir='ltr'><strong>ad</strong></span> <span class='ocrx_word' id='word_1_160' title='bbox 1088 1280 1289 1313; x_wconf 81' lang='lat' dir='ltr'><strong>suavitatem</strong></span> <span class='ocrx_word' id='word_1_161' title='bbox 1315 1289 1476 1312; x_wconf 87' lang='lat' dir='ltr'><strong>sonorum</strong></span> 
     </span>
     <span class='ocr_line' id='line_1_18' title="bbox 126 1343 1476 1393; baseline -0.006 -9"><span class='ocrx_word' id='word_1_162' title='bbox 126 1349 392 1393; x_wconf 85' lang='lat' dir='ltr'><strong>significandam.</strong></span> <span class='ocrx_word' id='word_1_163' title='bbox 441 1349 603 1382; x_wconf 85' lang='lat' dir='ltr'><strong>Ceterum</strong></span> <span class='ocrx_word' id='word_1_164' title='bbox 637 1349 743 1391; x_wconf 76' lang='lat' dir='ltr'><strong>vulgo</strong></span> <span class='ocrx_word' id='word_1_165' title='bbox 769 1350 972 1392; x_wconf 87' lang='lat' dir='ltr'><strong>perpetuum</strong></span> <span class='ocrx_word' id='word_1_166' title='bbox 1005 1345 1098 1388; x_wconf 91' lang='lat' dir='ltr'><strong>quod</strong></span> <span class='ocrx_word' id='word_1_167' title='bbox 1131 1345 1257 1379; x_wconf 91' lang='lat' dir='ltr'><strong>dicitur</strong></span> <span class='ocrx_word' id='word_1_168' title='bbox 1290 1343 1476 1388; x_wconf 84' lang='lat' dir='ltr'><strong>epitheton,</strong></span> 
     </span>
     <span class='ocr_line' id='line_1_19' title="bbox 127 1409 1477 1456; baseline -0.006 -7"><span class='ocrx_word' id='word_1_169' title='bbox 127 1416 169 1449; x_wconf 88' lang='lat' dir='ltr'><strong>cf.</strong></span> <span class='ocrx_word' id='word_1_170' title='bbox 195 1416 303 1449; x_wconf 79' lang='lat' dir='ltr'><strong>Ovrn.</strong></span> <span class='ocrx_word' id='word_1_171' title='bbox 330 1416 465 1448; x_wconf 84' lang='lat' dir='ltr'><strong>Amorr.</strong></span> <span class='ocrx_word' id='word_1_172' title='bbox 491 1414 518 1455; x_wconf 87' lang='grc' dir='ltr'><strong>Ι,</strong></span> <span class='ocrx_word' id='word_1_173' title='bbox 546 1416 602 1455; x_wconf 82' lang='lat'><strong>13,</strong></span> <span class='ocrx_word' id='word_1_174' title='bbox 624 1416 657 1446; x_wconf 88' lang='grc'><strong>8.</strong></span> <span class='ocrx_word' id='word_1_175' title='bbox 678 1414 721 1447; x_wconf 91' lang='lat' dir='ltr'><strong>al.</strong></span> <span class='ocrx_word' id='word_1_176' title='bbox 771 1411 843 1445; x_wconf 90' lang='lat' dir='ltr'><strong>Sed</strong></span> <span class='ocrx_word' id='word_1_177' title='bbox 869 1412 980 1456; x_wconf 87' lang='lat' dir='ltr'><strong>primo</strong></span> <span class='ocrx_word' id='word_1_178' title='bbox 1004 1409 1169 1455; x_wconf 87' lang='lat' dir='ltr'><strong>adspectu</strong></span> <span class='ocrx_word' id='word_1_179' title='bbox 1193 1409 1339 1443; x_wconf 87' lang='lat' dir='ltr'><strong>fortasse</strong></span> <span class='ocrx_word' id='word_1_180' title='bbox 1363 1409 1477 1442; x_wconf 85' lang='lat' dir='ltr'><strong>varie-</strong></span> 
     </span>
     <span class='ocr_line' id='line_1_20' title="bbox 126 1475 1477 1522; baseline -0.004 -8"><span class='ocrx_word' id='word_1_181' title='bbox 126 1484 230 1514; x_wconf 86' lang='lat' dir='ltr'><strong>tatem</strong></span> <span class='ocrx_word' id='word_1_182' title='bbox 255 1480 418 1514; x_wconf 88' lang='lat' dir='ltr'><strong>maiorem</strong></span> <span class='ocrx_word' id='word_1_183' title='bbox 442 1490 554 1513; x_wconf 87' lang='lat' dir='ltr'><strong>rerum</strong></span> <span class='ocrx_word' id='word_1_184' title='bbox 580 1478 633 1512; x_wconf 83' lang='lat' dir='ltr'><strong>hic</strong></span> <span class='ocrx_word' id='word_1_185' title='bbox 659 1478 832 1522; x_wconf 85' lang='lat' dir='ltr'><strong>requiras,</strong></span> <span class='ocrx_word' id='word_1_186' title='bbox 865 1481 899 1510; x_wconf 84' lang='lat' dir='ltr'><strong>et</strong></span> <span class='ocrx_word' id='word_1_187' title='bbox 921 1478 1094 1521; x_wconf 82' lang='lat' dir='ltr'><strong>vituperes</strong></span> <span class='ocrx_word' id='word_1_188' title='bbox 1120 1479 1257 1521; x_wconf 87' lang='lat' dir='ltr'><strong>poetam</strong></span> <span class='ocrx_word' id='word_1_189' title='bbox 1281 1475 1371 1519; x_wconf 88' lang='lat' dir='ltr'><strong>quod</strong></span> <span class='ocrx_word' id='word_1_190' title='bbox 1397 1479 1477 1520; x_wconf 81' lang='lat' dir='ltr'><strong>post</strong></span> 
     </span>
     <span class='ocr_line' id='line_1_21' title="bbox 124 1541 1476 1587; baseline -0.005 -7"><span class='ocrx_word' id='word_1_191' title='bbox 124 1547 277 1580; x_wconf 80' lang='lat' dir='ltr'><strong>Manium</strong></span> <span class='ocrx_word' id='word_1_192' title='bbox 302 1545 446 1580; x_wconf 81' lang='lat' dir='ltr'><strong>choreas</strong></span> <span class='ocrx_word' id='word_1_193' title='bbox 471 1548 658 1587; x_wconf 87' lang='lat' dir='ltr'><strong>cantusque</strong></span> <span class='ocrx_word' id='word_1_194' title='bbox 684 1544 787 1577; x_wconf 88' lang='lat' dir='ltr'><strong>etiam</strong></span> <span class='ocrx_word' id='word_1_195' title='bbox 812 1543 1076 1585; x_wconf 74' lang='lat' dir='ltr'><strong>aviumubique</strong></span> <span class='ocrx_word' id='word_1_196' title='bbox 1105 1541 1301 1585; x_wconf 77' lang='lat' dir='ltr'><strong>vagantium</strong></span> <span class='ocrx_word' id='word_1_197' title='bbox 1327 1541 1476 1574; x_wconf 87' lang='lat' dir='ltr'><strong>carmina</strong></span> 
     </span>
     <span class='ocr_line' id='line_1_22' title="bbox 125 1606 1476 1650; baseline -0.005 -4"><span class='ocrx_word' id='word_1_198' title='bbox 125 1611 323 1646; x_wconf 77' lang='lat' dir='ltr'><strong>laudaverit.</strong></span> <span class='ocrx_word' id='word_1_199' title='bbox 373 1612 419 1645; x_wconf 88' lang='lat' dir='ltr'><strong>At</strong></span> <span class='ocrx_word' id='word_1_200' title='bbox 453 1612 542 1644; x_wconf 90' lang='lat' dir='ltr'><strong>enim</strong></span> <span class='ocrx_word' id='word_1_201' title='bbox 579 1610 735 1643; x_wconf 84' lang='lat' dir='ltr'><strong>consulto</strong></span> <span class='ocrx_word' id='word_1_202' title='bbox 768 1609 918 1642; x_wconf 88' lang='lat' dir='ltr'><strong>cumulat</strong></span> <span class='ocrx_word' id='word_1_203' title='bbox 943 1609 1063 1641; x_wconf 86' lang='lat' dir='ltr'><strong>molles</strong></span> <span class='ocrx_word' id='word_1_204' title='bbox 1096 1606 1156 1641; x_wconf 76' lang='lat' dir='ltr'><strong>lias</strong></span> <span class='ocrx_word' id='word_1_205' title='bbox 1187 1607 1381 1650; x_wconf 83' lang='lat' dir='ltr'><strong>voluptates</strong></span> <span class='ocrx_word' id='word_1_206' title='bbox 1408 1606 1476 1639; x_wconf 89' lang='lat' dir='ltr'><strong>loci</strong></span> 
     </span>
     <span class='ocr_line' id='line_1_23' title="bbox 124 1671 1478 1720; baseline -0.007 -8"><span class='ocrx_word' id='word_1_207' title='bbox 124 1678 371 1720; x_wconf 78' lang='lat' dir='ltr'><strong>amoenissimi,</strong></span> <span class='ocrx_word' id='word_1_208' title='bbox 410 1677 452 1711; x_wconf 93' lang='lat' dir='ltr'><strong>de</strong></span> <span class='ocrx_word' id='word_1_209' title='bbox 486 1687 554 1719; x_wconf 90' lang='lat' dir='ltr'><strong>quo</strong></span> <span class='ocrx_word' id='word_1_210' title='bbox 587 1686 666 1709; x_wconf 85' lang='lat' dir='ltr'><strong>mox</strong></span> <span class='ocrx_word' id='word_1_211' title='bbox 705 1675 828 1707; x_wconf 90' lang='lat' dir='ltr'><strong>iterum</strong></span> <span class='ocrx_word' id='word_1_212' title='bbox 862 1673 984 1707; x_wconf 84' lang='lat' dir='ltr'><strong>dicam.</strong></span> <span class='ocrx_word' id='word_1_213' title='bbox 1009 1691 1057 1697; x_wconf 96' lang='lat'><strong>—</strong></span> <span class='ocrx_word' id='word_1_214' title='bbox 1103 1673 1147 1708; x_wconf 84' lang='lat' dir='ltr'><strong>V.</strong></span> <span class='ocrx_word' id='word_1_215' title='bbox 1173 1674 1217 1705; x_wconf 89' lang='grc'><strong>61</strong></span> <span class='ocrx_word' id='word_1_216' title='bbox 1244 1682 1318 1714; x_wconf 89' lang='lat' dir='ltr'><strong>sqq.</strong></span> <span class='ocrx_word' id='word_1_217' title='bbox 1368 1671 1478 1704; x_wconf 85' lang='lat' dir='ltr'><strong>Fert</strong></span> 
     </span>
     <span class='ocr_line' id='line_1_24' title="bbox 125 1737 1474 1784; baseline -0.005 -7"><span class='ocrx_word' id='word_1_218' title='bbox 125 1745 290 1777; x_wconf 89' lang='lat' dir='ltr'><strong>casiam</strong></span> <span class='ocrx_word' id='word_1_219' title='bbox 315 1753 400 1776; x_wconf 89' lang='lat' dir='ltr'><strong>non</strong></span> <span class='ocrx_word' id='word_1_220' title='bbox 431 1743 553 1776; x_wconf 88' lang='lat' dir='ltr'><strong>culta</strong></span> <span class='ocrx_word' id='word_1_221' title='bbox 577 1752 721 1784; x_wconf 84' lang='lat' dir='ltr'><strong>seges.</strong></span> <span class='ocrx_word' id='word_1_222' title='bbox 770 1740 952 1774; x_wconf 88' lang='lat' dir='ltr'><strong>Translata</strong></span> <span class='ocrx_word' id='word_1_223' title='bbox 977 1749 1045 1772; x_wconf 82' lang='lat' dir='ltr'><strong>vox</strong></span> <span class='ocrx_word' id='word_1_224' title='bbox 1071 1749 1189 1783; x_wconf 78' lang='lat' dir='ltr'><strong>seges,</strong></span> <span class='ocrx_word' id='word_1_225' title='bbox 1221 1747 1309 1780; x_wconf 86' lang='lat' dir='ltr'><strong>quae</strong></span> <span class='ocrx_word' id='word_1_226' title='bbox 1336 1737 1474 1780; x_wconf 76' lang='lat' dir='ltr'><strong>proprIe</strong></span> 
     </span>
     <span class='ocr_line' id='line_1_25' title="bbox 124 1802 1475 1852; baseline -0.007 -9"><span class='ocrx_word' id='word_1_227' title='bbox 124 1809 280 1852; x_wconf 82' lang='lat' dir='ltr'><strong>frugibus</strong></span> <span class='ocrx_word' id='word_1_228' title='bbox 299 1807 507 1852; x_wconf 88' lang='lat' dir='ltr'><strong>accipiendis</strong></span> <span class='ocrx_word' id='word_1_229' title='bbox 530 1807 734 1841; x_wconf 87' lang='lat' dir='ltr'><strong>destinatam</strong></span> <span class='ocrx_word' id='word_1_230' title='bbox 760 1809 793 1839; x_wconf 85' lang='lat' dir='ltr'><strong>et</strong></span> <span class='ocrx_word' id='word_1_231' title='bbox 818 1809 933 1849; x_wconf 89' lang='lat' dir='ltr'><strong>aptam</strong></span> <span class='ocrx_word' id='word_1_232' title='bbox 956 1805 1010 1837; x_wconf 80' lang='lat' dir='ltr'><strong>vel</strong></span> <span class='ocrx_word' id='word_1_233' title='bbox 1035 1804 1199 1837; x_wconf 88' lang='lat' dir='ltr'><strong>consitam</strong></span> <span class='ocrx_word' id='word_1_234' title='bbox 1218 1805 1345 1835; x_wconf 89' lang='lat' dir='ltr'><strong>terram</strong></span> <span class='ocrx_word' id='word_1_235' title='bbox 1366 1802 1475 1844; x_wconf 83' lang='lat' dir='ltr'><strong>signi-</strong></span> 
     </span>
     <span class='ocr_line' id='line_1_26' title="bbox 123 1867 1474 1918; baseline -0.008 -8"><span class='ocrx_word' id='word_1_236' title='bbox 123 1878 223 1918; x_wconf 80' lang='lat' dir='ltr'><strong>ficat,</strong></span> <span class='ocrx_word' id='word_1_237' title='bbox 250 1875 293 1910; x_wconf 85' lang='lat' dir='ltr'><strong>cf.</strong></span> <span class='ocrx_word' id='word_1_238' title='bbox 319 1874 361 1907; x_wconf 91' lang='lat' dir='ltr'><strong>ad</strong></span> <span class='ocrx_word' id='word_1_239' title='bbox 386 1875 448 1916; x_wconf 84' lang='lat' dir='ltr'><strong>lv,</strong></span> <span class='ocrx_word' id='word_1_240' title='bbox 473 1877 506 1915; x_wconf 83' lang='lat'><strong>1,</strong></span> <span class='ocrx_word' id='word_1_241' title='bbox 533 1875 633 1914; x_wconf 65' lang='lat'><strong>172,</strong></span> <span class='ocrx_word' id='word_1_242' title='bbox 658 1872 702 1905; x_wconf 90' lang='lat' dir='ltr'><strong>ad</strong></span> <span class='ocrx_word' id='word_1_243' title='bbox 726 1872 813 1905; x_wconf 84' lang='lat' dir='ltr'><strong>tales</strong></span> <span class='ocrx_word' id='word_1_244' title='bbox 837 1881 961 1913; x_wconf 83' lang='lat' dir='ltr'><strong>agros,</strong></span> <span class='ocrx_word' id='word_1_245' title='bbox 987 1870 1021 1903; x_wconf 88' lang='lat' dir='ltr'><strong>in</strong></span> <span class='ocrx_word' id='word_1_246' title='bbox 1045 1868 1167 1912; x_wconf 88' lang='lat' dir='ltr'><strong>quibus</strong></span> <span class='ocrx_word' id='word_1_247' title='bbox 1194 1867 1337 1900; x_wconf 72' lang='lat' dir='ltr'><strong>frutices</strong></span> <span class='ocrx_word' id='word_1_248' title='bbox 1361 1867 1474 1900; x_wconf 86' lang='lat' dir='ltr'><strong>casiae</strong></span> 
     </span>
     <span class='ocr_line' id='line_1_27' title="bbox 124 1933 1476 1986; baseline -0.007 -11"><span class='ocrx_word' id='word_1_249' title='bbox 124 1945 248 1986; x_wconf 88' lang='lat' dir='ltr'><strong>sponte</strong></span> <span class='ocrx_word' id='word_1_250' title='bbox 268 1944 462 1980; x_wconf 85' lang='lat' dir='ltr'><strong>nascuntur,</strong></span> <span class='ocrx_word' id='word_1_251' title='bbox 488 1937 773 1982; x_wconf 88' lang='lat' dir='ltr'><strong>quemadmodum</strong></span> <span class='ocrx_word' id='word_1_252' title='bbox 791 1936 835 1970; x_wconf 91' lang='lat' dir='ltr'><strong>de</strong></span> <span class='ocrx_word' id='word_1_253' title='bbox 853 1937 936 1981; x_wconf 88' lang='lat' dir='ltr'><strong>ipsis</strong></span> <span class='ocrx_word' id='word_1_254' title='bbox 953 1936 1065 1969; x_wconf 90' lang='lat' dir='ltr'><strong>casiae</strong></span> <span class='ocrx_word' id='word_1_255' title='bbox 1089 1933 1268 1968; x_wconf 86' lang='lat' dir='ltr'><strong>fruticibus</strong></span> <span class='ocrx_word' id='word_1_256' title='bbox 1292 1937 1476 1977; x_wconf 87' lang='lat' dir='ltr'><strong>usurpatur</strong></span> 
     </span>
     <span class='ocr_line' id='line_1_28' title="bbox 123 1998 1472 2049; baseline -0.007 -8"><span class='ocrx_word' id='word_1_257' title='bbox 123 2019 143 2041; x_wconf 93' lang='lat' dir='ltr'><strong>a</strong></span> <span class='ocrx_word' id='word_1_258' title='bbox 169 2008 310 2041; x_wconf 50' lang='lat' dir='ltr'><strong>Craton.</strong></span> <span class='ocrx_word' id='word_1_259' title='bbox 336 2006 378 2040; x_wconf 90' lang='lat' dir='ltr'><strong>de</strong></span> <span class='ocrx_word' id='word_1_260' title='bbox 403 2006 510 2049; x_wconf 81' lang='lat' dir='ltr'><strong>Nupt.</strong></span> <span class='ocrx_word' id='word_1_261' title='bbox 537 2004 628 2038; x_wconf 91' lang='lat' dir='ltr'><strong>Hon.</strong></span> <span class='ocrx_word' id='word_1_262' title='bbox 664 2006 699 2037; x_wconf 89' lang='lat' dir='ltr'><strong>et</strong></span> <span class='ocrx_word' id='word_1_263' title='bbox 730 2003 817 2037; x_wconf 86' lang='lat' dir='ltr'><strong>Mar.</strong></span> <span class='ocrx_word' id='word_1_264' title='bbox 849 2004 917 2035; x_wconf 80' lang='lat'><strong>942</strong></span> <span class='ocrx_word' id='word_1_265' title='bbox 955 2000 1027 2032; x_wconf 84' lang='lat' dir='ltr'><strong>Hic</strong></span> <span class='ocrx_word' id='word_1_266' title='bbox 1052 1998 1169 2032; x_wconf 71' lang='lat' dir='ltr'><strong>casiae</strong></span> <span class='ocrx_word' id='word_1_267' title='bbox 1194 2004 1340 2031; x_wconf 77' lang='lat' dir='ltr'><strong>motura</strong></span> <span class='ocrx_word' id='word_1_268' title='bbox 1363 2009 1472 2043; x_wconf 72' lang='lat' dir='ltr'><strong>seges,</strong></span> 
     </span>
     <span class='ocr_line' id='line_1_29' title="bbox 125 2064 1474 2117; baseline -0.007 -12"><span class='ocrx_word' id='word_1_269' title='bbox 125 2071 313 2106; x_wconf 76' lang='lat' dir='ltr'><strong>Panchaia</strong></span> <span class='ocrx_word' id='word_1_270' title='bbox 349 2076 495 2117; x_wconf 73' lang='lat' dir='ltr'><strong>turgent</strong></span> <span class='ocrx_word' id='word_1_271' title='bbox 530 2068 704 2103; x_wconf 81' lang='lat' dir='ltr'><strong>cinnama.</strong></span> <span class='ocrx_word' id='word_1_272' title='bbox 754 2066 843 2101; x_wconf 81' lang='lat' dir='ltr'><strong>Add.</strong></span> <span class='ocrx_word' id='word_1_273' title='bbox 869 2066 949 2100; x_wconf 83' lang='lat' dir='ltr'><strong>Tib.</strong></span> <span class='ocrx_word' id='word_1_274' title='bbox 976 2066 1036 2108; x_wconf 85' lang='lat' dir='ltr'><strong>IV,</strong></span> <span class='ocrx_word' id='word_1_275' title='bbox 1060 2067 1177 2107; x_wconf 84' lang='grc'><strong>2,18.</strong></span> <span class='ocrx_word' id='word_1_276' title='bbox 1226 2065 1325 2100; x_wconf 84' lang='lat' dir='ltr'><strong>Quae</strong></span> <span class='ocrx_word' id='word_1_277' title='bbox 1360 2064 1474 2097; x_wconf 62' lang='lat' dir='ltr'><strong>W&#39;L&#39;N-</strong></span> 
     </span>
     <span class='ocr_line' id='line_1_30' title="bbox 125 2129 1474 2174; baseline -0.007 -2"><span class='ocrx_word' id='word_1_278' title='bbox 125 2147 347 2171; x_wconf 71' lang='lat' dir='ltr'><strong>nssnmciuns</strong></span> <span class='ocrx_word' id='word_1_279' title='bbox 373 2136 526 2170; x_wconf 86' lang='lat' dir='ltr'><strong>contulit.</strong></span> <span class='ocrx_word' id='word_1_280' title='bbox 551 2151 596 2159; x_wconf 91' lang='lat'><strong>——</strong></span> <span class='ocrx_word' id='word_1_281' title='bbox 628 2133 727 2167; x_wconf 76' lang='lat' dir='ltr'><strong>casia</strong></span> <span class='ocrx_word' id='word_1_282' title='bbox 752 2136 804 2166; x_wconf 86' lang='lat' dir='ltr'><strong>est</strong></span> <span class='ocrx_word' id='word_1_283' title='bbox 828 2132 986 2174; x_wconf 83' lang='lat' dir='ltr'><strong>arabica,</strong></span> <span class='ocrx_word' id='word_1_284' title='bbox 1020 2132 1207 2174; x_wconf 84' lang='lat' dir='ltr'><strong>virgultum</strong></span> <span class='ocrx_word' id='word_1_285' title='bbox 1231 2130 1360 2164; x_wconf 84' lang='lat' dir='ltr'><strong>cortice</strong></span> <span class='ocrx_word' id='word_1_286' title='bbox 1386 2129 1474 2162; x_wconf 88' lang='lat' dir='ltr'><strong>bene</strong></span> 
     </span>
     <span class='ocr_line' id='line_1_31' title="bbox 127 2196 1476 2246; baseline -0.006 -9"><span class='ocrx_word' id='word_1_287' title='bbox 127 2205 240 2238; x_wconf 89' lang='lat' dir='ltr'><strong>olente</strong></span> <span class='ocrx_word' id='word_1_288' title='bbox 269 2203 422 2246; x_wconf 81' lang='lat' dir='ltr'><strong>insigne,</strong></span> <span class='ocrx_word' id='word_1_289' title='bbox 449 2202 584 2235; x_wconf 83' lang='lat' dir='ltr'><strong>Laurus</strong></span> <span class='ocrx_word' id='word_1_290' title='bbox 610 2201 728 2235; x_wconf 88' lang='lat' dir='ltr'><strong>Cassia</strong></span> <span class='ocrx_word' id='word_1_291' title='bbox 752 2205 791 2237; x_wconf 89' lang='lat' dir='ltr'><strong>ut</strong></span> <span class='ocrx_word' id='word_1_292' title='bbox 819 2200 952 2234; x_wconf 75' lang='lat' dir='ltr'><strong>videtur</strong></span> <span class='ocrx_word' id='word_1_293' title='bbox 978 2198 1059 2242; x_wconf 85' lang='lat' dir='ltr'><strong>(der</strong></span> <span class='ocrx_word' id='word_1_294' title='bbox 1082 2196 1184 2231; x_wconf 79' lang='lat' dir='ltr'><strong>wilde</strong></span> <span class='ocrx_word' id='word_1_295' title='bbox 1209 2196 1291 2229; x_wconf 79' lang='lat' dir='ltr'><strong>oder</strong></span> <span class='ocrx_word' id='word_1_296' title='bbox 1314 2197 1476 2229; x_wconf 71' lang='lat' dir='ltr'><strong>Muner-</strong></span> 
     </span>
     <span class='ocr_line' id='line_1_32' title="bbox 125 2262 1476 2312; baseline -0.006 -10"><span class='ocrx_word' id='word_1_297' title='bbox 125 2269 294 2312; x_wconf 79' lang='lat' dir='ltr'><strong>zimmet).</strong></span> <span class='ocrx_word' id='word_1_298' title='bbox 343 2268 432 2302; x_wconf 87' lang='lat' dir='ltr'><strong>Vide</strong></span> <span class='ocrx_word' id='word_1_299' title='bbox 458 2267 653 2301; x_wconf 63' lang='lat' dir='ltr'><strong>Burnum.</strong></span> <span class='ocrx_word' id='word_1_300' title='bbox 703 2267 804 2311; x_wconf 86' lang='lat' dir='ltr'><strong>Apud</strong></span> <span class='ocrx_word' id='word_1_301' title='bbox 828 2267 940 2300; x_wconf 72' lang='lat' dir='ltr'><strong>Pmn.</strong></span> <span class='ocrx_word' id='word_1_302' title='bbox 966 2265 1106 2307; x_wconf 85' lang='lat' dir='ltr'><strong>Fragm.</strong></span> <span class='ocrx_word' id='word_1_303' title='bbox 1132 2262 1260 2297; x_wconf 87' lang='lat' dir='ltr'><strong>Thren.</strong></span> <span class='ocrx_word' id='word_1_304' title='bbox 1281 2263 1309 2297; x_wconf 88' lang='lat'><strong>1.</strong></span> <span class='ocrx_word' id='word_1_305' title='bbox 1337 2263 1476 2305; x_wconf 69' lang='grc' dir='ltr'><strong><em>λίβανον</em></strong></span> 
     </span>
     <span class='ocr_line' id='line_1_33' title="bbox 124 2329 1473 2377; baseline -0.005 -9"><span class='ocrx_word' id='word_1_306' title='bbox 124 2335 157 2368; x_wconf 87' lang='lat' dir='ltr'><strong>in</strong></span> <span class='ocrx_word' id='word_1_307' title='bbox 183 2335 301 2377; x_wconf 80' lang='lat' dir='ltr'><strong>Elysio</strong></span> <span class='ocrx_word' id='word_1_308' title='bbox 326 2332 441 2366; x_wconf 86' lang='lat' dir='ltr'><strong>habes.</strong></span> <span class='ocrx_word' id='word_1_309' title='bbox 467 2351 514 2358; x_wconf 94' lang='lat'>-</span> <span class='ocrx_word' id='word_1_310' title='bbox 551 2333 661 2366; x_wconf 91' lang='lat' dir='ltr'><strong>Porro</strong></span> <span class='ocrx_word' id='word_1_311' title='bbox 687 2335 806 2366; x_wconf 90' lang='lat' dir='ltr'><strong>terra</strong></span> <span class='ocrx_word' id='word_1_312' title='bbox 842 2331 1059 2373; x_wconf 84' lang='lat' dir='ltr'><strong>benigna,</strong></span> <span class='ocrx_word' id='word_1_313' title='bbox 1095 2329 1234 2371; x_wconf 82' lang='lat' dir='ltr'><strong>fertilis,</strong></span> <span class='ocrx_word' id='word_1_314' title='bbox 1270 2333 1309 2362; x_wconf 90' lang='lat' dir='ltr'><strong>ut</strong></span> <span class='ocrx_word' id='word_1_315' title='bbox 1343 2333 1473 2362; x_wconf 88' lang='lat' dir='ltr'><strong>notum.</strong></span> 
     </span>
     <span class='ocr_line' id='line_1_34' title="bbox 125 2396 1474 2444; baseline -0.005 -9"><span class='ocrx_word' id='word_1_316' title='bbox 125 2401 179 2435; x_wconf 88' lang='lat' dir='ltr'><strong>Cf.</strong></span> <span class='ocrx_word' id='word_1_317' title='bbox 206 2402 269 2444; x_wconf 86' lang='lat'><strong>111,</strong></span> <span class='ocrx_word' id='word_1_318' title='bbox 293 2404 327 2444; x_wconf 85' lang='lat'><strong>3,</strong></span> <span class='ocrx_word' id='word_1_319' title='bbox 353 2404 386 2435; x_wconf 90' lang='grc'><strong>6.</strong></span> <span class='ocrx_word' id='word_1_320' title='bbox 424 2401 531 2434; x_wconf 84' lang='lat' dir='ltr'><strong>Ovm.</strong></span> <span class='ocrx_word' id='word_1_321' title='bbox 559 2402 693 2434; x_wconf 89' lang='lat' dir='ltr'><strong>Amorr.</strong></span> <span class='ocrx_word' id='word_1_322' title='bbox 721 2399 749 2441; x_wconf 87' lang='grc' dir='ltr'><strong>Ι,</strong></span> <span class='ocrx_word' id='word_1_323' title='bbox 776 2401 833 2441; x_wconf 91' lang='grc'><strong>10,</strong></span> <span class='ocrx_word' id='word_1_324' title='bbox 858 2401 915 2432; x_wconf 87' lang='grc'><strong>56.</strong></span> <span class='ocrx_word' id='word_1_325' title='bbox 965 2398 1071 2432; x_wconf 90' lang='lat' dir='ltr'><strong>Plura</strong></span> <span class='ocrx_word' id='word_1_326' title='bbox 1095 2396 1155 2430; x_wconf 87' lang='lat' dir='ltr'><strong>dat</strong></span> <span class='ocrx_word' id='word_1_327' title='bbox 1178 2397 1352 2431; x_wconf 68' lang='lat' dir='ltr'><strong>mems.</strong></span> <span class='ocrx_word' id='word_1_328' title='bbox 1401 2397 1474 2429; x_wconf 91' lang='lat' dir='ltr'><strong>De-</strong></span> 
     </span>
     <span class='ocr_line' id='line_1_35' title="bbox 125 2462 1473 2510; baseline -0.004 -9"><span class='ocrx_word' id='word_1_329' title='bbox 125 2468 227 2510; x_wconf 90' lang='lat' dir='ltr'><strong>nique</strong></span> <span class='ocrx_word' id='word_1_330' title='bbox 252 2478 381 2501; x_wconf 88' lang='lat' dir='ltr'><strong>rosas</strong></span> <span class='ocrx_word' id='word_1_331' title='bbox 414 2466 449 2499; x_wconf 88' lang='lat' dir='ltr'><strong>iu</strong></span> <span class='ocrx_word' id='word_1_332' title='bbox 475 2465 595 2508; x_wconf 72' lang='lat' dir='ltr'><strong>Elysio</strong></span> <span class='ocrx_word' id='word_1_333' title='bbox 622 2465 712 2498; x_wconf 91' lang='lat' dir='ltr'><strong>idem</strong></span> <span class='ocrx_word' id='word_1_334' title='bbox 737 2466 929 2499; x_wconf 67' lang='lat' dir='ltr'><strong>Pmnmus</strong></span> <span class='ocrx_word' id='word_1_335' title='bbox 957 2464 978 2496; x_wconf 94' lang='lat' dir='ltr'><strong>l.</strong></span> <span class='ocrx_word' id='word_1_336' title='bbox 1003 2463 1061 2496; x_wconf 89' lang='lat' dir='ltr'><strong>cit.</strong></span> <span class='ocrx_word' id='word_1_337' title='bbox 1085 2462 1201 2497; x_wconf 88' lang='lat' dir='ltr'><strong>laudat</strong></span> <span class='ocrx_word' id='word_1_338' title='bbox 1225 2467 1260 2497; x_wconf 89' lang='lat' dir='ltr'><strong>et</strong></span> <span class='ocrx_word' id='word_1_339' title='bbox 1283 2463 1473 2496; x_wconf 67' lang='lat' dir='ltr'><strong>Pnor‘ssnw.</strong></span> 
     </span>
     <span class='ocr_line' id='line_1_36' title="bbox 125 2527 1473 2575; baseline -0.005 -8"><span class='ocrx_word' id='word_1_340' title='bbox 125 2533 185 2575; x_wconf 87' lang='lat' dir='ltr'><strong>lv,</strong></span> <span class='ocrx_word' id='word_1_341' title='bbox 209 2535 243 2574; x_wconf 79' lang='grc'><strong>7,</strong></span> <span class='ocrx_word' id='word_1_342' title='bbox 266 2536 323 2567; x_wconf 88' lang='grc'><strong>60.</strong></span> <span class='ocrx_word' id='word_1_343' title='bbox 373 2532 584 2567; x_wconf 85' lang='lat' dir='ltr'><strong>Admoneam</strong></span> <span class='ocrx_word' id='word_1_344' title='bbox 618 2541 700 2565; x_wconf 76' lang='lat' dir='ltr'><strong>vero</strong></span> <span class='ocrx_word' id='word_1_345' title='bbox 732 2530 832 2564; x_wconf 91' lang='lat' dir='ltr'><strong>simul</strong></span> <span class='ocrx_word' id='word_1_346' title='bbox 860 2529 987 2564; x_wconf 86' lang='lat' dir='ltr'><strong>Veneri</strong></span> <span class='ocrx_word' id='word_1_347' title='bbox 1011 2529 1045 2562; x_wconf 90' lang='lat' dir='ltr'><strong>in</strong></span> <span class='ocrx_word' id='word_1_348' title='bbox 1079 2528 1210 2563; x_wconf 89' lang='lat' dir='ltr'><strong>deliciis</strong></span> <span class='ocrx_word' id='word_1_349' title='bbox 1236 2538 1330 2562; x_wconf 88' lang='lat' dir='ltr'><strong>rosas</strong></span> <span class='ocrx_word' id='word_1_350' title='bbox 1355 2527 1473 2568; x_wconf 82' lang='lat' dir='ltr'><strong>fuisse,</strong></span> 
     </span>
     <span class='ocr_line' id='line_1_37' title="bbox 124 2593 1473 2643; baseline -0.002 -13"><span class='ocrx_word' id='word_1_351' title='bbox 124 2593 343 2643; x_wconf 73' lang='grc' dir='ltr'><strong><em>Ἀφροδίσιον</em></strong></span> <span class='ocrx_word' id='word_1_352' title='bbox 382 2594 531 2641; x_wconf 74' lang='grc' dir='ltr'><strong><em>ἄθυρμα</em></strong></span> <span class='ocrx_word' id='word_1_353' title='bbox 570 2597 654 2631; x_wconf 87' lang='lat' dir='ltr'><strong>dicit</strong></span> <span class='ocrx_word' id='word_1_354' title='bbox 693 2597 834 2630; x_wconf 70' lang='grc' dir='ltr'><strong>ΑΝΑι-ιι.</strong></span> <span class='ocrx_word' id='word_1_355' title='bbox 871 2597 950 2637; x_wconf 85' lang='grc'><strong>53.,</strong></span> <span class='ocrx_word' id='word_1_356' title='bbox 999 2594 1088 2628; x_wconf 83' lang='lat' dir='ltr'><strong>adde</strong></span> <span class='ocrx_word' id='word_1_357' title='bbox 1127 2604 1189 2628; x_wconf 90' lang='lat' dir='ltr'><strong>nos</strong></span> <span class='ocrx_word' id='word_1_358' title='bbox 1227 2594 1272 2628; x_wconf 80' lang='lat' dir='ltr'><strong>ad</strong></span> <span class='ocrx_word' id='word_1_359' title='bbox 1313 2595 1473 2628; x_wconf 76' lang='lat' dir='ltr'><strong>Pmmn.</strong></span> 
     </span>
     <span class='ocr_line' id='line_1_38' title="bbox 126 2659 1476 2709; baseline -0.004 -12"><span class='ocrx_word' id='word_1_360' title='bbox 126 2663 229 2706; x_wconf 71' lang='lat' dir='ltr'><strong>Pytb.</strong></span> <span class='ocrx_word' id='word_1_361' title='bbox 260 2665 302 2699; x_wconf 84' lang='lat' dir='ltr'><strong>V.</strong></span> <span class='ocrx_word' id='word_1_362' title='bbox 329 2677 361 2708; x_wconf 90' lang='lat' dir='ltr'><strong>p.</strong></span> <span class='ocrx_word' id='word_1_363' title='bbox 390 2668 492 2709; x_wconf 60' lang='lat'><strong>258„</strong></span> <span class='ocrx_word' id='word_1_364' title='bbox 518 2664 804 2709; x_wconf 85' lang='lat' dir='ltr'><strong>quemadmodum</strong></span> <span class='ocrx_word' id='word_1_365' title='bbox 828 2667 947 2697; x_wconf 84' lang='lat' dir='ltr'><strong>contra</strong></span> <span class='ocrx_word' id='word_1_366' title='bbox 973 2662 1142 2697; x_wconf 81' lang='lat' dir='ltr'><strong>Pindarus</strong></span> <span class='ocrx_word' id='word_1_367' title='bbox 1171 2663 1203 2696; x_wconf 92' lang='lat' dir='ltr'><strong>in</strong></span> <span class='ocrx_word' id='word_1_368' title='bbox 1230 2660 1368 2697; x_wconf 83' lang='lat' dir='ltr'><strong>Tbreno</strong></span> <span class='ocrx_word' id='word_1_369' title='bbox 1395 2659 1476 2694; x_wconf 89' lang='lat' dir='ltr'><strong>illud</strong></span> 
     </span>
    </p>
   </div>
  </div>
 </body>
</html>
