1721 2953
468 119 610 160 LIBR.
640 119 671 157 1.
730 117 886 157 ELLG.
921 120 1028 159 vul.
1353 126 1430 160 167

92 235 191 268 modu
230 234 438 268 satisfactum
477 234 520 266 sit
557 231 713 266 sedandis
747 232 841 275 pueri
878 231 1055 265 aerumnis.
1113 232 1210 265 Addo
1244 240 1331 264 :lunc
1364 232 1429 264 aua

91 301 254 343 quaedam
280 300 436 333 notanda.
485 298 636 332 Primum
661 297 770 337 enim,
796 300 832 329 ut
864 307 963 340 supra
990 297 1207 340 praemonui,
1232 296 1338 330 ironia
1364 297 1427 328 im-

90 368 195 399 mixta
219 370 271 399 est
297 366 445 398 suaviter
469 364 552 404 toti,
587 372 663 395 cum
689 371 772 404 puer
800 365 878 393 ante
910 362 1076 404 superbus
1102 372 1189 395 nunc
1215 362 1286 404 ipse
1312 370 1428 394 amore

90 432 230 466 laboret.
279 431 398 465 Discas
423 429 487 463 hoc
512 431 603 463 clare
627 439 658 461 v.
685 431 727 460 71
757 438 830 470 sqq.
859 428 915 460 ubi
942 430 1133 472 exemplum
1159 428 1306 461 Mai-athi
1331 429 1427 472 puel-

88 499 141 531 lae
166 498 359 530 fastidiosae
383 498 584 541 proponitur
604 506 669 529 nou
689 495 760 527 sine
786 494 940 526 irrisione
966 495 1032 527 leni
1057 495 1165 537 pueri,
1189 498 1223 527 et
1247 505 1278 528 V.
1295 496 1339 526 17
1351 503 1427 536 sqq.

87 564 142 596 ubi
170 574 235 596 non
261 564 509 604 incantatione,
547 562 606 595 sed
642 571 703 594 sua
729 560 835 604 ipsius
862 561 961 603 culpa
994 561 1203 602 significatur
1230 569 1370 603 puerum
1393 560 1428 594 iu

87 632 215 661 tantum
241 630 364 662 malum
390 628 560 662 incidisse.
610 626 709 660 Unde
734 627 835 660 etiam
863 627 894 658 in
919 627 992 659 aliis
1018 627 1112 667 locis,
1138 627 1196 659 ubi
1221 627 1273 659 vel
1298 627 1428 661 formae

85 695 232 728 studium
258 696 386 728 irritum
414 696 592 728 miseratur
617 703 734 738 puero,
760 694 812 726 vel
842 694 942 725 {letus
967 693 1040 726 eius
1062 693 1231 727 solitarios
1256 693 1427 735 describit,

86 771 150 794 uon
176 763 225 794 sic
253 761 369 794 dolere
400 761 519 794 credes
552 765 687 804 poetam
724 764 761 792 ut
795 770 871 793 cum
898 769 979 792 suos
1013 763 1138 791 tractat
1170 769 1324 799 amores,
1365 758 1424 791 sed

84 829 275 862 memineris
301 829 368 862 tale
393 832 627 871 argumentum
654 828 810 860 frivolum
835 827 908 869 ipsa
933 830 1050 858 natura
1077 836 1135 858 sua
1161 825 1337 859 hilaritatis
1363 827 1426 858 ali-

82 897 164 939 quid
189 907 290 940 posse
325 895 461 930 habere.
513 897 625 938 Atque
658 894 722 927 hoc
758 904 862 926 unum
894 897 957 926 est.
1006 892 1151 926 Notabis
1178 892 1299 925 deinde
1325 892 1424 925 etiam

82 963 328 1006 descriptiones
360 963 536 1004 elegantes
560 962 704 995 Veneris
737 960 881 993 furtivae
908 963 943 993 et
967 960 1110 1000 artium,
1145 960 1266 1001 quibus
1293 959 1427 1002 placere

81 1028 263 1061 studebant
290 1027 450 1068 formosi,
489 1027 694 1068 omninoque
729 1026 898 1059 lasciviam
932 1035 1045 1057 rerum
1072 1024 1283 1065 liberiorem,
1318 1025 1426 1066 qualis

82 1103 148 1126 non
174 1097 224 1125 est
250 1093 283 1124 in
306 1092 347 1124 iis
372 1092 504 1134 elegiis,
529 1092 585 1123 ubi
608 1092 726 1124 Deliae
752 1095 787 1124 et
812 1091 969 1124 Nemesis
997 1101 1147 1124 amorem
1172 1091 1272 1125 canit.
1323 1090 1425 1126 Quod

82 1157 236 1190 consulto
261 1156 455 1197 admissum,
480 1166 556 1189 cum
582 1156 713 1188 indoles
738 1157 921 1190 carminum
947 1157 1061 1200 pueris
1084 1157 1286 1200 scriptorum
1312 1167 1424 1190 amare

82 1224 254 1258 videretur
279 1224 436 1258 lascivius
460 1223 593 1257 dicendi
618 1234 738 1266 genus.

573 1559 924 1602 EXPLICATIO.

173 1747 213 1779 V.
241 1748 353 1780 1-16.
402 1744 659 1780 Exordium.
716 1745 941 1779 Hortatur
979 1752 1114 1790 poeta
1155 1749 1421 1791 Marathum,

77 1812 295 1845 dilectum
334 1812 422 1844 sibi
464 1822 666 1855 puerum,
708 1822 834 1854 quem
869 1814 1000 1854 gravi
1039 1823 1189 1846 amore
1229 1813 1422 1848 Pholoes

77 1878 291 1911 laborare
315 1878 411 1910 sine
439 1887 659 1910 successu
684 1878 1027 1920 animadvertit,
1060 1882 1105 1911 ut
1130 1879 1306 1912 desinat
1337 1881 1423 1913 dis-

76 1945 292 1978 simulare
317 1954 405 1976 rem
432 1943 543 1978 haud
579 1945 764 1978 utiliter
789 1946 1005 1986 celatam,
1048 1955 1319 1978 succurrere
1353 1957 1421 1980 cu-

75 2010 207 2052 piens
242 2009 434 2042 dolenti.

168 2074 208 2106 V.
238 2077 269 2107 1.
294 2076 328 2105 2.
379 2073 456 2106 Non
492 2083 545 2107 me
580 2073 716 2116 fugiunt
749 2074 872 2107 indicia
900 2076 1034 2109 amoris.
1086 2077 1137 2109 De
1171 2078 1336 2110 sententia
1361 2078 1422 2111 hac

76 2144 110 2173 et
143 2145 216 2173 arte
249 2141 460 2173 coniectandi
487 2151 606 2174 sensus
639 2141 800 2174 amatoris
824 2151 868 2173 ex
894 2142 999 2183 signis
1024 2142 1224 2184 quibusdam
1253 2142 1422 2175 [humus

74 2206 161 2239 adiri
188 2206 282 2238 iubet
307 2206 536 2241 CAanAcu.
573 2207 693 2251 Epigr.
719 2210 776 2240 45.
812 2212 848 2241 et
880 2208 1067 2241 Pnopmuu
1093 2208 1120 2249 Ι,
1147 2211 1179 2249 9,
1204 2211 1226 2240 5
1250 2218 1322 2250 sqq.
1359 2208 1420 2243 111,

75 2273 109 2312 8,
131 2273 165 2303 9.
189 2289 234 2294 -
274 2270 444 2312 ferant,
470 2272 645 2313 nuntient,
670 2272 873 2314 significent.
899 2290 946 2295 —
970 2272 1093 2305 lenia
1126 2272 1282 2314 verba,
1309 2272 1420 2305 Wun-

76 2347 298 2369 nssnntcflws
323 2336 491 2380 placidam
517 2337 687 2379 loquelam
713 2337 975 2380 interpretatur,
1013 2336 1070 2368 ubi
1104 2337 1156 2370 vel
1188 2348 1312 2377 sonus,
1353 2347 1420 2379 quo

75 2402 149 2443 quis
182 2401 285 2434 verba
320 2402 518 2443 eloquatur,
555 2411 703 2434 amorem
739 2401 870 2444 prodat.
933 2401 1034 2436 Quod
1069 2403 1157 2435 enim
1187 2404 1344 2436 SriTits
1381 2404 1420 2435 «lc

76 2469 222 2500 susurris
246 2468 459 2510 cogitaverit,
486 2478 552 2501 non
578 2478 735 2510 magnam
761 2470 886 2510 requiri
911 2473 1028 2510 artem,
1055 2481 1155 2512 quam
1183 2471 1285 2504 iactet
1311 2476 1420 2503 tannen

77 2532 251 2575 Tibullus,
291 2539 328 2567 ut
353 2545 395 2567 cx
425 2537 572 2568 susurris
597 2535 725 2568 iuvenis
749 2545 898 2568 amorem
925 2536 1105 2569 coniectes.
1156 2537 1316 2569 Ceterum
1344 2547 1419 2568 snu-

78 2599 163 2631 xiter
191 2604 265 2632 sunt
301 2601 469 2634 cumulata
507 2602 626 2636 similia
663 2601 764 2635 verba
801 2602 893 2635 miti
931 2602 1068 2638 lenia.
1108 2602 1351 2645 significantius
1387 2605 1419 2631 nt
