1721 2953
616 132 858 173 TIBULLI.
1305 154 1409 178 cuv

60 249 244 303 Uterque
274 250 388 288 Iocus
420 248 722 300 oppositionem
755 249 956 300 continet3
993 251 1183 290 Tibullus
1214 253 1410 292 abeuntes

58 325 280 377 alloquitur
309 322 495 372 comites,
536 324 623 375 ipse
651 337 772 374 aeger
799 324 842 362 in
868 323 1047 378 Corcyra
1078 334 1260 365 retentus
1284 329 1408 375 solus,

54 398 286 451 Lygdamus
317 397 525 449 profectos
547 397 598 436 ad
622 398 752 437 undas
773 399 958 439 salubres
986 402 1158 450 amicos,
1191 401 1288 440 dum
1318 403 1406 454 ipse

57 472 167 515 domi
200 472 304 511 febri
332 473 448 524 gravi
488 481 703 525 correptus
733 474 851 513 iacet.
916 476 975 514 Ac
1016 476 1182 514 minime
1215 478 1405 531 vitupero

56 549 378 601 oppositionem,
410 563 533 602 quam
554 548 790 602 Lygdamus
819 552 959 602 posuit
987 553 1212 603 poeticam,
1244 562 1282 592 at
1312 553 1406 594 vide

54 625 153 664 mihi
187 625 379 663 affectum
409 625 588 664 Tibulli:
629 627 826 665 Abstineas
864 629 996 666 amiclas
1028 630 1134 667 Mors
1157 645 1292 682 precor
1316 639 1406 670 atra

52 713 201 748 manus,
236 700 433 739 Abstineas
462 703 570 740 Mors
607 709 696 741 atra
721 717 875 754 precor,
917 711 955 742 et
986 717 1177 755 compara
1203 703 1406 757 Lygdami

52 788 239 813 versum:
279 776 466 815 Immerito
494 780 611 815 inveni
631 792 751 830 parce
774 793 922 828 nocere,
961 780 1047 818 dea.
1119 778 1314 819 Similiter
1343 795 1406 821 se-

53 851 218 902 quentia
249 851 377 890 verba
396 851 611 904 utriusque
642 852 831 893 carminis
866 854 899 892 si
929 855 1256 905 perlustraveris,
1289 856 1404 896 vide-

51 926 113 963 bis
144 924 254 977 apud
286 926 499 964 Tibullum
529 927 632 976 vim,
664 927 869 978 vigorem,
910 927 1091 968 fluminis
1121 930 1250 970 instar
1277 946 1405 972 ruen-

50 1007 131 1038 tem
185 1001 401 1050 affectum,
471 1015 563 1040 cum
616 1000 818 1055 Lygdami
869 1005 997 1044 verba
1055 1007 1185 1045 multo
1240 1007 1401 1047 leniora

49 1075 130 1114 sint
163 1084 202 1115 et
234 1090 440 1129 nusquam
469 1077 619 1117 fortius
648 1078 875 1130 insurgant.
902 1100 959 1106 —
1015 1079 1230 1120 Postremo
1272 1083 1401 1124 affero

50 1149 163 1189 aliud
193 1165 269 1202 par
296 1153 505 1199 locorum,
550 1153 623 1190 ubi
657 1153 762 1191 laeta
792 1167 858 1191 res
889 1162 1096 1194 tractatur.
1165 1154 1401 1208 Lygdamus

50 1224 100 1263 de
129 1233 292 1277 sperata
320 1227 652 1265 reconciliatione
681 1227 856 1280 loquens
887 1227 983 1266 dicit
1009 1228 1080 1279 ΙΙΙ,
1111 1233 1148 1279 3,
1175 1234 1252 1270 25;

162 1298 198 1340 Ο
229 1300 414 1350 niveam,
447 1315 552 1353 quae
582 1309 621 1340 te
651 1303 804 1353 poterit
832 1302 932 1340 mihi
962 1302 1156 1350 reddere,
1188 1305 1343 1345 lucem!

216 1372 252 1414 Ο
281 1375 383 1413 mihi
414 1376 574 1414 felicem
603 1384 747 1428 terque
783 1384 1012 1429 quaterque
1044 1376 1177 1417 diem!

47 1449 235 1488 Tibullus
275 1448 453 1489 reditum
494 1449 544 1489 ad
581 1451 745 1490 Deliam
776 1465 797 1490 e
827 1451 1009 1504 Corcyra
1052 1454 1234 1503 felicem,
1278 1470 1400 1507 quem

45 1532 204 1576 sperat,
239 1523 472 1564 describens
500 1525 825 1576 magnificentius
856 1526 935 1566 ita:
977 1528 1016 1577 Ι,
1047 1531 1093 1577 3,
1122 1527 1191 1567 fin.

157 1600 248 1639 Hoc
278 1613 447 1651 precor,
487 1602 597 1640 hunc
628 1602 744 1647 illum
773 1590 892 1641 nobis
924 1603 1087 1642 Aurora
1118 1604 1315 1642 nitentem

211 1675 452 1714 Luciferum
479 1677 609 1715 roseis
645 1676 817 1716 candida
840 1686 978 1729 portet
1009 1679 1137 1731 equis.

46 1749 156 1788 Haec
185 1750 397 1789 hactenus.
454 1751 524 1789 Est
557 1752 681 1801 igitur
709 1750 945 1804 Lygdamus
985 1754 1104 1804 longe
1144 1754 1319 1792 inferior
1357 1756 1398 1793 vi

44 1825 239 1875 Tibullo,
301 1824 411 1878 quod
461 1839 552 1864 cum
597 1825 713 1875 dico,
767 1839 851 1865 non
895 1828 1091 1866 continuo
1143 1830 1306 1880 postulo
1352 1837 1399 1867 ut·

44 1914 186 1939 omnes
206 1909 353 1952 poetae
379 1900 578 1950 insignem
597 1895 753 1939 Tibulli
775 1901 859 1941 vim
884 1901 1075 1950 habeant,
1101 1901 1173 1941 secl
1195 1902 1298 1942 illud
1321 1917 1396 1955 ago

43 1984 88 2014 ut
123 1975 396 2014 differentiam
428 1977 643 2028 explicem.
702 1974 964 2028 Quamquam
996 1976 1104 2029 apud
1138 1978 1396 2031 Lygdamum

43 2049 210 2104 quidem
246 2051 366 2090 nimis
398 2064 494 2090 raro
528 2051 744 2090 nervosius
779 2050 877 2103 quid
915 2053 1119 2103 reperias,
1161 2055 1293 2106 qualis
1330 2054 1396 2093 hie

42 2133 100 2165 est
134 2125 204 2175 III,
229 2129 266 2175 6,
290 2129 358 2165 56.
387 2140 554 2166 versus:
594 2126 774 2179 Perfida,
808 2127 875 2166 sed
904 2132 1070 2180 quamvis
1098 2128 1269 2181 perfida,
1299 2144 1397 2169 cara

41 2209 252 2240 tamen.—
309 2200 434 2240 Aliud
467 2200 685 2242 discrimen
717 2215 848 2255 aeque
884 2216 1077 2254 magnum
1110 2205 1220 2244 inter
1248 2206 1397 2245 Tibul-

40 2277 127 2315 lum
163 2285 204 2315 et
233 2275 491 2328 Lygdamum
526 2279 605 2317 hoc
639 2286 718 2327 est,
766 2277 878 2331 quod
913 2293 1005 2318 cum
1040 2281 1107 2318 ille
1142 2281 1395 2333 emendatae,

41 2360 172 2392 tersae
204 2352 448 2392 elocutionis
476 2361 560 2392 arte
591 2355 761 2393 excellat
792 2363 829 2393 et
860 2363 1050 2392 accurato
1082 2354 1254 2406 iudicio,
1283 2358 1392 2411 Lyg-

43 2426 162 2467 damo
201 2441 330 2480 parva
365 2429 425 2467 vis
465 2422 604 2468 iudicsi
637 2429 713 2468 fuit
750 2437 789 2467 et
825 2430 1002 2468 infantia
1037 2429 1199 2471 dicendi
1233 2447 1300 2481 ea,
1347 2444 1393 2474 ut

42 2504 246 2554 permulta
276 2503 430 2555 inepta,
460 2504 620 2556 putida,
652 2504 755 2543 male
787 2503 894 2544 dicta
922 2505 1093 2555 habeat,
1125 2521 1221 2548 raro
1253 2518 1389 2550 autem

44 2585 226 2615 carentes
263 2579 362 2617 vitio
406 2580 518 2618 locos
565 2580 774 2631 scripserit
818 2589 855 2618 et
900 2581 970 2633 qui
1012 2581 1173 2621 laudari
1215 2585 1389 2635 possint.

986 2659 1013 2696 k
