1721 2953
435 174 581 215 LIBR.
608 174 680 214 IV.
741 172 909 216 CARM.
936 175 1012 216 IX.
1068 176 1124 215 X.
1365 179 1446 219 455

197 291 239 325 V.
268 292 285 323 1
314 300 387 333 sqq.
421 289 512 323 iter
535 298 585 322 ex
610 286 755 321 animo
789 287 1019 322 sublatum
1044 288 1248 332 puellae,
1276 289 1362 331 scis,
1385 290 1444 331 ait,

101 365 237 397 curam,
273 355 463 396 tristitiam,
497 357 625 387 metum
651 353 752 386 istum
778 352 820 386 de
844 353 965 388 itinere
990 354 1205 398 suscipiendo
1230 355 1399 388 sublatum
1423 366 1442 390 e

102 423 236 466 puellae
270 421 410 454 animo?
459 421 625 454 Similiter
660 420 744 453 alias
779 421 904 463 passim
941 431 996 454 res
1036 421 1173 464 ponitur
1209 424 1268 454 aut
1302 432 1444 465 persona

102 499 165 533 pro
198 488 366 530 imagine,
407 487 617 530 cogitatione
649 487 732 520 eius,
781 487 840 520 Sic
865 487 1014 521 Vmfflx„
1041 487 1125 521 Aen.
1151 487 1178 529 Ι,
1201 490 1282 520 712.
1309 485 1445 519 abolere

98 555 298 600 Sychaeum
334 565 384 599 pr.
421 555 494 588 eius
529 554 734 588 desiderium
769 557 805 587 et
839 555 1051 589 memoriam.
1089 555 1166 588 Sin.
1199 554 1297 588 lma.
1324 553 1352 595 Ι,
1377 557 1441 588 61:

99 621 236 655 abolere
261 622 441 667 Aegates,
475 633 506 656 v.
531 624 612 655 345.
643 620 724 655 ibid.
750 619 906 652 haustus
932 619 1093 653 medullis
1117 620 1321 657 Hannibal,
1355 620 1388 655 h.
1413 632 1442 654 e.

99 689 203 723 verba
226 688 439 722 Hannibalis.
466 707 514 714 -
550 689 636 722 Mox
668 687 853 731 legendum
879 698 956 722 cum
978 689 1081 722 Anno
1106 688 1249 731 aliisque
1273 699 1355 722 suo
1380 694 1441 732 est,

98 753 128 788 h.
150 764 181 787 e.
207 754 273 788 iam
297 755 379 787 licet
404 755 539 798 puellae
561 754 696 787 Romae
722 763 796 786 esse
823 753 927 786 natali
951 764 1026 787 suo.
1059 754 1163 788 ,Nam
1188 756 1258 789 sive
1283 766 1304 788 a
1330 756 1443 799 puella

96 822 223 865 scripta
247 824 300 854 est
326 821 489 865 epistola,
516 824 553 854 ut
579 820 770 855 Huscumo
794 823 830 853 et
854 821 1059 854 GoLBnRYo
1081 822 1170 854 male
1196 820 1347 862 videtur,
1372 821 1444 854 sive

96 889 140 922 ab
165 890 274 922 amico
299 887 470 930 Cerinthi,
506 892 544 921 ut
571 899 718 931 sequens
746 887 914 922 distichon
942 889 1085 932 probat,
1119 894 1183 921 tuo
1209 889 1288 922 ferri
1312 888 1441 931 nequit,

97 956 178 998 quia
206 955 248 989 de
273 955 464 998 Sulpiciae,
491 966 559 989 non
583 955 627 989 de
654 955 808 989 Cerinthi
836 956 939 989 natali
962 966 1153 989 sermonem
1177 966 1253 989 esse
1277 955 1319 1000 ad
1345 960 1443 990 ante-

96 1020 220 1054 cedens
245 1031 380 1054 carmen
405 1020 620 1054 vidimus.—-
646 1021 861 1054 Omnibus
885 1021 969 1055 ille
997 1021 1094 1054 dies
1122 1024 1187 1054 etc.
1238 1020 1339 1054 Clara
1363 1024 1441 1054 sunt

96 1087 218 1129 omnia,
242 1088 270 1121 si
294 1088 422 1120 amicus
447 1086 600 1121 cerinthi
625 1088 787 1130 loquitur,
822 1088 949 1131 inepta,
974 1087 1002 1121 si
1028 1087 1189 1131 Sulpicia.
1240 1086 1442 1120 celebrabi-

95 1162 190 1194 muS,
215 1152 263 1185 ait
287 1153 365 1194 ille,
390 1162 509 1185 omnes
541 1152 641 1185 amici
667 1153 717 1184 tui
742 1153 870 1185 laetum
901 1151 1011 1194 diem,
1047 1153 1104 1195 qui
1130 1152 1189 1186 tibi
1217 1156 1352 1197 praeter
1376 1162 1441 1186 ex-

94 1219 343 1262 spectationem
370 1229 459 1252 nunc
483 1219 585 1252 venit.
635 1219 688 1252 Ac
713 1217 896 1252 Cerinthus
925 1218 1015 1263 apud
1038 1219 1224 1262 Sulpiciam
1250 1221 1323 1251 erat
1348 1217 1441 1250 futu-

94 1294 172 1326 rus,
206 1285 305 1317 amici
339 1285 406 1317 alio
439 1284 483 1318 ad
511 1284 701 1318 convivium
735 1283 999 1326 conveniebant,
1032 1284 1097 1317 nisi
1121 1284 1211 1328 apud
1235 1294 1273 1316 se
1297 1283 1442 1326 quisque

94 1349 185 1382 domi
223 1349 426 1383 observabat
462 1348 551 1383 hunc
588 1350 687 1384 diem.
736 1349 835 1383 Haec
868 1350 974 1392 igitur
1009 1351 1110 1384 clara.
1169 1349 1326 1384 Absurde
1362 1359 1442 1383 vero

93 1415 185 1447 dicat
218 1413 271 1446 liic
305 1414 476 1457 Sulpicia:
519 1413 777 1446 celebrabimus
803 1424 920 1446 omnes
945 1415 1092 1447 natalem
1125 1424 1259 1456 meum,
1297 1415 1355 1456 qui
1380 1413 1443 1446 tibi

93 1480 219 1513 amanti
253 1490 316 1513 nec
342 1479 492 1523 opinanti
517 1478 618 1512 venit.
668 1478 762 1511 Male
788 1479 912 1511 etiam:
952 1478 1209 1512 Celebrabimus
1238 1489 1355 1512 omnes
1379 1489 1441 1511 ua-

96 1547 197 1579 talem
223 1550 318 1580 tuum
345 1545 392 1588 (si
420 1551 482 1578 tuo
507 1556 538 1578 v.
566 1544 720 1578 anteced.
746 1544 940 1588 defendas),
969 1545 1027 1588 qui
1052 1545 1113 1579 tibi
1142 1556 1231 1579 nunc
1255 1546 1442 1589 inopinanti

94 1613 196 1645 venit.
215 1632 262 1638 —
286 1616 468 1654 agatur,
494 1611 698 1652 celebretur,
724 1611 867 1644 HoRA'r.
893 1611 954 1652 IV,
980 1614 1035 1652 11,
1065 1613 1126 1644 14:
1152 1610 1232 1643 idas
1258 1609 1326 1643 tibi
1352 1616 1440 1644 sunt

94 1677 264 1723 agendae.
323 1678 472 1711 Vossms
509 1676 654 1719 denique
688 1675 841 1721 genialis
873 1677 1021 1719 recepit,
1062 1677 1152 1719 quod
1179 1678 1232 1710 vel
1258 1681 1441 1721 propterea

95 1745 177 1778 ferri
202 1755 269 1777 non
297 1754 397 1788 posse
423 1743 528 1785 dicas,
553 1744 631 1786 quia
656 1753 722 1776 nou
751 1743 885 1784 Genio,
909 1742 970 1775 sed
995 1742 1116 1775 Iunoni
1141 1753 1239 1776 sacer
1263 1747 1337 1776 erat
1359 1743 1441 1777 Sul-

94 1811 205 1855 piciae
233 1811 362 1844 natalis.
389 1828 433 1834 —-
472 1821 554 1844 nec
588 1810 796 1854 opinanti
831 1813 865 1842 et
898 1809 1042 1850 forte,
1080 1810 1251 1843 cumulate
1285 1819 1361 1843 cum
1395 1811 1436 1845 vi.

93 1877 226 1918 Recte,
251 1887 327 1910 nam
353 1887 394 1910 eo
420 1875 598 1910 iucundior
622 1885 700 1916 res,
724 1884 793 1918 quo
819 1875 928 1908 minus
954 1875 1227 1918 exspectabatur.

446 2228 921 2274 CARMEN
1026 2228 1080 2272 X.

95 2504 354 2564 Inciderat
390 2530 505 2562 sorte
544 2527 744 2571 aliquid,
782 2526 895 2560 unde
932 2526 1143 2570 Sulpicia
1178 2524 1438 2568 suspicare-

96 2600 165 2629 tur
200 2594 468 2630 cerinthum
504 2595 595 2627 alia
633 2594 787 2638 puella
826 2592 1009 2636 vulgari
1043 2596 1228 2637 captum.
1291 2592 1438 2627 Quare

95 2671 254 2696 memor
288 2661 559 2696 nobilitatis
592 2670 698 2694 suae
733 2659 799 2693 liis
834 2639 1012 2694 litferis
1038 2659 1189 2703 carpit
1222 2662 1264 2692 et
1289 2658 1439 2699 exagi-
