<?xml version="1.0" encoding="UTF-8"?>
<!DOCTYPE html PUBLIC "-//W3C//DTD XHTML 1.0 Transitional//EN"
    "http://www.w3.org/TR/xhtml1/DTD/xhtml1-transitional.dtd">
<html xmlns="http://www.w3.org/1999/xhtml" xml:lang="en" lang="en">
 <head>
  <title>
</title>
<meta http-equiv="Content-Type" content="text/html;charset=utf-8" />
  <meta name='ocr-system' content='tesseract 3.04.00' />
  <meta name='ocr-capabilities' content='ocr_page ocr_carea ocr_par ocr_line ocrx_word'/>
</head>
<body>
  <div class='ocr_page' id='page_1' title='image "./carminaexrecensi00tibuuoft_0522.png"; bbox 0 0 1721 2953; ppageno 0'>
   <div class='ocr_carea' id='block_1_1' title="bbox 264 112 1292 160">
    <p class='ocr_par' dir='ltr' id='par_1_1' title="bbox 264 112 1292 160">
     <span class='ocr_line' id='line_1_1' title="bbox 264 112 1292 160; baseline 0.001 -1"><span class='ocrx_word' id='word_1_1' title='bbox 264 124 343 160; x_wconf 69' lang='lat'><strong>190</strong></span> <span class='ocrx_word' id='word_1_2' title='bbox 574 112 856 157; x_wconf 84' lang='lat' dir='ltr'><strong>COMMENT</strong></span> <span class='ocrx_word' id='word_1_3' title='bbox 864 117 946 158; x_wconf 86' lang='lat' dir='ltr'><strong>AR.</strong></span> <span class='ocrx_word' id='word_1_4' title='bbox 975 117 1034 158; x_wconf 85' lang='lat' dir='ltr'><strong>IN</strong></span> <span class='ocrx_word' id='word_1_5' title='bbox 1065 116 1292 160; x_wconf 89' lang='lat' dir='ltr'>TIBULLI</span> 
     </span>
    </p>
   </div>
   <div class='ocr_carea' id='block_1_2' title="bbox 244 227 1609 2666">
    <p class='ocr_par' dir='ltr' id='par_1_2' title="bbox 257 227 1609 1199">
     <span class='ocr_line' id='line_1_2' title="bbox 267 227 1607 275; baseline -0.001 -7"><span class='ocrx_word' id='word_1_6' title='bbox 267 234 431 268; x_wconf 65' lang='lat' dir='ltr'><strong>diss-zm</strong></span> <span class='ocrx_word' id='word_1_7' title='bbox 466 231 498 263; x_wconf 90' lang='lat' dir='ltr'><strong>in</strong></span> <span class='ocrx_word' id='word_1_8' title='bbox 533 227 702 272; x_wconf 87' lang='lat' dir='ltr'><strong>principio</strong></span> <span class='ocrx_word' id='word_1_9' title='bbox 733 227 875 262; x_wconf 87' lang='lat' dir='ltr'><strong>secundi</strong></span> <span class='ocrx_word' id='word_1_10' title='bbox 905 228 1049 264; x_wconf 82' lang='lat' dir='ltr'>membri</span> <span class='ocrx_word' id='word_1_11' title='bbox 1084 230 1268 274; x_wconf 83' lang='lat' dir='ltr'><strong>collocari,</strong></span> <span class='ocrx_word' id='word_1_12' title='bbox 1302 230 1346 267; x_wconf 81' lang='lat' dir='ltr'><strong>cf.</strong></span> <span class='ocrx_word' id='word_1_13' title='bbox 1371 230 1416 266; x_wconf 87' lang='lat' dir='ltr'><strong>ad</strong></span> <span class='ocrx_word' id='word_1_14' title='bbox 1439 232 1466 275; x_wconf 82' lang='grc' dir='ltr'><strong>Ι,</strong></span> <span class='ocrx_word' id='word_1_15' title='bbox 1490 234 1525 275; x_wconf 85' lang='grc'><strong>2,</strong></span> <span class='ocrx_word' id='word_1_16' title='bbox 1553 233 1607 266; x_wconf 82' lang='grc'><strong>18.</strong></span> 
     </span>
     <span class='ocr_line' id='line_1_3' title="bbox 267 292 1608 343; baseline -0.001 -10"><span class='ocrx_word' id='word_1_17' title='bbox 267 301 302 334; x_wconf 86' lang='lat' dir='ltr'><strong>In</strong></span> <span class='ocrx_word' id='word_1_18' title='bbox 326 299 439 343; x_wconf 86' lang='lat' dir='ltr'><strong>priore</strong></span> <span class='ocrx_word' id='word_1_19' title='bbox 463 298 579 329; x_wconf 90' lang='lat' dir='ltr'><strong>autem</strong></span> <span class='ocrx_word' id='word_1_20' title='bbox 603 292 705 339; x_wconf 69' lang='lat' dir='ltr'><strong>vulgi</strong></span> <span class='ocrx_word' id='word_1_21' title='bbox 727 295 945 338; x_wconf 80' lang='lat' dir='ltr'>praeposuit,</span> <span class='ocrx_word' id='word_1_22' title='bbox 981 296 1106 329; x_wconf 78' lang='lat' dir='ltr'><strong>milites</strong></span> <span class='ocrx_word' id='word_1_23' title='bbox 1130 301 1245 331; x_wconf 90' lang='lat' dir='ltr'><strong>mente</strong></span> <span class='ocrx_word' id='word_1_24' title='bbox 1276 307 1473 341; x_wconf 85' lang='lat' dir='ltr'><strong>opponens,</strong></span> <span class='ocrx_word' id='word_1_25' title='bbox 1504 301 1608 341; x_wconf 86' lang='lat' dir='ltr'><strong>atque</strong></span> 
     </span>
     <span class='ocr_line' id='line_1_4' title="bbox 263 360 1607 407; baseline 0.001 -9"><span class='ocrx_word' id='word_1_26' title='bbox 263 365 396 399; x_wconf 86' lang='lat' dir='ltr'><strong>acuitur</strong></span> <span class='ocrx_word' id='word_1_27' title='bbox 433 360 657 407; x_wconf 88' lang='lat' dir='ltr'><strong>oppositionis</strong></span> <span class='ocrx_word' id='word_1_28' title='bbox 695 360 745 394; x_wconf 84' lang='lat' dir='ltr'><strong>vis</strong></span> <span class='ocrx_word' id='word_1_29' title='bbox 779 362 971 405; x_wconf 87' lang='lat' dir='ltr'><strong>postposita</strong></span> <span class='ocrx_word' id='word_1_30' title='bbox 1006 364 1174 407; x_wconf 87' lang='lat' dir='ltr'><strong>particula</strong></span> <span class='ocrx_word' id='word_1_31' title='bbox 1210 373 1312 407; x_wconf 88' lang='lat' dir='ltr'><strong>nec,</strong></span> <span class='ocrx_word' id='word_1_32' title='bbox 1352 365 1460 398; x_wconf 86' lang='lat' dir='ltr'><strong>veluti</strong></span> <span class='ocrx_word' id='word_1_33' title='bbox 1497 365 1607 400; x_wconf 59' lang='lat' dir='ltr'><strong>Vnae.</strong></span> 
     </span>
     <span class='ocr_line' id='line_1_5' title="bbox 262 425 1608 475; baseline 0.001 -12"><span class='ocrx_word' id='word_1_34' title='bbox 262 430 384 472; x_wconf 83' lang='lat' dir='ltr'><strong>Eclog.</strong></span> <span class='ocrx_word' id='word_1_35' title='bbox 409 428 455 471; x_wconf 88' lang='lat' dir='ltr'><strong>X,</strong></span> <span class='ocrx_word' id='word_1_36' title='bbox 481 430 538 461; x_wconf 89' lang='lat'><strong>16.</strong></span> <span class='ocrx_word' id='word_1_37' title='bbox 586 426 688 462; x_wconf 86' lang='lat' dir='ltr'><strong>Valet</strong></span> <span class='ocrx_word' id='word_1_38' title='bbox 711 425 803 459; x_wconf 89' lang='lat' dir='ltr'><strong>idem</strong></span> <span class='ocrx_word' id='word_1_39' title='bbox 829 426 888 460; x_wconf 87' lang='lat' dir='ltr'><strong>ubi</strong></span> <span class='ocrx_word' id='word_1_40' title='bbox 912 428 1000 461; x_wconf 89' lang='lat' dir='ltr'><strong>aliae</strong></span> <span class='ocrx_word' id='word_1_41' title='bbox 1025 429 1212 472; x_wconf 82' lang='lat' dir='ltr'>particulae</span> <span class='ocrx_word' id='word_1_42' title='bbox 1237 430 1486 474; x_wconf 73' lang='lat' dir='ltr'>praepositivae</span> <span class='ocrx_word' id='word_1_43' title='bbox 1510 434 1608 475; x_wconf 90' lang='lat' dir='ltr'><strong>post-</strong></span> 
     </span>
     <span class='ocr_line' id='line_1_6' title="bbox 263 491 1609 541; baseline 0 -11"><span class='ocrx_word' id='word_1_44' title='bbox 263 499 445 541; x_wconf 88' lang='lat' dir='ltr'><strong>ponuntur.</strong></span> <span class='ocrx_word' id='word_1_45' title='bbox 493 493 600 529; x_wconf 88' lang='lat' dir='ltr'><strong>Vides</strong></span> <span class='ocrx_word' id='word_1_46' title='bbox 629 496 708 538; x_wconf 89' lang='lat' dir='ltr'><strong>post</strong></span> <span class='ocrx_word' id='word_1_47' title='bbox 733 491 818 527; x_wconf 87' lang='lat' dir='ltr'><strong>haec</strong></span> <span class='ocrx_word' id='word_1_48' title='bbox 842 495 955 528; x_wconf 89' lang='lat' dir='ltr'><strong>omnia</strong></span> <span class='ocrx_word' id='word_1_49' title='bbox 987 493 1207 529; x_wconf 82' lang='lat' dir='ltr'><strong>vehementer</strong></span> <span class='ocrx_word' id='word_1_50' title='bbox 1231 506 1291 529; x_wconf 91' lang='lat' dir='ltr'><strong>eos</strong></span> <span class='ocrx_word' id='word_1_51' title='bbox 1316 507 1451 539; x_wconf 88' lang='lat' dir='ltr'><strong>errare,</strong></span> <span class='ocrx_word' id='word_1_52' title='bbox 1488 497 1546 541; x_wconf 92' lang='lat' dir='ltr'><strong>qui</strong></span> <span class='ocrx_word' id='word_1_53' title='bbox 1570 500 1609 530; x_wconf 89' lang='lat' dir='ltr'><strong>ut</strong></span> 
     </span>
     <span class='ocr_line' id='line_1_7' title="bbox 263 557 1609 606; baseline 0.001 -11"><span class='ocrx_word' id='word_1_54' title='bbox 263 562 426 595; x_wconf 70' lang='lat' dir='ltr'><strong>BAcnms</strong></span> <span class='ocrx_word' id='word_1_55' title='bbox 460 570 492 594; x_wconf 84' lang='lat' dir='ltr'><strong>v.</strong></span> <span class='ocrx_word' id='word_1_56' title='bbox 525 557 657 604; x_wconf 76' lang='lat' dir='ltr'><strong>vulgus</strong></span> <span class='ocrx_word' id='word_1_57' title='bbox 690 558 734 592; x_wconf 89' lang='lat' dir='ltr'><strong>de</strong></span> <span class='ocrx_word' id='word_1_58' title='bbox 769 560 936 593; x_wconf 84' lang='lat' dir='ltr'><strong>militibus</strong></span> <span class='ocrx_word' id='word_1_59' title='bbox 972 561 1142 603; x_wconf 82' lang='lat' dir='ltr'><strong>gregariis</strong></span> <span class='ocrx_word' id='word_1_60' title='bbox 1175 562 1359 606; x_wconf 85' lang='lat' dir='ltr'><strong>accipiunt.</strong></span> <span class='ocrx_word' id='word_1_61' title='bbox 1384 581 1431 587; x_wconf 88' lang='lat'><em>-</em></span> <span class='ocrx_word' id='word_1_62' title='bbox 1469 562 1609 596; x_wconf 81' lang='lat' dir='ltr'><strong>corde</strong></span> 
     </span>
     <span class='ocr_line' id='line_1_8' title="bbox 261 625 1608 671; baseline 0 -9"><span class='ocrx_word' id='word_1_63' title='bbox 261 628 476 667; x_wconf 82' lang='lat' dir='ltr'><strong>micante,</strong></span> <span class='ocrx_word' id='word_1_64' title='bbox 502 627 681 668; x_wconf 88' lang='lat' dir='ltr'><strong>tremente,</strong></span> <span class='ocrx_word' id='word_1_65' title='bbox 706 625 906 668; x_wconf 85' lang='lat' dir='ltr'><strong>palpitante,</strong></span> <span class='ocrx_word' id='word_1_66' title='bbox 931 627 975 661; x_wconf 88' lang='lat' dir='ltr'><strong>cf.</strong></span> <span class='ocrx_word' id='word_1_67' title='bbox 999 627 1107 662; x_wconf 81' lang='lat' dir='ltr'><strong>Ovm.</strong></span> <span class='ocrx_word' id='word_1_68' title='bbox 1133 629 1206 662; x_wconf 81' lang='lat' dir='ltr'><strong>Art.</strong></span> <span class='ocrx_word' id='word_1_69' title='bbox 1230 629 1305 663; x_wconf 87' lang='lat' dir='ltr'><strong>Am.</strong></span> <span class='ocrx_word' id='word_1_70' title='bbox 1327 629 1388 671; x_wconf 84' lang='lat'><strong>111,</strong></span> <span class='ocrx_word' id='word_1_71' title='bbox 1404 631 1485 662; x_wconf 82' lang='lat'><strong>722.</strong></span> <span class='ocrx_word' id='word_1_72' title='bbox 1537 629 1608 662; x_wconf 89' lang='lat' dir='ltr'><strong>Im-</strong></span> 
     </span>
     <span class='ocr_line' id='line_1_9' title="bbox 262 690 1604 739; baseline -0.001 -12"><span class='ocrx_word' id='word_1_73' title='bbox 262 693 380 739; x_wconf 87' lang='lat' dir='ltr'><strong>primis</strong></span> <span class='ocrx_word' id='word_1_74' title='bbox 400 702 482 727; x_wconf 90' lang='lat' dir='ltr'><strong>vero</strong></span> <span class='ocrx_word' id='word_1_75' title='bbox 508 691 652 725; x_wconf 85' lang='lat' dir='ltr'><strong>observa</strong></span> <span class='ocrx_word' id='word_1_76' title='bbox 677 690 813 732; x_wconf 83' lang='lat' dir='ltr'><strong>iterum,</strong></span> <span class='ocrx_word' id='word_1_77' title='bbox 837 695 875 724; x_wconf 89' lang='lat' dir='ltr'><strong>ut</strong></span> <span class='ocrx_word' id='word_1_78' title='bbox 900 692 1003 724; x_wconf 88' lang='lat' dir='ltr'><strong>addat</strong></span> <span class='ocrx_word' id='word_1_79' title='bbox 1028 693 1118 735; x_wconf 88' lang='lat' dir='ltr'><strong>qnod</strong></span> <span class='ocrx_word' id='word_1_80' title='bbox 1145 698 1272 737; x_wconf 84' lang='lat' dir='ltr'><strong>augeat</strong></span> <span class='ocrx_word' id='word_1_81' title='bbox 1295 694 1437 728; x_wconf 88' lang='lat' dir='ltr'><strong>secundi</strong></span> <span class='ocrx_word' id='word_1_82' title='bbox 1460 694 1604 729; x_wconf 85' lang='lat' dir='ltr'><strong>membri</strong></span> 
     </span>
     <span class='ocr_line' id='line_1_10' title="bbox 265 755 1606 804; baseline -0.001 -9"><span class='ocrx_word' id='word_1_83' title='bbox 265 762 345 796; x_wconf 77' lang='lat' dir='ltr'><strong>vim.</strong></span> <span class='ocrx_word' id='word_1_84' title='bbox 370 779 418 787; x_wconf 89' lang='lat'>—</span> <span class='ocrx_word' id='word_1_85' title='bbox 454 759 542 793; x_wconf 81' lang='lat' dir='ltr'><strong>Mox</strong></span> <span class='ocrx_word' id='word_1_86' title='bbox 567 755 744 800; x_wconf 80' lang='lat' dir='ltr'><strong>trahor,</strong></span> <span class='ocrx_word' id='word_1_87' title='bbox 782 758 949 802; x_wconf 89' lang='lat' dir='ltr'><strong>producta</strong></span> <span class='ocrx_word' id='word_1_88' title='bbox 973 760 1105 802; x_wconf 68' lang='lat' dir='ltr'><strong>syllaba</strong></span> <span class='ocrx_word' id='word_1_89' title='bbox 1132 761 1224 793; x_wconf 86' lang='lat' dir='ltr'><strong>finali</strong></span> <span class='ocrx_word' id='word_1_90' title='bbox 1249 761 1283 794; x_wconf 90' lang='lat' dir='ltr'><strong>in</strong></span> <span class='ocrx_word' id='word_1_91' title='bbox 1308 771 1470 804; x_wconf 86' lang='lat' dir='ltr'><strong>caesura,</strong></span> <span class='ocrx_word' id='word_1_92' title='bbox 1500 760 1606 794; x_wconf 81' lang='lat' dir='ltr'><strong>veluti</strong></span> 
     </span>
     <span class='ocr_line' id='line_1_11' title="bbox 259 825 1604 875; baseline -0.001 -13"><span class='ocrx_word' id='word_1_93' title='bbox 259 827 461 875; x_wconf 82' lang='lat' dir='ltr'><strong>ingreditur</strong></span> <span class='ocrx_word' id='word_1_94' title='bbox 483 826 594 860; x_wconf 80' lang='lat' dir='ltr'><strong>VmG·</strong></span> <span class='ocrx_word' id='word_1_95' title='bbox 619 825 750 867; x_wconf 82' lang='lat' dir='ltr'><strong>Georg.</strong></span> <span class='ocrx_word' id='word_1_96' title='bbox 775 825 837 868; x_wconf 83' lang='lat'><strong>111,</strong></span> <span class='ocrx_word' id='word_1_97' title='bbox 861 830 920 860; x_wconf 79' lang='lat'><strong>76.</strong></span> <span class='ocrx_word' id='word_1_98' title='bbox 950 838 1049 860; x_wconf 80' lang='lat' dir='ltr'><strong>amor</strong></span> <span class='ocrx_word' id='word_1_99' title='bbox 1073 828 1158 861; x_wconf 83' lang='lat' dir='ltr'><strong>Aen.</strong></span> <span class='ocrx_word' id='word_1_100' title='bbox 1183 827 1246 870; x_wconf 83' lang='lat' dir='ltr'><strong>XI,</strong></span> <span class='ocrx_word' id='word_1_101' title='bbox 1271 830 1366 870; x_wconf 67' lang='lat'><strong>323„</strong></span> <span class='ocrx_word' id='word_1_102' title='bbox 1389 833 1498 872; x_wconf 81' lang='lat' dir='ltr'><strong>pater</strong></span> <span class='ocrx_word' id='word_1_103' title='bbox 1523 827 1604 861; x_wconf 91' lang='lat' dir='ltr'><strong>ibid.</strong></span> 
     </span>
     <span class='ocr_line' id='line_1_12' title="bbox 258 891 1607 936; baseline -0.001 -8"><span class='ocrx_word' id='word_1_104' title='bbox 258 896 341 928; x_wconf 87' lang='grc'>469.</span> <span class='ocrx_word' id='word_1_105' title='bbox 390 893 462 927; x_wconf 78' lang='lat' dir='ltr'><strong>Res</strong></span> <span class='ocrx_word' id='word_1_106' title='bbox 498 891 588 935; x_wconf 91' lang='lat' dir='ltr'><strong>apud</strong></span> <span class='ocrx_word' id='word_1_107' title='bbox 625 891 853 932; x_wconf 71' lang='lat' dir='ltr'><strong>Vmfflmmn,</strong></span> <span class='ocrx_word' id='word_1_108' title='bbox 892 893 1082 936; x_wconf 80' lang='lat' dir='ltr'><strong>Ovmwm,</strong></span> <span class='ocrx_word' id='word_1_109' title='bbox 1120 894 1205 926; x_wconf 91' lang='lat' dir='ltr'><strong>alios</strong></span> <span class='ocrx_word' id='word_1_110' title='bbox 1240 904 1306 927; x_wconf 94' lang='lat' dir='ltr'><strong>non</strong></span> <span class='ocrx_word' id='word_1_111' title='bbox 1341 904 1428 927; x_wconf 90' lang='lat' dir='ltr'><strong>rara.</strong></span> <span class='ocrx_word' id='word_1_112' title='bbox 1478 892 1607 927; x_wconf 80' lang='lat' dir='ltr'><strong>Confer</strong></span> 
     </span>
     <span class='ocr_line' id='line_1_13' title="bbox 259 956 1607 1004; baseline -0.001 -10"><span class='ocrx_word' id='word_1_113' title='bbox 259 959 395 994; x_wconf 89' lang='lat' dir='ltr'><strong>omnino</strong></span> <span class='ocrx_word' id='word_1_114' title='bbox 429 958 689 991; x_wconf 69' lang='lat' dir='ltr'><strong>Wfflcnssnrnm</strong></span> <span class='ocrx_word' id='word_1_115' title='bbox 727 956 960 991; x_wconf 87' lang='lat' dir='ltr'><strong>doctissimum</strong></span> <span class='ocrx_word' id='word_1_116' title='bbox 999 958 1033 990; x_wconf 90' lang='lat' dir='ltr'><strong>in</strong></span> <span class='ocrx_word' id='word_1_117' title='bbox 1070 957 1218 1002; x_wconf 85' lang='lat' dir='ltr'><strong>Epistol.</strong></span> <span class='ocrx_word' id='word_1_118' title='bbox 1256 960 1330 993; x_wconf 89' lang='lat' dir='ltr'><strong>crit.</strong></span> <span class='ocrx_word' id='word_1_119' title='bbox 1371 970 1450 1004; x_wconf 82' lang='lat' dir='ltr'><strong>pag.</strong></span> <span class='ocrx_word' id='word_1_120' title='bbox 1477 961 1534 993; x_wconf 76' lang='lat'><strong>73.</strong></span> <span class='ocrx_word' id='word_1_121' title='bbox 1572 963 1607 992; x_wconf 85' lang='lat' dir='ltr'><strong>et</strong></span> 
     </span>
     <span class='ocr_line' id='line_1_14' title="bbox 257 1022 1605 1067; baseline -0.001 -8"><span class='ocrx_word' id='word_1_122' title='bbox 257 1026 533 1059; x_wconf 77' lang='lat' dir='ltr'>SanEIDERUM</span> <span class='ocrx_word' id='word_1_123' title='bbox 564 1023 599 1055; x_wconf 92' lang='lat' dir='ltr'><strong>in</strong></span> <span class='ocrx_word' id='word_1_124' title='bbox 624 1023 685 1055; x_wconf 88' lang='lat' dir='ltr'><strong>Gr.</strong></span> <span class='ocrx_word' id='word_1_125' title='bbox 710 1022 788 1056; x_wconf 85' lang='lat' dir='ltr'><strong>Lat.</strong></span> <span class='ocrx_word' id='word_1_126' title='bbox 823 1022 924 1056; x_wconf 88' lang='lat' dir='ltr'><strong>Tom.</strong></span> <span class='ocrx_word' id='word_1_127' title='bbox 947 1022 993 1064; x_wconf 84' lang='lat' dir='ltr'><strong>II,</strong></span> <span class='ocrx_word' id='word_1_128' title='bbox 1029 1034 1063 1066; x_wconf 85' lang='lat' dir='ltr'><strong>p.</strong></span> <span class='ocrx_word' id='word_1_129' title='bbox 1089 1025 1158 1056; x_wconf 74' lang='lat'><strong>745</strong></span> <span class='ocrx_word' id='word_1_130' title='bbox 1184 1035 1259 1067; x_wconf 87' lang='lat' dir='ltr'>sqq.</span> <span class='ocrx_word' id='word_1_131' title='bbox 1282 1043 1330 1050; x_wconf 91' lang='lat'><strong>—-</strong></span> <span class='ocrx_word' id='word_1_132' title='bbox 1369 1025 1412 1058; x_wconf 89' lang='lat' dir='ltr'><strong>in</strong></span> <span class='ocrx_word' id='word_1_133' title='bbox 1444 1025 1605 1067; x_wconf 87' lang='lat' dir='ltr'><strong>latere,</strong></span> 
     </span>
     <span class='ocr_line' id='line_1_15' title="bbox 257 1089 1605 1136; baseline 0 -10"><span class='ocrx_word' id='word_1_134' title='bbox 257 1093 366 1127; x_wconf 84' lang='lat' dir='ltr'><strong>uoluit</strong></span> <span class='ocrx_word' id='word_1_135' title='bbox 382 1096 523 1136; x_wconf 80' lang='lat' dir='ltr'><strong>pectore</strong></span> <span class='ocrx_word' id='word_1_136' title='bbox 547 1089 684 1130; x_wconf 89' lang='lat' dir='ltr'><strong>dicere;</strong></span> <span class='ocrx_word' id='word_1_137' title='bbox 708 1099 786 1122; x_wconf 89' lang='lat' dir='ltr'><strong>nam</strong></span> <span class='ocrx_word' id='word_1_138' title='bbox 811 1090 900 1123; x_wconf 88' lang='lat' dir='ltr'><strong>latus</strong></span> <span class='ocrx_word' id='word_1_139' title='bbox 925 1090 1088 1133; x_wconf 88' lang='lat' dir='ltr'><strong>petebant</strong></span> <span class='ocrx_word' id='word_1_140' title='bbox 1112 1090 1184 1124; x_wconf 87' lang='lat' dir='ltr'><strong>sere</strong></span> <span class='ocrx_word' id='word_1_141' title='bbox 1208 1094 1414 1135; x_wconf 79' lang='lat' dir='ltr'><strong>pugnanteS‚</strong></span> <span class='ocrx_word' id='word_1_142' title='bbox 1440 1102 1518 1126; x_wconf 89' lang='lat' dir='ltr'><strong>cum</strong></span> <span class='ocrx_word' id='word_1_143' title='bbox 1542 1103 1605 1126; x_wconf 87' lang='lat' dir='ltr'><strong>an·-</strong></span> 
     </span>
     <span class='ocr_line' id='line_1_16' title="bbox 258 1156 1185 1199; baseline 0.001 -8"><span class='ocrx_word' id='word_1_144' title='bbox 258 1160 386 1193; x_wconf 79' lang='lat' dir='ltr'><strong>ter10ra</strong></span> <span class='ocrx_word' id='word_1_145' title='bbox 411 1161 545 1191; x_wconf 89' lang='lat' dir='ltr'><strong>scutum</strong></span> <span class='ocrx_word' id='word_1_146' title='bbox 569 1159 714 1199; x_wconf 81' lang='lat' dir='ltr'><strong>tegeret.</strong></span> <span class='ocrx_word' id='word_1_147' title='bbox 763 1156 854 1191; x_wconf 85' lang='lat' dir='ltr'><strong>Vide</strong></span> <span class='ocrx_word' id='word_1_148' title='bbox 879 1157 1185 1193; x_wconf 68' lang='lat' dir='ltr'><strong>Bnoncmmsmm.</strong></span> 
     </span>
    </p>

    <p class='ocr_par' dir='ltr' id='par_1_3' title="bbox 250 1221 1605 1723">
     <span class='ocr_line' id='line_1_17' title="bbox 351 1221 1605 1270; baseline 0.002 -12"><span class='ocrx_word' id='word_1_149' title='bbox 351 1224 395 1258; x_wconf 84' lang='lat' dir='ltr'><strong>V.</strong></span> <span class='ocrx_word' id='word_1_150' title='bbox 423 1224 560 1256; x_wconf 82' lang='lat'>15-44.</span> <span class='ocrx_word' id='word_1_151' title='bbox 610 1221 802 1255; x_wconf 89' lang='lat' dir='ltr'><strong>Medium</strong></span> <span class='ocrx_word' id='word_1_152' title='bbox 837 1232 1029 1256; x_wconf 88' lang='lat' dir='ltr'><strong>carmen.</strong></span> <span class='ocrx_word' id='word_1_153' title='bbox 1078 1224 1245 1259; x_wconf 84' lang='lat' dir='ltr'><strong>Preces</strong></span> <span class='ocrx_word' id='word_1_154' title='bbox 1279 1224 1331 1259; x_wconf 89' lang='lat' dir='ltr'><strong>ad</strong></span> <span class='ocrx_word' id='word_1_155' title='bbox 1357 1225 1497 1260; x_wconf 87' lang='lat' dir='ltr'><strong>Lares</strong></span> <span class='ocrx_word' id='word_1_156' title='bbox 1523 1237 1605 1270; x_wconf 89' lang='lat' dir='ltr'><strong>pro</strong></span> 
     </span>
     <span class='ocr_line' id='line_1_18' title="bbox 259 1289 1603 1337; baseline 0.001 -12"><span class='ocrx_word' id='word_1_157' title='bbox 259 1291 422 1325; x_wconf 86' lang='lat' dir='ltr'><strong>reditu.</strong></span> <span class='ocrx_word' id='word_1_158' title='bbox 471 1290 573 1322; x_wconf 91' lang='lat' dir='ltr'><strong>Dum</strong></span> <span class='ocrx_word' id='word_1_159' title='bbox 599 1289 876 1322; x_wconf 79' lang='lat' dir='ltr'><strong>invocantur</strong></span> <span class='ocrx_word' id='word_1_160' title='bbox 900 1290 1043 1323; x_wconf 81' lang='lat' dir='ltr'><strong>Lares</strong></span> <span class='ocrx_word' id='word_1_161' title='bbox 1068 1293 1344 1336; x_wconf 86' lang='lat' dir='ltr'><strong>proponitur</strong></span> <span class='ocrx_word' id='word_1_162' title='bbox 1379 1303 1492 1326; x_wconf 82' lang='lat' dir='ltr'><strong>nova</strong></span> <span class='ocrx_word' id='word_1_163' title='bbox 1518 1293 1603 1337; x_wconf 86' lang='lat' dir='ltr'><strong>pri-</strong></span> 
     </span>
     <span class='ocr_line' id='line_1_19' title="bbox 258 1354 1603 1402; baseline 0.002 -12"><span class='ocrx_word' id='word_1_164' title='bbox 258 1367 359 1390; x_wconf 84' lang='lat' dir='ltr'><strong>scae</strong></span> <span class='ocrx_word' id='word_1_165' title='bbox 393 1354 720 1398; x_wconf 84' lang='lat' dir='ltr'><strong>simplicitatis</strong></span> <span class='ocrx_word' id='word_1_166' title='bbox 757 1355 1035 1400; x_wconf 86' lang='lat' dir='ltr'><strong>descriptio,</strong></span> <span class='ocrx_word' id='word_1_167' title='bbox 1068 1361 1156 1391; x_wconf 91' lang='lat' dir='ltr'><strong>tum</strong></span> <span class='ocrx_word' id='word_1_168' title='bbox 1191 1360 1390 1402; x_wconf 86' lang='lat' dir='ltr'><strong>repetita</strong></span> <span class='ocrx_word' id='word_1_169' title='bbox 1424 1361 1603 1394; x_wconf 87' lang='lat' dir='ltr'><strong>invoca-</strong></span> 
     </span>
     <span class='ocr_line' id='line_1_20' title="bbox 258 1421 1603 1469; baseline 0.002 -12"><span class='ocrx_word' id='word_1_170' title='bbox 258 1425 381 1457; x_wconf 85' lang='lat' dir='ltr'><strong>tione</strong></span> <span class='ocrx_word' id='word_1_171' title='bbox 414 1421 522 1455; x_wconf 88' lang='lat' dir='ltr'><strong>belli</strong></span> <span class='ocrx_word' id='word_1_172' title='bbox 548 1421 762 1463; x_wconf 86' lang='lat' dir='ltr'><strong>sequitur</strong></span> <span class='ocrx_word' id='word_1_173' title='bbox 797 1426 839 1455; x_wconf 90' lang='lat' dir='ltr'><strong>et</strong></span> <span class='ocrx_word' id='word_1_174' title='bbox 873 1423 1030 1456; x_wconf 89' lang='lat' dir='ltr'><strong>mortis</strong></span> <span class='ocrx_word' id='word_1_175' title='bbox 1058 1428 1375 1467; x_wconf 86' lang='lat' dir='ltr'><strong>praematurae</strong></span> <span class='ocrx_word' id='word_1_176' title='bbox 1401 1426 1603 1469; x_wconf 81' lang='lat' dir='ltr'><strong>Orcique</strong></span> 
     </span>
     <span class='ocr_line' id='line_1_21' title="bbox 255 1488 1601 1533; baseline 0 -8"><span class='ocrx_word' id='word_1_177' title='bbox 255 1489 513 1525; x_wconf 86' lang='lat' dir='ltr'><strong>detestatio</strong></span> <span class='ocrx_word' id='word_1_178' title='bbox 544 1488 835 1531; x_wconf 81' lang='lat' dir='ltr'><strong>gravissima,</strong></span> <span class='ocrx_word' id='word_1_179' title='bbox 871 1494 1108 1533; x_wconf 84' lang='lat' dir='ltr'><strong>postremo</strong></span> <span class='ocrx_word' id='word_1_180' title='bbox 1142 1490 1358 1525; x_wconf 88' lang='lat' dir='ltr'><strong>laudatur</strong></span> <span class='ocrx_word' id='word_1_181' title='bbox 1392 1492 1601 1526; x_wconf 80' lang='lat' dir='ltr'><strong>rusticae</strong></span> 
     </span>
     <span class='ocr_line' id='line_1_22' title="bbox 255 1556 1601 1602; baseline 0.004 -13"><span class='ocrx_word' id='word_1_182' title='bbox 255 1559 377 1591; x_wconf 73' lang='lat' dir='ltr'><strong>vitae</strong></span> <span class='ocrx_word' id='word_1_183' title='bbox 412 1556 529 1589; x_wconf 77' lang='lat' dir='ltr'><strong>felix</strong></span> <span class='ocrx_word' id='word_1_184' title='bbox 564 1557 799 1590; x_wconf 87' lang='lat' dir='ltr'><strong>securitas</strong></span> <span class='ocrx_word' id='word_1_185' title='bbox 832 1558 874 1591; x_wconf 85' lang='lat' dir='ltr'><strong>in</strong></span> <span class='ocrx_word' id='word_1_186' title='bbox 908 1559 1218 1602; x_wconf 88' lang='lat' dir='ltr'><strong>simplicitate</strong></span> <span class='ocrx_word' id='word_1_187' title='bbox 1243 1560 1501 1602; x_wconf 85' lang='lat' dir='ltr'><strong>praeclara,</strong></span> <span class='ocrx_word' id='word_1_188' title='bbox 1536 1571 1601 1594; x_wconf 86' lang='lat' dir='ltr'><strong>re-</strong></span> 
     </span>
     <span class='ocr_line' id='line_1_23' title="bbox 253 1621 1600 1667; baseline 0.001 -10"><span class='ocrx_word' id='word_1_189' title='bbox 253 1623 423 1657; x_wconf 81' lang='lat' dir='ltr'><strong>deunte</strong></span> <span class='ocrx_word' id='word_1_190' title='bbox 460 1626 596 1666; x_wconf 87' lang='lat' dir='ltr'><strong>poeta</strong></span> <span class='ocrx_word' id='word_1_191' title='bbox 634 1621 675 1656; x_wconf 90' lang='lat' dir='ltr'><strong>in</strong></span> <span class='ocrx_word' id='word_1_192' title='bbox 710 1622 853 1656; x_wconf 88' lang='lat' dir='ltr'><strong>tertio</strong></span> <span class='ocrx_word' id='word_1_193' title='bbox 889 1623 989 1657; x_wconf 93' lang='lat' dir='ltr'><strong>loco</strong></span> <span class='ocrx_word' id='word_1_194' title='bbox 1024 1622 1079 1656; x_wconf 88' lang='lat' dir='ltr'><strong>ad</strong></span> <span class='ocrx_word' id='word_1_195' title='bbox 1116 1624 1323 1667; x_wconf 88' lang='lat' dir='ltr'><strong>primum,</strong></span> <span class='ocrx_word' id='word_1_196' title='bbox 1361 1625 1453 1658; x_wconf 85' lang='lat' dir='ltr'><strong>alio</strong></span> <span class='ocrx_word' id='word_1_197' title='bbox 1489 1626 1600 1659; x_wconf 83' lang='lat' dir='ltr'><strong>licet</strong></span> 
     </span>
     <span class='ocr_line' id='line_1_24' title="bbox 250 1689 389 1723; baseline -0.022 -1"><span class='ocrx_word' id='word_1_198' title='bbox 250 1689 389 1723; x_wconf 87' lang='lat' dir='ltr'><strong>modo.</strong></span> 
     </span>
    </p>

    <p class='ocr_par' dir='ltr' id='par_1_4' title="bbox 244 1753 1599 2666">
     <span class='ocr_line' id='line_1_25' title="bbox 347 1753 1599 1799; baseline 0.003 -11"><span class='ocrx_word' id='word_1_199' title='bbox 347 1755 389 1788; x_wconf 81' lang='lat' dir='ltr'><strong>V.</strong></span> <span class='ocrx_word' id='word_1_200' title='bbox 408 1755 450 1787; x_wconf 86' lang='lat'><strong>15</strong></span> <span class='ocrx_word' id='word_1_201' title='bbox 467 1764 540 1797; x_wconf 85' lang='lat' dir='ltr'><strong>sqq.</strong></span> <span class='ocrx_word' id='word_1_202' title='bbox 567 1753 766 1788; x_wconf 85' lang='lat' dir='ltr'><strong>aluistis.</strong></span> <span class='ocrx_word' id='word_1_203' title='bbox 815 1754 961 1789; x_wconf 84' lang='lat' dir='ltr'><strong>Stabant</strong></span> <span class='ocrx_word' id='word_1_204' title='bbox 986 1755 1084 1799; x_wconf 84' lang='lat' dir='ltr'><strong>signa</strong></span> <span class='ocrx_word' id='word_1_205' title='bbox 1103 1756 1246 1791; x_wconf 88' lang='lat' dir='ltr'><strong>Larium</strong></span> <span class='ocrx_word' id='word_1_206' title='bbox 1273 1768 1315 1791; x_wconf 79' lang='lat' dir='ltr'><strong>ex</strong></span> <span class='ocrx_word' id='word_1_207' title='bbox 1341 1767 1437 1791; x_wconf 89' lang='lat' dir='ltr'><strong>more</strong></span> <span class='ocrx_word' id='word_1_208' title='bbox 1462 1759 1495 1791; x_wconf 88' lang='lat' dir='ltr'><strong>in</strong></span> <span class='ocrx_word' id='word_1_209' title='bbox 1521 1757 1599 1792; x_wconf 86' lang='lat' dir='ltr'><strong>foco</strong></span> 
     </span>
     <span class='ocr_line' id='line_1_26' title="bbox 251 1820 1598 1868; baseline 0.001 -13"><span class='ocrx_word' id='word_1_210' title='bbox 251 1822 381 1855; x_wconf 76' lang='lat' dir='ltr'><strong>inclusa</strong></span> <span class='ocrx_word' id='word_1_211' title='bbox 407 1820 552 1862; x_wconf 83' lang='lat' dir='ltr'><strong>larario3</strong></span> <span class='ocrx_word' id='word_1_212' title='bbox 588 1820 622 1853; x_wconf 89' lang='lat' dir='ltr'><strong>in</strong></span> <span class='ocrx_word' id='word_1_213' title='bbox 645 1830 763 1854; x_wconf 86' lang='lat' dir='ltr'><strong>eorum</strong></span> <span class='ocrx_word' id='word_1_214' title='bbox 789 1823 895 1855; x_wconf 88' lang='lat' dir='ltr'><strong>tutela</strong></span> <span class='ocrx_word' id='word_1_215' title='bbox 921 1822 1117 1857; x_wconf 75' lang='lat' dir='ltr'><strong>adoleverat</strong></span> <span class='ocrx_word' id='word_1_216' title='bbox 1141 1834 1238 1868; x_wconf 89' lang='lat' dir='ltr'><strong>puer.</strong></span> <span class='ocrx_word' id='word_1_217' title='bbox 1265 1843 1310 1848; x_wconf 95' lang='lat'><strong>—</strong></span> <span class='ocrx_word' id='word_1_218' title='bbox 1353 1824 1598 1858; x_wconf 89' lang='lat' dir='ltr'><strong>Cursarem</strong></span> 
     </span>
     <span class='ocr_line' id='line_1_27' title="bbox 251 1886 1598 1930; baseline 0.002 -10"><span class='ocrx_word' id='word_1_219' title='bbox 251 1891 354 1920; x_wconf 76' lang='lat' dir='ltr'><strong>ante</strong></span> <span class='ocrx_word' id='word_1_220' title='bbox 391 1886 545 1930; x_wconf 85' lang='lat' dir='ltr'><strong>pedes,</strong></span> <span class='ocrx_word' id='word_1_221' title='bbox 580 1889 617 1918; x_wconf 88' lang='lat' dir='ltr'><strong>ut</strong></span> <span class='ocrx_word' id='word_1_222' title='bbox 642 1886 728 1919; x_wconf 79' lang='lat' dir='ltr'><strong>infra</strong></span> <span class='ocrx_word' id='word_1_223' title='bbox 754 1887 800 1929; x_wconf 83' lang='grc' dir='ltr'><strong>ΙΙ,</strong></span> <span class='ocrx_word' id='word_1_224' title='bbox 825 1889 859 1929; x_wconf 84' lang='grc'><strong>2,</strong></span> <span class='ocrx_word' id='word_1_225' title='bbox 882 1891 941 1923; x_wconf 78' lang='grc'><strong>22.</strong></span> <span class='ocrx_word' id='word_1_226' title='bbox 968 1889 1010 1922; x_wconf 90' lang='lat' dir='ltr'><strong>de</strong></span> <span class='ocrx_word' id='word_1_227' title='bbox 1037 1890 1151 1923; x_wconf 83' lang='lat' dir='ltr'><strong>Genio</strong></span> <span class='ocrx_word' id='word_1_228' title='bbox 1175 1900 1202 1923; x_wconf 90' lang='lat' dir='ltr'><strong>s.</strong></span> <span class='ocrx_word' id='word_1_229' title='bbox 1233 1889 1349 1923; x_wconf 84' lang='lat' dir='ltr'><strong>Natali</strong></span> <span class='ocrx_word' id='word_1_230' title='bbox 1375 1891 1464 1923; x_wconf 86' lang='lat' dir='ltr'><strong>inter</strong></span> <span class='ocrx_word' id='word_1_231' title='bbox 1488 1890 1598 1924; x_wconf 84' lang='lat' dir='ltr'><strong>Lares</strong></span> 
     </span>
     <span class='ocr_line' id='line_1_28' title="bbox 251 1953 1597 2002; baseline 0.005 -18"><span class='ocrx_word' id='word_1_232' title='bbox 251 1958 381 1989; x_wconf 55' lang='lat' dir='ltr'><strong>stante:</strong></span> <span class='ocrx_word' id='word_1_233' title='bbox 407 1953 512 1985; x_wconf 72' lang='lat' dir='ltr'><strong>ludat</strong></span> <span class='ocrx_word' id='word_1_234' title='bbox 536 1959 572 1985; x_wconf 85' lang='lat' dir='ltr'><strong>et</strong></span> <span class='ocrx_word' id='word_1_235' title='bbox 598 1959 681 1985; x_wconf 81' lang='lat' dir='ltr'><strong>ante</strong></span> <span class='ocrx_word' id='word_1_236' title='bbox 705 1960 787 1987; x_wconf 74' lang='lat' dir='ltr'><strong>tuos</strong></span> <span class='ocrx_word' id='word_1_237' title='bbox 812 1955 921 1988; x_wconf 79' lang='lat' dir='ltr'><strong>turba</strong></span> <span class='ocrx_word' id='word_1_238' title='bbox 946 1956 1086 1990; x_wconf 60' lang='lat' dir='ltr'><strong>novella</strong></span> <span class='ocrx_word' id='word_1_239' title='bbox 1109 1957 1226 2001; x_wconf 79' lang='lat' dir='ltr'><strong>pedes.</strong></span> <span class='ocrx_word' id='word_1_240' title='bbox 1251 1976 1295 1982; x_wconf 90' lang='lat'><strong>-—</strong></span> <span class='ocrx_word' id='word_1_241' title='bbox 1335 1958 1421 1991; x_wconf 81' lang='lat' dir='ltr'><strong>Mox</strong></span> <span class='ocrx_word' id='word_1_242' title='bbox 1446 1958 1597 2002; x_wconf 83' lang='lat' dir='ltr'><strong>prisco</strong></span> 
     </span>
     <span class='ocr_line' id='line_1_29' title="bbox 249 2018 1597 2067; baseline 0.001 -13"><span class='ocrx_word' id='word_1_243' title='bbox 249 2032 269 2054; x_wconf 91' lang='lat' dir='ltr'><strong>e</strong></span> <span class='ocrx_word' id='word_1_244' title='bbox 303 2020 474 2064; x_wconf 89' lang='lat' dir='ltr'><strong>stipite.</strong></span> <span class='ocrx_word' id='word_1_245' title='bbox 525 2018 634 2052; x_wconf 85' lang='lat' dir='ltr'><strong>Erant</strong></span> <span class='ocrx_word' id='word_1_246' title='bbox 668 2019 765 2062; x_wconf 83' lang='lat' dir='ltr'><strong>signa</strong></span> <span class='ocrx_word' id='word_1_247' title='bbox 803 2020 942 2055; x_wconf 84' lang='lat' dir='ltr'><strong>Larium</strong></span> <span class='ocrx_word' id='word_1_248' title='bbox 977 2023 1114 2055; x_wconf 85' lang='lat' dir='ltr'><strong>omnino</strong></span> <span class='ocrx_word' id='word_1_249' title='bbox 1152 2033 1171 2056; x_wconf 92' lang='lat' dir='ltr'><strong>e</strong></span> <span class='ocrx_word' id='word_1_250' title='bbox 1197 2023 1290 2066; x_wconf 85' lang='lat' dir='ltr'><strong>ligno</strong></span> <span class='ocrx_word' id='word_1_251' title='bbox 1316 2027 1375 2056; x_wconf 89' lang='lat' dir='ltr'><strong>aut</strong></span> <span class='ocrx_word' id='word_1_252' title='bbox 1400 2023 1513 2067; x_wconf 87' lang='lat' dir='ltr'><strong>lapide</strong></span> <span class='ocrx_word' id='word_1_253' title='bbox 1537 2028 1597 2056; x_wconf 83' lang='lat' dir='ltr'><strong>aut</strong></span> 
     </span>
     <span class='ocr_line' id='line_1_30' title="bbox 249 2084 1598 2127; baseline 0.003 -9"><span class='ocrx_word' id='word_1_254' title='bbox 249 2085 387 2118; x_wconf 83' lang='lat' dir='ltr'><strong>metallo</strong></span> <span class='ocrx_word' id='word_1_255' title='bbox 412 2084 510 2117; x_wconf 86' lang='lat' dir='ltr'><strong>facta.</strong></span> <span class='ocrx_word' id='word_1_256' title='bbox 537 2102 583 2108; x_wconf 91' lang='lat'>—</span> <span class='ocrx_word' id='word_1_257' title='bbox 608 2085 651 2118; x_wconf 89' lang='lat' dir='ltr'><strong>V.</strong></span> <span class='ocrx_word' id='word_1_258' title='bbox 678 2087 723 2117; x_wconf 87' lang='lat'><strong>19</strong></span> <span class='ocrx_word' id='word_1_259' title='bbox 743 2095 817 2127; x_wconf 78' lang='lat' dir='ltr'><strong>sqq.</strong></span> <span class='ocrx_word' id='word_1_260' title='bbox 866 2087 1028 2120; x_wconf 89' lang='lat' dir='ltr'><strong>melius</strong></span> <span class='ocrx_word' id='word_1_261' title='bbox 1057 2092 1250 2122; x_wconf 90' lang='lat' dir='ltr'><strong>tenuere</strong></span> <span class='ocrx_word' id='word_1_262' title='bbox 1274 2088 1409 2122; x_wconf 85' lang='lat' dir='ltr'><strong>fidem</strong></span> <span class='ocrx_word' id='word_1_263' title='bbox 1434 2090 1507 2124; x_wconf 89' lang='lat' dir='ltr'><strong>scil.</strong></span> <span class='ocrx_word' id='word_1_264' title='bbox 1534 2088 1598 2123; x_wconf 88' lang='lat' dir='ltr'><strong>ho-</strong></span> 
     </span>
     <span class='ocr_line' id='line_1_31' title="bbox 248 2150 1596 2199; baseline 0.004 -16"><span class='ocrx_word' id='word_1_265' title='bbox 248 2150 375 2192; x_wconf 85' lang='lat' dir='ltr'><strong>mines,</strong></span> <span class='ocrx_word' id='word_1_266' title='bbox 411 2153 446 2183; x_wconf 88' lang='lat' dir='ltr'><strong>et</strong></span> <span class='ocrx_word' id='word_1_267' title='bbox 470 2150 647 2193; x_wconf 84' lang='lat' dir='ltr'><strong>meliores,</strong></span> <span class='ocrx_word' id='word_1_268' title='bbox 684 2152 885 2187; x_wconf 86' lang='lat' dir='ltr'><strong>moratiores</strong></span> <span class='ocrx_word' id='word_1_269' title='bbox 913 2155 1091 2197; x_wconf 82' lang='lat' dir='ltr'><strong>magisque</strong></span> <span class='ocrx_word' id='word_1_270' title='bbox 1116 2156 1163 2199; x_wconf 89' lang='lat' dir='ltr'><strong>pii</strong></span> <span class='ocrx_word' id='word_1_271' title='bbox 1189 2159 1307 2198; x_wconf 91' lang='lat' dir='ltr'><strong>erant,</strong></span> <span class='ocrx_word' id='word_1_272' title='bbox 1341 2159 1382 2189; x_wconf 87' lang='lat' dir='ltr'><strong>ut</strong></span> <span class='ocrx_word' id='word_1_273' title='bbox 1406 2155 1596 2189; x_wconf 62' lang='lat' dir='ltr'><strong>was-nnn-</strong></span> 
     </span>
     <span class='ocr_line' id='line_1_32' title="bbox 248 2219 1595 2266; baseline 0.004 -16"><span class='ocrx_word' id='word_1_274' title='bbox 248 2228 395 2251; x_wconf 76' lang='lat' dir='ltr'><strong>mcnms</strong></span> <span class='ocrx_word' id='word_1_275' title='bbox 420 2228 497 2251; x_wconf 92' lang='lat' dir='ltr'><strong>cum</strong></span> <span class='ocrx_word' id='word_1_276' title='bbox 522 2219 652 2251; x_wconf 70' lang='lat' dir='ltr'><strong>Vossm</strong></span> <span class='ocrx_word' id='word_1_277' title='bbox 679 2224 805 2253; x_wconf 87' lang='lat' dir='ltr'><strong>monet.</strong></span> <span class='ocrx_word' id='word_1_278' title='bbox 855 2219 928 2253; x_wconf 91' lang='lat' dir='ltr'><strong>Res</strong></span> <span class='ocrx_word' id='word_1_279' title='bbox 962 2221 1034 2264; x_wconf 86' lang='lat' dir='ltr'><strong>ipsa</strong></span> <span class='ocrx_word' id='word_1_280' title='bbox 1067 2221 1170 2255; x_wconf 89' lang='lat' dir='ltr'><strong>docet</strong></span> <span class='ocrx_word' id='word_1_281' title='bbox 1203 2232 1270 2255; x_wconf 89' lang='lat' dir='ltr'><strong>non</strong></span> <span class='ocrx_word' id='word_1_282' title='bbox 1304 2231 1406 2266; x_wconf 88' lang='lat' dir='ltr'><strong>posse</strong></span> <span class='ocrx_word' id='word_1_283' title='bbox 1439 2220 1491 2253; x_wconf 81' lang='lat' dir='ltr'><strong>dii</strong></span> <span class='ocrx_word' id='word_1_284' title='bbox 1512 2231 1595 2264; x_wconf 87' lang='lat' dir='ltr'><strong>sup-</strong></span> 
     </span>
     <span class='ocr_line' id='line_1_33' title="bbox 247 2284 1594 2331; baseline 0.001 -15"><span class='ocrx_word' id='word_1_285' title='bbox 247 2284 345 2328; x_wconf 87' lang='lat' dir='ltr'><strong>pleri,</strong></span> <span class='ocrx_word' id='word_1_286' title='bbox 371 2287 408 2316; x_wconf 88' lang='lat' dir='ltr'><strong>ut</strong></span> <span class='ocrx_word' id='word_1_287' title='bbox 431 2294 507 2317; x_wconf 89' lang='lat' dir='ltr'><strong>cum</strong></span> <span class='ocrx_word' id='word_1_288' title='bbox 534 2285 729 2319; x_wconf 74' lang='lat' dir='ltr'>CYLLEMO</span> <span class='ocrx_word' id='word_1_289' title='bbox 756 2285 930 2319; x_wconf 56' lang='lat' dir='ltr'><strong>Ham-ms</strong></span> <span class='ocrx_word' id='word_1_290' title='bbox 957 2286 1049 2320; x_wconf 84' lang='lat' dir='ltr'><strong>facit.</strong></span> <span class='ocrx_word' id='word_1_291' title='bbox 1101 2286 1231 2320; x_wconf 83' lang='lat' dir='ltr'><strong>Confer</strong></span> <span class='ocrx_word' id='word_1_292' title='bbox 1252 2287 1366 2331; x_wconf 88' lang='lat' dir='ltr'><strong>potius</strong></span> <span class='ocrx_word' id='word_1_293' title='bbox 1387 2286 1414 2329; x_wconf 87' lang='grc' dir='ltr'><strong>Ι,</strong></span> <span class='ocrx_word' id='word_1_294' title='bbox 1429 2289 1463 2327; x_wconf 85' lang='grc'><strong>3,</strong></span> <span class='ocrx_word' id='word_1_295' title='bbox 1478 2288 1594 2319; x_wconf 80' lang='lat'>35.—</span> 
     </span>
     <span class='ocr_line' id='line_1_34' title="bbox 248 2352 1592 2398; baseline 0.001 -14"><span class='ocrx_word' id='word_1_296' title='bbox 248 2361 449 2395; x_wconf 85' lang='lat' dir='ltr'><strong>paupcre</strong></span> <span class='ocrx_word' id='word_1_297' title='bbox 485 2352 630 2394; x_wconf 88' lang='lat' dir='ltr'><strong>cultu,</strong></span> <span class='ocrx_word' id='word_1_298' title='bbox 671 2363 736 2386; x_wconf 89' lang='lat' dir='ltr'><strong>non</strong></span> <span class='ocrx_word' id='word_1_299' title='bbox 772 2353 882 2387; x_wconf 79' lang='lat' dir='ltr'><strong>sactus</strong></span> <span class='ocrx_word' id='word_1_300' title='bbox 917 2365 959 2387; x_wconf 85' lang='lat' dir='ltr'><strong>ex</strong></span> <span class='ocrx_word' id='word_1_301' title='bbox 998 2355 1150 2398; x_wconf 86' lang='lat' dir='ltr'><strong>pretiosa</strong></span> <span class='ocrx_word' id='word_1_302' title='bbox 1184 2355 1328 2388; x_wconf 88' lang='lat' dir='ltr'><strong>materia</strong></span> <span class='ocrx_word' id='word_1_303' title='bbox 1362 2363 1473 2395; x_wconf 85' lang='lat' dir='ltr'><strong>neque</strong></span> <span class='ocrx_word' id='word_1_304' title='bbox 1508 2363 1592 2386; x_wconf 87' lang='lat' dir='ltr'><strong>auro</strong></span> 
     </span>
     <span class='ocr_line' id='line_1_35' title="bbox 247 2420 1593 2464; baseline 0.001 -12"><span class='ocrx_word' id='word_1_305' title='bbox 247 2422 407 2461; x_wconf 81' lang='lat' dir='ltr'><strong>ornatus,</strong></span> <span class='ocrx_word' id='word_1_306' title='bbox 442 2423 479 2452; x_wconf 89' lang='lat' dir='ltr'><strong>ut</strong></span> <span class='ocrx_word' id='word_1_307' title='bbox 508 2430 585 2453; x_wconf 87' lang='lat' dir='ltr'><strong>cum</strong></span> <span class='ocrx_word' id='word_1_308' title='bbox 611 2420 763 2454; x_wconf 64' lang='lat' dir='ltr'><strong>Ili-:ymo</strong></span> <span class='ocrx_word' id='word_1_309' title='bbox 790 2422 921 2464; x_wconf 83' lang='lat' dir='ltr'><strong>loquar.</strong></span> <span class='ocrx_word' id='word_1_310' title='bbox 971 2421 1078 2456; x_wconf 82' lang='lat' dir='ltr'><strong>deus</strong></span> <span class='ocrx_word' id='word_1_311' title='bbox 1103 2426 1217 2455; x_wconf 83' lang='lat' dir='ltr'><strong>autem</strong></span> <span class='ocrx_word' id='word_1_312' title='bbox 1242 2426 1293 2455; x_wconf 88' lang='lat' dir='ltr'><strong>est</strong></span> <span class='ocrx_word' id='word_1_313' title='bbox 1317 2421 1407 2462; x_wconf 75' lang='lat' dir='ltr'><strong>Lar,</strong></span> <span class='ocrx_word' id='word_1_314' title='bbox 1434 2424 1472 2454; x_wconf 88' lang='lat' dir='ltr'><strong>ut</strong></span> <span class='ocrx_word' id='word_1_315' title='bbox 1497 2425 1593 2464; x_wconf 85' lang='lat' dir='ltr'><strong>patet</strong></span> 
     </span>
     <span class='ocr_line' id='line_1_36' title="bbox 248 2485 1593 2531; baseline 0 -11"><span class='ocrx_word' id='word_1_316' title='bbox 248 2498 289 2520; x_wconf 79' lang='lat' dir='ltr'><strong>ex</strong></span> <span class='ocrx_word' id='word_1_317' title='bbox 318 2487 558 2529; x_wconf 86' lang='lat' dir='ltr'><strong>sequentibus:</strong></span> <span class='ocrx_word' id='word_1_318' title='bbox 598 2486 668 2518; x_wconf 82' lang='lat' dir='ltr'><strong>IIic</strong></span> <span class='ocrx_word' id='word_1_319' title='bbox 702 2486 874 2531; x_wconf 73' lang='lat' dir='ltr'><strong>placatus</strong></span> <span class='ocrx_word' id='word_1_320' title='bbox 914 2493 992 2520; x_wconf 79' lang='lat' dir='ltr'><strong>erat</strong></span> <span class='ocrx_word' id='word_1_321' title='bbox 1033 2492 1098 2522; x_wconf 85' lang='lat' dir='ltr'><strong>etc.</strong></span> <span class='ocrx_word' id='word_1_322' title='bbox 1137 2497 1224 2530; x_wconf 85' lang='lat' dir='ltr'><strong>quae</strong></span> <span class='ocrx_word' id='word_1_323' title='bbox 1264 2485 1444 2520; x_wconf 79' lang='lat' dir='ltr'><strong>manifesto</strong></span> <span class='ocrx_word' id='word_1_324' title='bbox 1485 2486 1593 2520; x_wconf 85' lang='lat' dir='ltr'><strong>Lares</strong></span> 
     </span>
     <span class='ocr_line' id='line_1_37' title="bbox 244 2550 1591 2598; baseline 0 -12"><span class='ocrx_word' id='word_1_325' title='bbox 244 2557 410 2597; x_wconf 81' lang='lat' dir='ltr'><strong>spectant.</strong></span> <span class='ocrx_word' id='word_1_326' title='bbox 462 2553 622 2587; x_wconf 83' lang='lat' dir='ltr'><strong>Ceterum</strong></span> <span class='ocrx_word' id='word_1_327' title='bbox 648 2552 690 2587; x_wconf 87' lang='lat' dir='ltr'><strong>de</strong></span> <span class='ocrx_word' id='word_1_328' title='bbox 713 2555 985 2589; x_wconf 84' lang='lat' dir='ltr'><strong>constructione:</strong></span> <span class='ocrx_word' id='word_1_329' title='bbox 1009 2564 1164 2598; x_wconf 76' lang='lat' dir='ltr'><strong>paupere</strong></span> <span class='ocrx_word' id='word_1_330' title='bbox 1194 2550 1295 2585; x_wconf 75' lang='lat' dir='ltr'><strong>culta</strong></span> <span class='ocrx_word' id='word_1_331' title='bbox 1320 2556 1436 2589; x_wconf 73' lang='lat' dir='ltr'><strong>stare,</strong></span> <span class='ocrx_word' id='word_1_332' title='bbox 1463 2551 1506 2585; x_wconf 84' lang='lat' dir='ltr'><strong>cf.</strong></span> <span class='ocrx_word' id='word_1_333' title='bbox 1531 2552 1591 2592; x_wconf 80' lang='lat' dir='ltr'><strong>lv,</strong></span> 
     </span>
     <span class='ocr_line' id='line_1_38' title="bbox 246 2619 1589 2666; baseline -0.001 -12"><span class='ocrx_word' id='word_1_334' title='bbox 246 2624 278 2662; x_wconf 76' lang='lat'><strong>2,</strong></span> <span class='ocrx_word' id='word_1_335' title='bbox 309 2623 370 2654; x_wconf 87' lang='lat'><strong>11:</strong></span> <span class='ocrx_word' id='word_1_336' title='bbox 415 2619 523 2665; x_wconf 53' lang='lat' dir='ltr'><strong>&#39;lyr-ia</strong></span> <span class='ocrx_word' id='word_1_337' title='bbox 547 2620 730 2665; x_wconf 69' lang='lat' dir='ltr'><strong>procedere</strong></span> <span class='ocrx_word' id='word_1_338' title='bbox 753 2621 874 2666; x_wconf 77' lang='lat' dir='ltr'><strong>palla,</strong></span> <span class='ocrx_word' id='word_1_339' title='bbox 915 2622 1101 2656; x_wconf 59' lang='lat' dir='ltr'><strong>Puomznr.</strong></span> <span class='ocrx_word' id='word_1_340' title='bbox 1130 2621 1154 2654; x_wconf 85' lang='lat' dir='ltr'><strong>I.</strong></span> <span class='ocrx_word' id='word_1_341' title='bbox 1180 2622 1215 2662; x_wconf 80' lang='lat'><strong>2,</strong></span> <span class='ocrx_word' id='word_1_342' title='bbox 1242 2622 1281 2652; x_wconf 90' lang='lat' dir='ltr'><strong>l:</strong></span> <span class='ocrx_word' id='word_1_343' title='bbox 1322 2625 1446 2653; x_wconf 76' lang='lat' dir='ltr'><strong>ornato</strong></span> <span class='ocrx_word' id='word_1_344' title='bbox 1466 2630 1589 2664; x_wconf 75' lang='lat' dir='ltr'><strong>proce-</strong></span> 
     </span>
    </p>
   </div>
   <div class='ocr_carea' id='block_1_3' title="bbox 1710 384 1721 1742">
    <p class='ocr_par' dir='ltr' id='par_1_5' title="bbox 1710 384 1721 1742">
     <span class='ocr_line' id='line_1_39' title="bbox 1710 384 1721 1742; baseline 0 0"><span class='ocrx_word' id='word_1_345' title='bbox 1710 384 1721 1742; x_wconf 95' lang='lat' dir='ltr'><strong> </strong></span> 
     </span>
    </p>
   </div>
  </div>
 </body>
</html>
