1721 2953
487 147 631 187 LIBR.
662 146 714 185 ΙΙ.
773 144 931 185 ELEG.
964 145 1038 185 ΥΙ.
1333 149 1412 185 309

72 268 107 297 et
132 263 196 297 hae
220 264 357 307 quidem
382 264 484 304 lacte,
509 262 620 302 melle,
646 270 747 302 aqua,
774 259 862 300 vino,
888 260 965 292 oleo
992 259 1193 293 constabant
1219 263 1255 292 ut
1281 262 1411 299 notum,

72 332 139 364 vid.
166 342 197 365 v.
220 342 249 365 e.
276 331 408 364 Auscu-
432 330 529 363 Pers.
555 339 586 360 v.
612 330 693 360 610.
726 327 841 370 ibique
875 327 1068 371 interprett.
1101 331 1135 360 et
1168 326 1406 358 chnmmw.

71 399 114 432 de
137 398 293 431 Funerib.
315 398 415 430 Rom.
435 396 496 437 IV,
518 398 551 428 2.
602 395 735 429 Odores
760 398 873 428 autem
896 395 1037 427 vidimus
1063 395 1090 438 I,
1117 397 1150 436 3,
1175 397 1206 427 7.
1233 403 1346 436 supra.
1366 411 1408 416 -—-

71 468 193 496 serta
224 462 267 495 cf.
293 471 394 503 supra
423 460 467 501 ΙΙ,
494 462 527 501 4,
556 462 613 494 48.
664 460 766 495 Quod
801 459 884 493 haec
916 461 1104 494 madefacta
1139 463 1238 493 erunt
1261 457 1409 491 lacrimis

71 532 210 571 poetae,
247 528 370 560 iterum
395 527 536 559 mirifice
569 525 612 559 ad
639 526 800 559 affectum
825 526 1062 560 concitandum
1086 526 1186 559 valet.
1236 525 1408 557 Bnoucu—

67 602 194 625 nesius
219 591 352 624 confert
376 592 484 625 Ovn).
509 592 613 627 Trist.
641 591 701 633 111,
726 594 760 633 3,
785 593 851 624 81:
891 593 941 623 Τιι
970 599 1085 625 tamen
1108 591 1282 623 emi-tincto
1301 588 1408 633 sera-

65 658 116 690 lia
140 670 284 691 munera
298 658 411 703 serto,
436 661 559 705 Deque
580 658 654 691 tuis
676 658 830 690 lacrimis
855 658 1001 690 humida
1025 666 1121 691 serta
1148 658 1242 690 (lato.
1293 657 1404 698 Atque

68 724 131 757 hoc
164 725 265 757 modo
300 726 464 769 propitios
501 727 565 759 sibi
603 725 724 759 reddet
760 726 882 759 Manes
919 726 1065 766 sororis,
1105 736 1247 768 quorum
1282 723 1404 756 deinde

64 802 165 835 opem
192 793 396 836 implorabit.
419 812 467 818 -—
507 793 642 826 Illius
676 793 728 826 ad
763 794 982 826 tumulum
1020 794 1208 834 fugiam.
1247 795 1406 832 tanquam

64 858 105 890 ad
132 859 284 900 asylum,
318 863 357 891 ut
382 859 472 891 servi
507 870 527 892 a
561 859 706 892 dominis
730 859 818 892 male
843 858 947 891 habiti
976 858 1145 900 fugientes
1170 856 1212 889 ad
1237 856 1405 899 sepulcra,

63 923 105 956 ad
131 923 217 964 fana,
242 923 284 956 ad
311 935 387 957 aras
411 924 564 960 deorum.
616 926 702 959 Mox
727 926 917 967 sedebo,
951 936 994 958 ex
1020 935 1114 957 more
1138 924 1340 966 supplicum,
1366 925 1406 954 ut

60 988 260 1031 lugentium.
309 990 399 1024 Vide
423 990 714 1024 BRoucKuusmM
739 994 774 1024 et
807 992 999 1032 Vnnprmn,
1034 994 1137 1032 atque
1163 992 1200 1021 ut
1234 998 1335 1020 unum
1371 989 1406 1019 et

60 1057 204 1090 alterum
229 1058 342 1091 locum
367 1057 542 1100 addamus,
567 1059 666 1092 Hom.
694 1059 820 1100 Odyss.
846 1058 925 1100 VII,
952 1060 1031 1091 153.
1058 1060 1137 1090 160.
1164 1056 1405 1088 DEMQSTHEN.

63 1123 105 1156 de
132 1123 266 1156 Corona
293 1136 326 1167 p.
346 1127 428 1158 262.
447 1142 493 1151 -
520 1136 610 1158 mea
636 1124 732 1158 fata
759 1135 919 1167 querar
944 1135 1037 1157 cum
1062 1123 1232 1161 cinere,
1259 1119 1404 1152 narrabo

61 1189 167 1221 cineri
194 1188 262 1221 fata
287 1199 372 1230 mea,
398 1201 522 1232 querar
546 1190 589 1222 ei.
637 1190 676 1222 ln
703 1201 770 1232 quo
797 1189 885 1221 cinis
910 1201 961 1233 pr.
987 1189 1157 1230 Manibus,
1186 1190 1221 1220 ut
1241 1187 1404 1218 CATULL.

61 1255 117 1296 CI,
143 1257 182 1287 4:
221 1260 257 1286 et
291 1261 426 1286 mutam
460 1256 692 1300 nequicquam
729 1254 928 1300 alloquerer
961 1254 1118 1286 cinerem.
1167 1255 1275 1286 Porro
1301 1252 1404 1292 vulgo

60 1320 159 1365 queri
198 1333 274 1352 cum
313 1321 434 1365 aliquo
475 1325 526 1354 est
562 1323 782 1364 expostulare
820 1332 897 1355 cum
936 1322 1072 1364 aliquo,
1121 1323 1262 1354 notante
1301 1318 1403 1351 etiam

56 1385 259 1426 Hnscmuo,
286 1386 377 1427 quod
403 1386 529 1419 docent
554 1388 686 1428 lexica3
713 1388 806 1420 aliud
832 1398 915 1420 vero
940 1397 1030 1420 nune
1058 1391 1111 1419 est
1137 1384 1237 1430 queri
1262 1382 1405 1428 aliquid

55 1461 134 1481 cum
163 1449 297 1496 aliquo.
346 1455 396 1484 Ac
422 1451 635 1484 Huscuxms
662 1453 795 1486 confert
817 1453 928 1486 Sopn.
955 1451 1085 1484 Electr.
1114 1453 1222 1483 1119:
1259 1438 1284 1481 οἷ
1312 1450 1403 1487 Ξεῖνε,

55 1511 116 1550 ὁὸς
139 1515 198 1546 νῦν
223 1511 307 1559 πρᾶς
340 1516 447 1555 θεῶν,
482 1517 572 1561 εἴπερ
608 1513 687 1549 τόδε
711 1518 886 1550 Κέκευθέν
920 1514 1024 1549 αὐτ-ὂν
1057 1517 1196 1558 τεῦχος,
1232 1516 1263 1551 ἐς
1286 1522 1404 1559 χεῖρας

56 1582 190 1622 λαβεῖν,
217 1575 340 1619 (Ὀῖτως
373 1579 523 1627 ἐμαυτήν
558 1585 615 1615 καὶ
638 1586 743 1625 ,γένος
776 1581 816 1616 τὸ
856 1585 922 1616 πᾶν
956 1580 1040 1621 ὁμοῦ
1067 1581 1133 1615 Ξῦιι
1159 1583 1243 1628 τῇδε
1270 1578 1404 1614 κλαύσω

55 1644 303 1691 κάποδύρωμαι
337 1648 474 1690 σποδῷ,
512 1649 697 1691 repetitum
732 1649 833 1681 etiam
867 1661 886 1680 a
912 1650 1135 1689 Gomsssaro,
1172 1647 1263 1690 quod
1290 1651 1402 1680 tamen

54 1710 202 1743 alienum
226 1714 279 1743 est
311 1714 346 1743 et
371 1711 457 1743 alius
481 1711 751 1752 significationis.
801 1710 1025 1754 Comparabis
1052 1711 1167 1754 potius
1194 1710 1402 1742 locutionem

55 1787 155 1807 orare
180 1781 293 1806 tecum
317 1786 371 1818 ap.
397 1776 535 1808 Ρωυτ.
564 1776 662 1810 Pers.
688 1775 715 1817 I,
740 1778 773 1816 3,
798 1778 854 1808 37.
896 1777 1033 1809 Cui-cni.
1061 1776 1122 1816 ΙΙΙ,
1149 1778 1183 1816 3,
1211 1777 1267 1807 62.
1309 1774 1401 1807 Rud.

54 1841 116 1882 ΙΙΙ,
141 1843 174 1882 4,
201 1844 257 1874 68.
291 1845 327 1873 et
359 1841 530 1874 Tfflzfflw.
565 1841 695 1884 Hecyr.
732 1842 791 1882 lv,
827 1844 860 1881 4,
897 1845 953 1874 64.
1004 1842 1093 1874 Tum
1130 1841 1172 1874 de
1211 1841 1402 1874 sententiae

54 1907 220 1940 suavitate
249 1906 430 1940 Hmmmu
456 1906 523 1948 adi,
553 1908 610 1950 qui
637 1918 709 1940 eam
736 1908 769 1940 in
795 1908 877 1950 ipsis
905 1908 1114 1951 praecordiis
1139 1906 1278 1940 haerere
1305 1908 1399 1940 dicit.

55 1975 104 2007 Ac
137 1985 180 2007 ue
214 1973 323 2015 fugiat
357 1978 392 2007 te
426 1974 631 2008 adiectivum
669 1979 836 2015 mutus,
874 1979 1078 2018 perpetuum
1113 1975 1249 2017 quidem
1277 1975 1401 2008 cineris

55 2041 250 2085 epitheton,
275 2046 311 2074 at
337 2042 460 2075 eximie
483 2053 612 2085 augens
639 2040 754 2080 πάθος
779 2043 855 2077 loci.
907 2043 1090 2085 'frag-icam
1116 2041 1169 2076 hic
1195 2043 1306 2076 omnia
1333 2043 1399 2077 vim

55 2106 179 2140 habent
204 2107 315 2141 iudice
341 2109 443 2141 etiam
469 2107 675 2150 Huscmuo,
701 2112 804 2150 atque
831 2109 933 2142 etiam
959 2107 1012 2142 hie
1038 2119 1110 2141 mos
1135 2107 1178 2141 ad
1203 2109 1396 2151 sepulcrum

58 2173 261 2216 implorandi
286 2174 451 2206 auxilium
478 2174 631 2207 Manium
657 2185 675 2207 e
702 2175 841 2217 tragicis
867 2179 968 2207 notus
994 2179 1057 2215 est,
1082 2174 1265 2217 laudatque
1291 2185 1401 2218 appo—

51 2240 118 2272 site
149 2239 468 2272 Wuxnmzmcmus
505 2239 626 2273 Aeson.
666 2241 764 2273 Pers.
802 2243 883 2273 218.
923 2241 1032 2273 Somr.
1073 2239 1203 2273 Electr.
1238 2242 1317 2272 453.
1362 2245 1397 2272 et

54 2308 185 2338 Aescu.
222 2304 374 2348 Choeph.
404 2308 470 2337 331
500 2316 573 2347 sqq.
608 2306 664 2338 ubi
698 2306 841 2348 legitur:
888 2305 1014 2341 Δι’παις
1050 2309 1103 2336 τοί
1137 2303 1167 2336 0‘
1200 2302 1397 2346 ἒηιιιῗμμιος

54 2372 186 2417 Θρῆνος
203 2368 425 2408 (ἷναοτενάζει.
463 2368 575 2410 Τάφος
596 2369 628 2405 δ”
643 2372 754 2409 ἱκέτας
779 2373 946 2410 δέδεκται,
969 2369 1124 2413 φυγάδας
1148 2370 1185 2404 θ’
1203 2369 1337 2411 ὁμοίως.
1352 2392 1397 2396 -—

55 2439 96 2472 V.
119 2441 165 2472 35
191 2450 264 2481 sqq.
290 2439 523 2479 clientem,
545 2440 745 2482 supplicem.
795 2440 881 2472 Mox
909 2439 1043 2471 Illius
1068 2442 1115 2471 ut
1141 2439 1297 2472 verbis
1324 2444 1396 2472 est:

55 2504 149 2545 quasi
171 2504 262 2536 illius
287 2504 418 2546 verbis,
442 2503 532 2546 quod
559 2504 719 2536 S'rA'rms
744 2504 839 2538 vidit.
889 2505 1028 2547 Optime
1055 2504 1159 2546 igitur
1186 2505 1396 2548 interpunxit

55 2567 321 2610 mensumn&
345 2574 461 2602 cetera
487 2580 553 2602 uno
576 2573 743 2601 commate
768 2571 921 2611 iungens.
971 2568 1050 2602 Noli
1071 2571 1158 2603 enim
1178 2574 1396 2603 construere:

55 2634 143 2666 Veto
169 2634 258 2666 illius
285 2635 395 2668 verbis
428 2640 464 2667 ut
497 2635 542 2667 sis
582 2634 661 2667 milii
689 2635 791 2667 lenta.
844 2634 945 2669 Quod
972 2635 1075 2668 etiam
1104 2635 1250 2669 vossms
1285 2636 1401 2668 reiecit
