<?xml version="1.0" encoding="UTF-8"?>
<!DOCTYPE html PUBLIC "-//W3C//DTD XHTML 1.0 Transitional//EN"
    "http://www.w3.org/TR/xhtml1/DTD/xhtml1-transitional.dtd">
<html xmlns="http://www.w3.org/1999/xhtml" xml:lang="en" lang="en">
 <head>
  <title>
</title>
<meta http-equiv="Content-Type" content="text/html;charset=utf-8" />
  <meta name='ocr-system' content='tesseract 3.04.00' />
  <meta name='ocr-capabilities' content='ocr_page ocr_carea ocr_par ocr_line ocrx_word'/>
</head>
<body>
  <div class='ocr_page' id='page_1' title='image "./carminaexrecensi00tibuuoft_0773.png"; bbox 0 0 1721 2953; ppageno 0'>
   <div class='ocr_carea' id='block_1_1' title="bbox 452 174 1407 220">
    <p class='ocr_par' dir='ltr' id='par_1_1' title="bbox 452 174 1407 220">
     <span class='ocr_line' id='line_1_1' title="bbox 452 174 1407 220; baseline 0.004 -4"><span class='ocrx_word' id='word_1_1' title='bbox 452 176 597 218; x_wconf 86' lang='lat' dir='ltr'>LIBR.</span> <span class='ocrx_word' id='word_1_2' title='bbox 626 176 699 216; x_wconf 91' lang='lat' dir='ltr'>IV.</span> <span class='ocrx_word' id='word_1_3' title='bbox 756 174 926 218; x_wconf 78' lang='lat' dir='ltr'>CARM.</span> <span class='ocrx_word' id='word_1_4' title='bbox 955 177 1030 217; x_wconf 84' lang='lat' dir='ltr'>VI.</span> <span class='ocrx_word' id='word_1_5' title='bbox 1328 181 1407 220; x_wconf 76' lang='lat'>447</span> 
     </span>
    </p>
   </div>
   <div class='ocr_carea' id='block_1_2' title="bbox 552 369 905 414">
    <p class='ocr_par' dir='ltr' id='par_1_2' title="bbox 552 369 905 414">
     <span class='ocr_line' id='line_1_2' title="bbox 552 369 905 414; baseline 0.006 -2"><span class='ocrx_word' id='word_1_6' title='bbox 552 369 905 414; x_wconf 86' lang='lat' dir='ltr'>EXPLICATIO.</span> 
     </span>
    </p>
   </div>
   <div class='ocr_carea' id='block_1_3' title="bbox 61 542 1410 1905">
    <p class='ocr_par' dir='ltr' id='par_1_3' title="bbox 64 542 1407 655">
     <span class='ocr_line' id='line_1_3' title="bbox 159 542 1407 594; baseline 0.003 -15"><span class='ocrx_word' id='word_1_7' title='bbox 159 545 202 579; x_wconf 90' lang='lat' dir='ltr'>V.</span> <span class='ocrx_word' id='word_1_8' title='bbox 242 546 343 578; x_wconf 89' lang='grc'><strong>1-6.</strong></span> <span class='ocrx_word' id='word_1_9' title='bbox 404 543 639 578; x_wconf 87' lang='lat' dir='ltr'>Introitus.</span> <span class='ocrx_word' id='word_1_10' title='bbox 701 542 952 578; x_wconf 84' lang='lat' dir='ltr'>Invocatur</span> <span class='ocrx_word' id='word_1_11' title='bbox 993 544 1123 588; x_wconf 88' lang='lat' dir='ltr'>Iuno,</span> <span class='ocrx_word' id='word_1_12' title='bbox 1170 550 1216 580; x_wconf 90' lang='lat' dir='ltr'>ut</span> <span class='ocrx_word' id='word_1_13' title='bbox 1254 549 1407 594; x_wconf 82' lang='lat' dir='ltr'>capiat</span> 
     </span>
     <span class='ocr_line' id='line_1_4' title="bbox 64 610 628 655; baseline 0 -10"><span class='ocrx_word' id='word_1_14' title='bbox 64 610 177 645; x_wconf 86' lang='lat' dir='ltr'>dona</span> <span class='ocrx_word' id='word_1_15' title='bbox 209 610 391 655; x_wconf 85' lang='lat' dir='ltr'>puellae</span> <span class='ocrx_word' id='word_1_16' title='bbox 422 610 628 645; x_wconf 85' lang='lat' dir='ltr'>amantis.</span> 
     </span>
    </p>

    <p class='ocr_par' dir='ltr' id='par_1_4' title="bbox 61 676 1410 1905">
     <span class='ocr_line' id='line_1_5' title="bbox 159 676 1408 721; baseline 0.002 -10"><span class='ocrx_word' id='word_1_17' title='bbox 159 678 202 712; x_wconf 91' lang='lat' dir='ltr'>V.</span> <span class='ocrx_word' id='word_1_18' title='bbox 230 680 246 710; x_wconf 90' lang='lat'>1</span> <span class='ocrx_word' id='word_1_19' title='bbox 274 688 348 720; x_wconf 85' lang='lat' dir='ltr'><strong>sqq.</strong></span> <span class='ocrx_word' id='word_1_20' title='bbox 397 676 575 710; x_wconf 88' lang='lat' dir='ltr'>Natalis</span> <span class='ocrx_word' id='word_1_21' title='bbox 614 677 737 711; x_wconf 89' lang='lat' dir='ltr'>Iuno.</span> <span class='ocrx_word' id='word_1_22' title='bbox 788 676 835 710; x_wconf 89' lang='lat' dir='ltr'>Ut</span> <span class='ocrx_word' id='word_1_23' title='bbox 870 676 932 709; x_wconf 84' lang='lat' dir='ltr'>viri</span> <span class='ocrx_word' id='word_1_24' title='bbox 971 678 1141 721; x_wconf 82' lang='lat' dir='ltr'><strong>Genium,</strong></span> <span class='ocrx_word' id='word_1_25' title='bbox 1181 679 1228 712; x_wconf 85' lang='lat' dir='ltr'>ita</span> <span class='ocrx_word' id='word_1_26' title='bbox 1264 680 1408 714; x_wconf 87' lang='lat' dir='ltr'>feminae</span> 
     </span>
     <span class='ocr_line' id='line_1_6' title="bbox 67 742 1410 786; baseline 0.001 -8"><span class='ocrx_word' id='word_1_27' title='bbox 67 745 229 779; x_wconf 89' lang='lat' dir='ltr'>Iunonem</span> <span class='ocrx_word' id='word_1_28' title='bbox 262 744 408 777; x_wconf 84' lang='lat' dir='ltr'>natalem</span> <span class='ocrx_word' id='word_1_29' title='bbox 443 744 619 786; x_wconf 88' lang='lat' dir='ltr'>colebant,</span> <span class='ocrx_word' id='word_1_30' title='bbox 656 743 700 777; x_wconf 87' lang='lat' dir='ltr'>cf.</span> <span class='ocrx_word' id='word_1_31' title='bbox 734 742 797 785; x_wconf 85' lang='lat'>111,</span> <span class='ocrx_word' id='word_1_32' title='bbox 823 745 856 784; x_wconf 87' lang='grc'>6,</span> <span class='ocrx_word' id='word_1_33' title='bbox 884 744 940 777; x_wconf 82' lang='grc'>48.</span> <span class='ocrx_word' id='word_1_34' title='bbox 966 762 1010 767; x_wconf 91' lang='grc'><strong>-</strong></span> <span class='ocrx_word' id='word_1_35' title='bbox 1051 745 1169 778; x_wconf 85' lang='lat' dir='ltr'>turis</span> <span class='ocrx_word' id='word_1_36' title='bbox 1207 756 1410 780; x_wconf 88' lang='lat' dir='ltr'>acervos.</span> 
     </span>
     <span class='ocr_line' id='line_1_7' title="bbox 66 808 1407 856; baseline 0.002 -13"><span class='ocrx_word' id='word_1_37' title='bbox 66 810 163 844; x_wconf 86' lang='lat' dir='ltr'>Haec</span> <span class='ocrx_word' id='word_1_38' title='bbox 189 810 289 843; x_wconf 85' lang='lat' dir='ltr'>lectio</span> <span class='ocrx_word' id='word_1_39' title='bbox 315 811 386 843; x_wconf 87' lang='lat' dir='ltr'>sola</span> <span class='ocrx_word' id='word_1_40' title='bbox 411 811 646 844; x_wconf 87' lang='lat' dir='ltr'>auctoritatem</span> <span class='ocrx_word' id='word_1_41' title='bbox 673 808 793 852; x_wconf 84' lang='lat' dir='ltr'>habet,</span> <span class='ocrx_word' id='word_1_42' title='bbox 831 810 911 842; x_wconf 87' lang='lat' dir='ltr'>licet</span> <span class='ocrx_word' id='word_1_43' title='bbox 936 809 1108 853; x_wconf 84' lang='lat' dir='ltr'>pulchrius</span> <span class='ocrx_word' id='word_1_44' title='bbox 1134 811 1290 845; x_wconf 83' lang='lat' dir='ltr'>videatur</span> <span class='ocrx_word' id='word_1_45' title='bbox 1315 814 1407 856; x_wconf 86' lang='lat' dir='ltr'>quod</span> 
     </span>
     <span class='ocr_line' id='line_1_8' title="bbox 67 876 1407 920; baseline 0.002 -11"><span class='ocrx_word' id='word_1_46' title='bbox 67 877 124 909; x_wconf 86' lang='lat' dir='ltr'>alii</span> <span class='ocrx_word' id='word_1_47' title='bbox 157 876 292 919; x_wconf 90' lang='lat' dir='ltr'>quidam</span> <span class='ocrx_word' id='word_1_48' title='bbox 324 876 401 909; x_wconf 77' lang='lat' dir='ltr'>libri</span> <span class='ocrx_word' id='word_1_49' title='bbox 437 876 604 919; x_wconf 80' lang='lat' dir='ltr'>offerunt,</span> <span class='ocrx_word' id='word_1_50' title='bbox 643 876 801 911; x_wconf 73' lang='lat' dir='ltr'>honores.</span> <span class='ocrx_word' id='word_1_51' title='bbox 849 876 910 910; x_wconf 85' lang='lat' dir='ltr'>Sic</span> <span class='ocrx_word' id='word_1_52' title='bbox 943 877 1102 910; x_wconf 88' lang='lat' dir='ltr'><strong>Tibullus</strong></span> <span class='ocrx_word' id='word_1_53' title='bbox 1126 877 1153 920; x_wconf 90' lang='lat' dir='ltr'>l,</span> <span class='ocrx_word' id='word_1_54' title='bbox 1182 882 1215 919; x_wconf 80' lang='lat'>7,</span> <span class='ocrx_word' id='word_1_55' title='bbox 1241 882 1306 912; x_wconf 87' lang='lat'>53:</span> <span class='ocrx_word' id='word_1_56' title='bbox 1341 879 1407 911; x_wconf 79' lang='lat' dir='ltr'>tihi</span> 
     </span>
     <span class='ocr_line' id='line_1_9' title="bbox 63 940 1409 978; baseline 0.004 -6"><span class='ocrx_word' id='word_1_57' title='bbox 63 940 137 972; x_wconf 82' lang='lat' dir='ltr'>dem</span> <span class='ocrx_word' id='word_1_58' title='bbox 169 940 263 973; x_wconf 81' lang='lat' dir='ltr'>turis</span> <span class='ocrx_word' id='word_1_59' title='bbox 295 940 452 975; x_wconf 74' lang='lat' dir='ltr'>honores.</span> <span class='ocrx_word' id='word_1_60' title='bbox 502 940 600 974; x_wconf 80' lang='lat' dir='ltr'>Adde</span> <span class='ocrx_word' id='word_1_61' title='bbox 632 941 923 974; x_wconf 76' lang='lat' dir='ltr'>Bnoucrfflusmm</span> <span class='ocrx_word' id='word_1_62' title='bbox 957 941 999 974; x_wconf 90' lang='lat' dir='ltr'>ad</span> <span class='ocrx_word' id='word_1_63' title='bbox 1034 946 1138 976; x_wconf 82' lang='lat' dir='ltr'>nostr.</span> <span class='ocrx_word' id='word_1_64' title='bbox 1165 944 1230 978; x_wconf 90' lang='lat' dir='ltr'>loc.</span> <span class='ocrx_word' id='word_1_65' title='bbox 1256 948 1290 977; x_wconf 87' lang='lat' dir='ltr'>et</span> <span class='ocrx_word' id='word_1_66' title='bbox 1317 945 1409 977; x_wconf 59' lang='lat' dir='ltr'>Pis-</span> 
     </span>
     <span class='ocr_line' id='line_1_10' title="bbox 63 1007 1410 1051; baseline 0.001 -10"><span class='ocrx_word' id='word_1_67' title='bbox 63 1018 247 1042; x_wconf 64' lang='lat' dir='ltr'>smu&#39;rmm</span> <span class='ocrx_word' id='word_1_68' title='bbox 283 1007 326 1041; x_wconf 92' lang='lat' dir='ltr'>ad</span> <span class='ocrx_word' id='word_1_69' title='bbox 357 1008 529 1051; x_wconf 85' lang='lat' dir='ltr'>Propertii</span> <span class='ocrx_word' id='word_1_70' title='bbox 552 1008 613 1050; x_wconf 91' lang='lat' dir='ltr'>IV,</span> <span class='ocrx_word' id='word_1_71' title='bbox 647 1012 679 1050; x_wconf 88' lang='lat'>6,</span> <span class='ocrx_word' id='word_1_72' title='bbox 705 1011 748 1042; x_wconf 86' lang='lat'>5:</span> <span class='ocrx_word' id='word_1_73' title='bbox 789 1009 931 1041; x_wconf 82' lang='lat' dir='ltr'>Costum</span> <span class='ocrx_word' id='word_1_74' title='bbox 966 1008 1066 1041; x_wconf 76' lang='lat' dir='ltr'>molle</span> <span class='ocrx_word' id='word_1_75' title='bbox 1101 1009 1185 1042; x_wconf 83' lang='lat' dir='ltr'>date</span> <span class='ocrx_word' id='word_1_76' title='bbox 1219 1016 1254 1042; x_wconf 85' lang='lat' dir='ltr'>et</span> <span class='ocrx_word' id='word_1_77' title='bbox 1288 1009 1410 1044; x_wconf 79' lang='lat' dir='ltr'>blandi</span> 
     </span>
     <span class='ocr_line' id='line_1_11' title="bbox 67 1071 1409 1119; baseline 0.004 -15"><span class='ocrx_word' id='word_1_78' title='bbox 67 1071 153 1104; x_wconf 58' lang='lat' dir='ltr'>milli</span> <span class='ocrx_word' id='word_1_79' title='bbox 186 1072 280 1105; x_wconf 80' lang='lat' dir='ltr'>turis</span> <span class='ocrx_word' id='word_1_80' title='bbox 315 1073 473 1109; x_wconf 75' lang='lat' dir='ltr'>honores.</span> <span class='ocrx_word' id='word_1_81' title='bbox 496 1091 543 1096; x_wconf 93' lang='lat'>—</span> <span class='ocrx_word' id='word_1_82' title='bbox 583 1072 719 1106; x_wconf 86' lang='lat' dir='ltr'>docta</span> <span class='ocrx_word' id='word_1_83' title='bbox 757 1076 809 1106; x_wconf 87' lang='lat' dir='ltr'>est</span> <span class='ocrx_word' id='word_1_84' title='bbox 846 1074 938 1106; x_wconf 82' lang='lat' dir='ltr'>culto</span> <span class='ocrx_word' id='word_1_85' title='bbox 975 1074 1112 1117; x_wconf 83' lang='lat' dir='ltr'>ingenio</span> <span class='ocrx_word' id='word_1_86' title='bbox 1148 1076 1285 1119; x_wconf 84' lang='lat' dir='ltr'>puella,</span> <span class='ocrx_word' id='word_1_87' title='bbox 1321 1087 1409 1119; x_wconf 87' lang='lat' dir='ltr'>quae</span> 
     </span>
     <span class='ocr_line' id='line_1_12' title="bbox 66 1138 1409 1184; baseline 0.003 -13"><span class='ocrx_word' id='word_1_88' title='bbox 66 1139 185 1182; x_wconf 90' lang='lat' dir='ltr'>poesin</span> <span class='ocrx_word' id='word_1_89' title='bbox 222 1139 381 1181; x_wconf 87' lang='lat' dir='ltr'>intelligit</span> <span class='ocrx_word' id='word_1_90' title='bbox 416 1143 451 1172; x_wconf 86' lang='lat' dir='ltr'>et</span> <span class='ocrx_word' id='word_1_91' title='bbox 486 1139 637 1173; x_wconf 84' lang='lat' dir='ltr'>iudicare</span> <span class='ocrx_word' id='word_1_92' title='bbox 677 1138 720 1173; x_wconf 89' lang='lat' dir='ltr'>de</span> <span class='ocrx_word' id='word_1_93' title='bbox 764 1140 970 1173; x_wconf 76' lang='lat' dir='ltr'>carminibus</span> <span class='ocrx_word' id='word_1_94' title='bbox 1011 1144 1146 1184; x_wconf 86' lang='lat' dir='ltr'>potest,</span> <span class='ocrx_word' id='word_1_95' title='bbox 1185 1145 1223 1174; x_wconf 93' lang='lat' dir='ltr'>ut</span> <span class='ocrx_word' id='word_1_96' title='bbox 1262 1141 1409 1184; x_wconf 82' lang='lat' dir='ltr'>Cynthia</span> 
     </span>
     <span class='ocr_line' id='line_1_13' title="bbox 66 1203 1409 1250; baseline 0.002 -13"><span class='ocrx_word' id='word_1_97' title='bbox 66 1204 292 1246; x_wconf 63' lang='lat' dir='ltr'>Pnopmwn,</span> <span class='ocrx_word' id='word_1_98' title='bbox 327 1203 370 1238; x_wconf 87' lang='lat' dir='ltr'>cf.</span> <span class='ocrx_word' id='word_1_99' title='bbox 395 1204 422 1246; x_wconf 83' lang='grc' dir='ltr'>Ι,</span> <span class='ocrx_word' id='word_1_100' title='bbox 447 1207 482 1245; x_wconf 87' lang='grc'>7,</span> <span class='ocrx_word' id='word_1_101' title='bbox 506 1206 562 1238; x_wconf 88' lang='grc'>11.</span> <span class='ocrx_word' id='word_1_102' title='bbox 588 1203 632 1245; x_wconf 88' lang='grc' dir='ltr'>ΙΙ,</span> <span class='ocrx_word' id='word_1_103' title='bbox 662 1206 717 1245; x_wconf 87' lang='grc'>13,</span> <span class='ocrx_word' id='word_1_104' title='bbox 746 1206 821 1246; x_wconf 76' lang='grc'>11.,</span> <span class='ocrx_word' id='word_1_105' title='bbox 858 1209 918 1237; x_wconf 83' lang='lat' dir='ltr'>aut</span> <span class='ocrx_word' id='word_1_106' title='bbox 942 1206 1044 1239; x_wconf 87' lang='lat' dir='ltr'>etiam</span> <span class='ocrx_word' id='word_1_107' title='bbox 1071 1206 1145 1250; x_wconf 86' lang='lat' dir='ltr'>ipsa</span> <span class='ocrx_word' id='word_1_108' title='bbox 1170 1217 1286 1240; x_wconf 83' lang='lat' dir='ltr'>versus</span> <span class='ocrx_word' id='word_1_109' title='bbox 1316 1206 1409 1248; x_wconf 80' lang='lat' dir='ltr'>facit,</span> 
     </span>
     <span class='ocr_line' id='line_1_14' title="bbox 63 1269 1409 1315; baseline 0.001 -12"><span class='ocrx_word' id='word_1_110' title='bbox 63 1269 106 1304; x_wconf 92' lang='lat' dir='ltr'>cf.</span> <span class='ocrx_word' id='word_1_111' title='bbox 143 1271 238 1304; x_wconf 83' lang='lat' dir='ltr'>locos</span> <span class='ocrx_word' id='word_1_112' title='bbox 271 1281 326 1314; x_wconf 85' lang='lat' dir='ltr'>ap.</span> <span class='ocrx_word' id='word_1_113' title='bbox 360 1271 671 1313; x_wconf 63' lang='lat' dir='ltr'>Bnoucrnusmm,</span> <span class='ocrx_word' id='word_1_114' title='bbox 711 1275 748 1304; x_wconf 87' lang='lat' dir='ltr'>ut</span> <span class='ocrx_word' id='word_1_115' title='bbox 782 1272 986 1315; x_wconf 87' lang='lat' dir='ltr'>Sempronia</span> <span class='ocrx_word' id='word_1_116' title='bbox 1012 1273 1190 1306; x_wconf 68' lang='lat' dir='ltr'>SALLUST.</span> <span class='ocrx_word' id='word_1_117' title='bbox 1224 1273 1324 1306; x_wconf 82' lang='lat' dir='ltr'>Catil.</span> <span class='ocrx_word' id='word_1_118' title='bbox 1349 1274 1409 1305; x_wconf 81' lang='lat'>25.</span> 
     </span>
     <span class='ocr_line' id='line_1_15' title="bbox 65 1337 1406 1381; baseline 0.001 -11"><span class='ocrx_word' id='word_1_119' title='bbox 65 1341 100 1370; x_wconf 87' lang='lat' dir='ltr'>et</span> <span class='ocrx_word' id='word_1_120' title='bbox 134 1337 329 1371; x_wconf 88' lang='lat' dir='ltr'>doctissima</span> <span class='ocrx_word' id='word_1_121' title='bbox 361 1337 488 1370; x_wconf 81' lang='lat' dir='ltr'>Petilia</span> <span class='ocrx_word' id='word_1_122' title='bbox 528 1337 618 1381; x_wconf 90' lang='lat' dir='ltr'>apud</span> <span class='ocrx_word' id='word_1_123' title='bbox 655 1338 763 1372; x_wconf 82' lang='lat' dir='ltr'>Ole.</span> <span class='ocrx_word' id='word_1_124' title='bbox 796 1337 902 1372; x_wconf 86' lang='lat' dir='ltr'>Trist.</span> <span class='ocrx_word' id='word_1_125' title='bbox 937 1338 1000 1380; x_wconf 86' lang='lat'>111,</span> <span class='ocrx_word' id='word_1_126' title='bbox 1035 1342 1068 1381; x_wconf 79' lang='lat'>7,</span> <span class='ocrx_word' id='word_1_127' title='bbox 1102 1342 1159 1373; x_wconf 83' lang='lat'>31.</span> <span class='ocrx_word' id='word_1_128' title='bbox 1209 1340 1281 1372; x_wconf 87' lang='lat' dir='ltr'>Res</span> <span class='ocrx_word' id='word_1_129' title='bbox 1315 1344 1406 1373; x_wconf 85' lang='lat' dir='ltr'>nota.</span> 
     </span>
     <span class='ocr_line' id='line_1_16' title="bbox 63 1402 1410 1439; baseline 0.003 -5"><span class='ocrx_word' id='word_1_130' title='bbox 63 1402 200 1435; x_wconf 88' lang='lat' dir='ltr'>Monuit</span> <span class='ocrx_word' id='word_1_131' title='bbox 226 1402 330 1434; x_wconf 83' lang='lat' dir='ltr'>etiam</span> <span class='ocrx_word' id='word_1_132' title='bbox 364 1402 510 1434; x_wconf 79' lang='lat' dir='ltr'>Vossms</span> <span class='ocrx_word' id='word_1_133' title='bbox 546 1402 578 1433; x_wconf 90' lang='lat' dir='ltr'>in</span> <span class='ocrx_word' id='word_1_134' title='bbox 614 1402 833 1435; x_wconf 82' lang='lat' dir='ltr'>Praesatione</span> <span class='ocrx_word' id='word_1_135' title='bbox 855 1403 898 1436; x_wconf 85' lang='lat' dir='ltr'>ad</span> <span class='ocrx_word' id='word_1_136' title='bbox 919 1403 1196 1438; x_wconf 86' lang='lat' dir='ltr'>&#39;Translationem</span> <span class='ocrx_word' id='word_1_137' title='bbox 1226 1406 1410 1439; x_wconf 84' lang='lat' dir='ltr'>Germani-</span> 
     </span>
     <span class='ocr_line' id='line_1_17' title="bbox 62 1465 1409 1511; baseline 0.001 -10"><span class='ocrx_word' id='word_1_138' title='bbox 62 1478 147 1501; x_wconf 92' lang='lat' dir='ltr'>cam.</span> <span class='ocrx_word' id='word_1_139' title='bbox 197 1467 292 1500; x_wconf 85' lang='lat' dir='ltr'>Talis</span> <span class='ocrx_word' id='word_1_140' title='bbox 315 1465 380 1500; x_wconf 86' lang='lat' dir='ltr'>fuit</span> <span class='ocrx_word' id='word_1_141' title='bbox 404 1467 506 1500; x_wconf 88' lang='lat' dir='ltr'>etiam</span> <span class='ocrx_word' id='word_1_142' title='bbox 533 1466 707 1510; x_wconf 85' lang='lat' dir='ltr'>Sulpicia,</span> <span class='ocrx_word' id='word_1_143' title='bbox 744 1477 845 1510; x_wconf 89' lang='lat' dir='ltr'>quam</span> <span class='ocrx_word' id='word_1_144' title='bbox 878 1467 952 1501; x_wconf 90' lang='lat' dir='ltr'>iure</span> <span class='ocrx_word' id='word_1_145' title='bbox 977 1469 1119 1511; x_wconf 81' lang='lat' dir='ltr'>colligas</span> <span class='ocrx_word' id='word_1_146' title='bbox 1145 1479 1262 1502; x_wconf 83' lang='lat' dir='ltr'>versus</span> <span class='ocrx_word' id='word_1_147' title='bbox 1294 1470 1409 1503; x_wconf 84' lang='lat' dir='ltr'>facere</span> 
     </span>
     <span class='ocr_line' id='line_1_18' title="bbox 62 1532 1409 1579; baseline 0 -11"><span class='ocrx_word' id='word_1_148' title='bbox 62 1536 235 1579; x_wconf 87' lang='lat' dir='ltr'>potuisse,</span> <span class='ocrx_word' id='word_1_149' title='bbox 277 1544 354 1567; x_wconf 86' lang='lat' dir='ltr'>cum</span> <span class='ocrx_word' id='word_1_150' title='bbox 389 1537 521 1577; x_wconf 87' lang='lat' dir='ltr'><strong>septem</strong></span> <span class='ocrx_word' id='word_1_151' title='bbox 558 1532 676 1567; x_wconf 88' lang='lat' dir='ltr'>horum</span> <span class='ocrx_word' id='word_1_152' title='bbox 702 1534 886 1567; x_wconf 87' lang='lat' dir='ltr'>carminum</span> <span class='ocrx_word' id='word_1_153' title='bbox 912 1537 1014 1577; x_wconf 88' lang='lat' dir='ltr'>poeta</span> <span class='ocrx_word' id='word_1_154' title='bbox 1045 1534 1180 1567; x_wconf 79' lang='lat' dir='ltr'>finxerit</span> <span class='ocrx_word' id='word_1_155' title='bbox 1214 1545 1287 1568; x_wconf 86' lang='lat' dir='ltr'>eam</span> <span class='ocrx_word' id='word_1_156' title='bbox 1323 1535 1409 1568; x_wconf 86' lang='lat' dir='ltr'>scri-</span> 
     </span>
     <span class='ocr_line' id='line_1_19' title="bbox 63 1597 1405 1644; baseline 0.002 -12"><span class='ocrx_word' id='word_1_157' title='bbox 63 1600 192 1644; x_wconf 86' lang='lat' dir='ltr'>psisse,</span> <span class='ocrx_word' id='word_1_158' title='bbox 230 1598 264 1631; x_wconf 88' lang='lat' dir='ltr'>id</span> <span class='ocrx_word' id='word_1_159' title='bbox 300 1597 392 1641; x_wconf 90' lang='lat' dir='ltr'>quod</span> <span class='ocrx_word' id='word_1_160' title='bbox 425 1598 524 1630; x_wconf 89' lang='lat' dir='ltr'>aliter</span> <span class='ocrx_word' id='word_1_161' title='bbox 557 1599 792 1631; x_wconf 85' lang='lat' dir='ltr'>non-videtur</span> <span class='ocrx_word' id='word_1_162' title='bbox 826 1599 978 1632; x_wconf 85' lang='lat' dir='ltr'>facturus</span> <span class='ocrx_word' id='word_1_163' title='bbox 1011 1599 1127 1634; x_wconf 85' lang='lat' dir='ltr'>fuisse.</span> <span class='ocrx_word' id='word_1_164' title='bbox 1178 1600 1277 1634; x_wconf 87' lang='lat' dir='ltr'>Conf.</span> <span class='ocrx_word' id='word_1_165' title='bbox 1304 1602 1405 1635; x_wconf 84' lang='lat' dir='ltr'>etiam</span> 
     </span>
     <span class='ocr_line' id='line_1_20' title="bbox 63 1661 1406 1710; baseline 0.001 -13"><span class='ocrx_word' id='word_1_166' title='bbox 63 1673 165 1697; x_wconf 89' lang='lat' dir='ltr'>carm.</span> <span class='ocrx_word' id='word_1_167' title='bbox 192 1662 268 1704; x_wconf 83' lang='lat' dir='ltr'>VII,</span> <span class='ocrx_word' id='word_1_168' title='bbox 292 1665 327 1696; x_wconf 86' lang='lat'>3.</span> <span class='ocrx_word' id='word_1_169' title='bbox 383 1661 579 1695; x_wconf 85' lang='lat' dir='ltr'>Redeamus</span> <span class='ocrx_word' id='word_1_170' title='bbox 613 1662 646 1694; x_wconf 89' lang='lat' dir='ltr'>in</span> <span class='ocrx_word' id='word_1_171' title='bbox 678 1662 785 1695; x_wconf 85' lang='lat' dir='ltr'>viam:</span> <span class='ocrx_word' id='word_1_172' title='bbox 825 1673 886 1696; x_wconf 92' lang='lat' dir='ltr'>cur</span> <span class='ocrx_word' id='word_1_173' title='bbox 918 1673 1007 1697; x_wconf 91' lang='lat' dir='ltr'>nunc</span> <span class='ocrx_word' id='word_1_174' title='bbox 1043 1663 1107 1697; x_wconf 88' lang='lat' dir='ltr'>hoc</span> <span class='ocrx_word' id='word_1_175' title='bbox 1142 1664 1315 1708; x_wconf 79' lang='lat' dir='ltr'>epitheton</span> <span class='ocrx_word' id='word_1_176' title='bbox 1343 1678 1406 1710; x_wconf 89' lang='lat' dir='ltr'>po-</span> 
     </span>
     <span class='ocr_line' id='line_1_21' title="bbox 61 1726 1406 1772; baseline 0 -8"><span class='ocrx_word' id='word_1_177' title='bbox 61 1729 191 1764; x_wconf 69' lang='lat' dir='ltr'>situm?</span> <span class='ocrx_word' id='word_1_178' title='bbox 248 1728 382 1772; x_wconf 86' lang='lat' dir='ltr'>Nempe</span> <span class='ocrx_word' id='word_1_179' title='bbox 415 1726 670 1760; x_wconf 87' lang='lat' dir='ltr'>commendatur</span> <span class='ocrx_word' id='word_1_180' title='bbox 704 1727 858 1771; x_wconf 82' lang='lat' dir='ltr'>Sulpicia</span> <span class='ocrx_word' id='word_1_181' title='bbox 891 1727 997 1762; x_wconf 86' lang='lat' dir='ltr'>favori</span> <span class='ocrx_word' id='word_1_182' title='bbox 1033 1729 1191 1771; x_wconf 87' lang='lat' dir='ltr'>1unonis;</span> <span class='ocrx_word' id='word_1_183' title='bbox 1227 1741 1302 1764; x_wconf 76' lang='lat' dir='ltr'>esse</span> <span class='ocrx_word' id='word_1_184' title='bbox 1339 1743 1406 1765; x_wconf 92' lang='lat' dir='ltr'>non</span> 
     </span>
     <span class='ocr_line' id='line_1_22' title="bbox 61 1792 1407 1840; baseline -0.001 -10"><span class='ocrx_word' id='word_1_185' title='bbox 61 1798 236 1840; x_wconf 84' lang='lat' dir='ltr'>vulgarem</span> <span class='ocrx_word' id='word_1_186' title='bbox 273 1795 420 1839; x_wconf 83' lang='lat' dir='ltr'>puellam</span> <span class='ocrx_word' id='word_1_187' title='bbox 457 1792 518 1827; x_wconf 89' lang='lat' dir='ltr'>sed</span> <span class='ocrx_word' id='word_1_188' title='bbox 557 1793 733 1826; x_wconf 86' lang='lat' dir='ltr'>cultissimi</span> <span class='ocrx_word' id='word_1_189' title='bbox 769 1794 907 1837; x_wconf 85' lang='lat' dir='ltr'>ingenii.</span> <span class='ocrx_word' id='word_1_190' title='bbox 969 1793 1083 1828; x_wconf 86' lang='lat' dir='ltr'>Etiam</span> <span class='ocrx_word' id='word_1_191' title='bbox 1121 1795 1211 1838; x_wconf 91' lang='lat' dir='ltr'>quod</span> <span class='ocrx_word' id='word_1_192' title='bbox 1249 1803 1407 1829; x_wconf 73' lang='lat' dir='ltr'>teneram</span> 
     </span>
     <span class='ocr_line' id='line_1_23' title="bbox 62 1858 1407 1905; baseline 0.001 -11"><span class='ocrx_word' id='word_1_193' title='bbox 62 1874 203 1894; x_wconf 82' lang='lat' dir='ltr'>manum</span> <span class='ocrx_word' id='word_1_194' title='bbox 227 1863 489 1901; x_wconf 77' lang='lat' dir='ltr'>commemorat,</span> <span class='ocrx_word' id='word_1_195' title='bbox 515 1859 690 1892; x_wconf 80' lang='lat' dir='ltr'>revocabis</span> <span class='ocrx_word' id='word_1_196' title='bbox 714 1858 757 1892; x_wconf 92' lang='lat' dir='ltr'>ad</span> <span class='ocrx_word' id='word_1_197' title='bbox 782 1860 887 1893; x_wconf 84' lang='lat' dir='ltr'>totius</span> <span class='ocrx_word' id='word_1_198' title='bbox 913 1871 1079 1904; x_wconf 86' lang='lat' dir='ltr'>personae</span> <span class='ocrx_word' id='word_1_199' title='bbox 1104 1862 1258 1904; x_wconf 80' lang='lat' dir='ltr'>laudem,</span> <span class='ocrx_word' id='word_1_200' title='bbox 1284 1874 1407 1905; x_wconf 83' lang='lat' dir='ltr'>quern-</span> 
     </span>
    </p>
   </div>
   <div class='ocr_carea' id='block_1_4' title="bbox 0 1923 1408 1976">
    <p class='ocr_par' dir='ltr' id='par_1_5' title="bbox 0 1923 1408 1976">
     <span class='ocr_line' id='line_1_24' title="bbox 0 1923 1408 1976; baseline 0.003 -17"><span class='ocrx_word' id='word_1_201' title='bbox 0 1967 1 1976; x_wconf 21' lang='lat'><em>*</em></span> <span class='ocrx_word' id='word_1_202' title='bbox 59 1926 241 1960; x_wconf 83' lang='lat' dir='ltr'>admodum</span> <span class='ocrx_word' id='word_1_203' title='bbox 267 1926 340 1958; x_wconf 80' lang='lat' dir='ltr'>aliis</span> <span class='ocrx_word' id='word_1_204' title='bbox 364 1925 478 1957; x_wconf 82' lang='lat' dir='ltr'>multis</span> <span class='ocrx_word' id='word_1_205' title='bbox 511 1924 594 1957; x_wconf 89' lang='lat' dir='ltr'>locis</span> <span class='ocrx_word' id='word_1_206' title='bbox 623 1923 776 1957; x_wconf 79' lang='lat' dir='ltr'>vidimus.</span> <span class='ocrx_word' id='word_1_207' title='bbox 802 1942 848 1948; x_wconf 87' lang='lat'>—</span> <span class='ocrx_word' id='word_1_208' title='bbox 886 1924 1004 1959; x_wconf 89' lang='lat' dir='ltr'>Tota</span> <span class='ocrx_word' id='word_1_209' title='bbox 1040 1926 1126 1960; x_wconf 88' lang='lat' dir='ltr'>tibi</span> <span class='ocrx_word' id='word_1_210' title='bbox 1161 1932 1231 1961; x_wconf 88' lang='lat' dir='ltr'>est</span> <span class='ocrx_word' id='word_1_211' title='bbox 1263 1928 1408 1971; x_wconf 85' lang='lat' dir='ltr'>hodie,</span> 
     </span>
    </p>
   </div>
   <div class='ocr_carea' id='block_1_5' title="bbox 0 1977 1408 2030">
    <p class='ocr_par' dir='ltr' id='par_1_6' title="bbox 0 1977 1408 2030">
     <span class='ocr_line' id='line_1_25' title="bbox 0 1977 1408 2030; baseline 0.001 -4"><span class='ocrx_word' id='word_1_212' title='bbox 0 1977 1 2000; x_wconf 33' lang='grc' dir='ltr'>ἒ</span> <span class='ocrx_word' id='word_1_213' title='bbox 60 1998 166 2026; x_wconf 88' lang='lat' dir='ltr'>totam</span> <span class='ocrx_word' id='word_1_214' title='bbox 191 2003 229 2025; x_wconf 82' lang='lat' dir='ltr'>se</span> <span class='ocrx_word' id='word_1_215' title='bbox 255 1991 353 2025; x_wconf 88' lang='lat' dir='ltr'>hodie</span> <span class='ocrx_word' id='word_1_216' title='bbox 378 1996 437 2025; x_wconf 89' lang='lat' dir='ltr'>tuo</span> <span class='ocrx_word' id='word_1_217' title='bbox 471 1991 576 2024; x_wconf 84' lang='lat' dir='ltr'>cultui</span> <span class='ocrx_word' id='word_1_218' title='bbox 612 1994 646 2024; x_wconf 87' lang='lat' dir='ltr'>et</span> <span class='ocrx_word' id='word_1_219' title='bbox 679 1990 798 2024; x_wconf 87' lang='lat' dir='ltr'>honori</span> <span class='ocrx_word' id='word_1_220' title='bbox 831 1990 1023 2026; x_wconf 84' lang='lat' dir='ltr'>destinavit.</span> <span class='ocrx_word' id='word_1_221' title='bbox 1072 1993 1125 2027; x_wconf 84' lang='lat' dir='ltr'>De</span> <span class='ocrx_word' id='word_1_222' title='bbox 1158 1995 1331 2028; x_wconf 87' lang='lat' dir='ltr'>locutione</span> <span class='ocrx_word' id='word_1_223' title='bbox 1361 1995 1408 2030; x_wconf 86' lang='lat' dir='ltr'>cf.</span> 
     </span>
    </p>
   </div>
   <div class='ocr_carea' id='block_1_6' title="bbox 60 2058 1409 2632">
    <p class='ocr_par' dir='ltr' id='par_1_7' title="bbox 60 2058 1409 2632">
     <span class='ocr_line' id='line_1_26' title="bbox 61 2058 1406 2104; baseline 0.001 -11"><span class='ocrx_word' id='word_1_224' title='bbox 61 2061 249 2094; x_wconf 78' lang='lat' dir='ltr'>PROPERT.</span> <span class='ocrx_word' id='word_1_225' title='bbox 276 2059 304 2101; x_wconf 86' lang='grc' dir='ltr'>Ι,</span> <span class='ocrx_word' id='word_1_226' title='bbox 332 2061 387 2099; x_wconf 76' lang='grc'>13,</span> <span class='ocrx_word' id='word_1_227' title='bbox 411 2059 468 2093; x_wconf 87' lang='lat' dir='ltr'>fin.</span> <span class='ocrx_word' id='word_1_228' title='bbox 492 2076 538 2083; x_wconf 85' lang='lat'>--</span> <span class='ocrx_word' id='word_1_229' title='bbox 562 2058 646 2092; x_wconf 85' lang='lat' dir='ltr'>tibi</span> <span class='ocrx_word' id='word_1_230' title='bbox 674 2069 720 2092; x_wconf 87' lang='lat' dir='ltr'>se</span> <span class='ocrx_word' id='word_1_231' title='bbox 747 2059 949 2102; x_wconf 84' lang='lat' dir='ltr'>compsit.</span> <span class='ocrx_word' id='word_1_232' title='bbox 999 2059 1187 2104; x_wconf 88' lang='lat' dir='ltr'>Comparat</span> <span class='ocrx_word' id='word_1_233' title='bbox 1213 2061 1406 2094; x_wconf 60' lang='lat' dir='ltr'>Wmvnnn-</span> 
     </span>
     <span class='ocr_line' id='line_1_27' title="bbox 61 2125 1406 2171; baseline 0.001 -11"><span class='ocrx_word' id='word_1_234' title='bbox 61 2138 205 2160; x_wconf 77' lang='lat' dir='ltr'>memus</span> <span class='ocrx_word' id='word_1_235' title='bbox 230 2126 352 2160; x_wconf 85' lang='lat' dir='ltr'>Horat.</span> <span class='ocrx_word' id='word_1_236' title='bbox 378 2126 405 2168; x_wconf 89' lang='grc' dir='ltr'>Ι,</span> <span class='ocrx_word' id='word_1_237' title='bbox 431 2129 464 2167; x_wconf 88' lang='grc'>5,</span> <span class='ocrx_word' id='word_1_238' title='bbox 486 2127 526 2158; x_wconf 78' lang='lat'>4:</span> <span class='ocrx_word' id='word_1_239' title='bbox 565 2125 621 2157; x_wconf 76' lang='lat' dir='ltr'>cui</span> <span class='ocrx_word' id='word_1_240' title='bbox 647 2126 790 2170; x_wconf 80' lang='lat' dir='ltr'>flavam</span> <span class='ocrx_word' id='word_1_241' title='bbox 825 2125 956 2171; x_wconf 81' lang='lat' dir='ltr'>religas</span> <span class='ocrx_word' id='word_1_242' title='bbox 990 2138 1133 2161; x_wconf 80' lang='lat' dir='ltr'>comam.</span> <span class='ocrx_word' id='word_1_243' title='bbox 1183 2127 1270 2161; x_wconf 80' lang='lat' dir='ltr'>Vide</span> <span class='ocrx_word' id='word_1_244' title='bbox 1303 2138 1406 2170; x_wconf 85' lang='lat' dir='ltr'>supra</span> 
     </span>
     <span class='ocr_line' id='line_1_28' title="bbox 60 2190 1408 2236; baseline 0 -11"><span class='ocrx_word' id='word_1_245' title='bbox 60 2192 103 2225; x_wconf 84' lang='lat' dir='ltr'>ad</span> <span class='ocrx_word' id='word_1_246' title='bbox 128 2193 189 2233; x_wconf 93' lang='lat' dir='ltr'>lV,</span> <span class='ocrx_word' id='word_1_247' title='bbox 211 2194 245 2233; x_wconf 84' lang='lat'>2,</span> <span class='ocrx_word' id='word_1_248' title='bbox 270 2194 302 2224; x_wconf 90' lang='lat'>1.</span> <span class='ocrx_word' id='word_1_249' title='bbox 352 2190 474 2224; x_wconf 90' lang='lat' dir='ltr'>Induta</span> <span class='ocrx_word' id='word_1_250' title='bbox 507 2193 581 2223; x_wconf 87' lang='lat' dir='ltr'>erat</span> <span class='ocrx_word' id='word_1_251' title='bbox 611 2191 713 2222; x_wconf 83' lang='lat' dir='ltr'>etiam</span> <span class='ocrx_word' id='word_1_252' title='bbox 749 2190 899 2223; x_wconf 81' lang='lat' dir='ltr'>vestibus</span> <span class='ocrx_word' id='word_1_253' title='bbox 931 2191 1149 2234; x_wconf 88' lang='lat' dir='ltr'>melioribus,</span> <span class='ocrx_word' id='word_1_254' title='bbox 1183 2196 1221 2225; x_wconf 90' lang='lat' dir='ltr'>ut</span> <span class='ocrx_word' id='word_1_255' title='bbox 1246 2203 1308 2236; x_wconf 90' lang='lat' dir='ltr'>par</span> <span class='ocrx_word' id='word_1_256' title='bbox 1333 2197 1408 2234; x_wconf 83' lang='lat' dir='ltr'>est3</span> 
     </span>
     <span class='ocr_line' id='line_1_29' title="bbox 62 2256 1409 2301; baseline 0.001 -10"><span class='ocrx_word' id='word_1_257' title='bbox 62 2257 123 2291; x_wconf 87' lang='lat' dir='ltr'>sed</span> <span class='ocrx_word' id='word_1_258' title='bbox 149 2261 249 2301; x_wconf 88' lang='lat' dir='ltr'>poeta</span> <span class='ocrx_word' id='word_1_259' title='bbox 276 2257 379 2290; x_wconf 87' lang='lat' dir='ltr'>instar</span> <span class='ocrx_word' id='word_1_260' title='bbox 404 2256 551 2289; x_wconf 90' lang='lat' dir='ltr'>omnium</span> <span class='ocrx_word' id='word_1_261' title='bbox 578 2256 699 2298; x_wconf 88' lang='lat' dir='ltr'>capitis</span> <span class='ocrx_word' id='word_1_262' title='bbox 727 2260 882 2289; x_wconf 77' lang='lat' dir='ltr'>ornatum</span> <span class='ocrx_word' id='word_1_263' title='bbox 908 2256 1033 2292; x_wconf 84' lang='lat' dir='ltr'>laudat.</span> <span class='ocrx_word' id='word_1_264' title='bbox 1058 2276 1104 2284; x_wconf 93' lang='lat'>—</span> <span class='ocrx_word' id='word_1_265' title='bbox 1142 2259 1409 2301; x_wconf 83' lang='lat' dir='ltr'>laetissima,</span> 
     </span>
     <span class='ocr_line' id='line_1_30' title="bbox 63 2322 1408 2367; baseline 0.001 -10"><span class='ocrx_word' id='word_1_266' title='bbox 63 2324 192 2357; x_wconf 83' lang='lat' dir='ltr'>lubenti</span> <span class='ocrx_word' id='word_1_267' title='bbox 229 2324 340 2356; x_wconf 81' lang='lat' dir='ltr'>animo</span> <span class='ocrx_word' id='word_1_268' title='bbox 374 2323 521 2365; x_wconf 85' lang='lat' dir='ltr'>ideoque</span> <span class='ocrx_word' id='word_1_269' title='bbox 553 2322 754 2365; x_wconf 85' lang='lat' dir='ltr'>diligenter,</span> <span class='ocrx_word' id='word_1_270' title='bbox 792 2324 919 2367; x_wconf 90' lang='lat' dir='ltr'>quippe</span> <span class='ocrx_word' id='word_1_271' title='bbox 950 2325 1097 2358; x_wconf 82' lang='lat' dir='ltr'>maxime</span> <span class='ocrx_word' id='word_1_272' title='bbox 1122 2328 1156 2358; x_wconf 87' lang='lat' dir='ltr'>te</span> <span class='ocrx_word' id='word_1_273' title='bbox 1181 2335 1345 2358; x_wconf 85' lang='lat' dir='ltr'>venerans</span> <span class='ocrx_word' id='word_1_274' title='bbox 1372 2329 1408 2358; x_wconf 88' lang='lat' dir='ltr'>et</span> 
     </span>
     <span class='ocr_line' id='line_1_31' title="bbox 62 2389 1407 2435; baseline 0.001 -13"><span class='ocrx_word' id='word_1_275' title='bbox 62 2399 218 2431; x_wconf 85' lang='lat' dir='ltr'>maguam</span> <span class='ocrx_word' id='word_1_276' title='bbox 240 2399 334 2432; x_wconf 85' lang='lat' dir='ltr'>spem</span> <span class='ocrx_word' id='word_1_277' title='bbox 359 2389 392 2421; x_wconf 92' lang='lat' dir='ltr'>in</span> <span class='ocrx_word' id='word_1_278' title='bbox 418 2392 452 2421; x_wconf 88' lang='lat' dir='ltr'>te</span> <span class='ocrx_word' id='word_1_279' title='bbox 480 2398 618 2432; x_wconf 85' lang='lat' dir='ltr'>ponens.</span> <span class='ocrx_word' id='word_1_280' title='bbox 644 2404 690 2413; x_wconf 92' lang='grc'><strong>-</strong></span> <span class='ocrx_word' id='word_1_281' title='bbox 737 2389 1086 2432; x_wconf 85' lang='lat' dir='ltr'>conspicienda,</span> <span class='ocrx_word' id='word_1_282' title='bbox 1123 2391 1165 2426; x_wconf 87' lang='lat' dir='ltr'>cf.</span> <span class='ocrx_word' id='word_1_283' title='bbox 1191 2402 1295 2435; x_wconf 88' lang='lat' dir='ltr'>supra</span> <span class='ocrx_word' id='word_1_284' title='bbox 1321 2393 1346 2433; x_wconf 89' lang='grc' dir='ltr'>Ι,</span> <span class='ocrx_word' id='word_1_285' title='bbox 1373 2395 1407 2434; x_wconf 84' lang='grc'>2,</span> 
     </span>
     <span class='ocr_line' id='line_1_32' title="bbox 61 2454 1407 2501; baseline 0.001 -12"><span class='ocrx_word' id='word_1_286' title='bbox 61 2459 127 2489; x_wconf 81' lang='lat'>72:</span> <span class='ocrx_word' id='word_1_287' title='bbox 167 2455 327 2488; x_wconf 81' lang='lat' dir='ltr'>Insideat</span> <span class='ocrx_word' id='word_1_288' title='bbox 361 2454 462 2487; x_wconf 76' lang='lat' dir='ltr'>celeri</span> <span class='ocrx_word' id='word_1_289' title='bbox 497 2454 759 2499; x_wconf 77' lang='lat' dir='ltr'>conspiciendus</span> <span class='ocrx_word' id='word_1_290' title='bbox 794 2467 893 2501; x_wconf 78' lang='lat' dir='ltr'>equo,</span> <span class='ocrx_word' id='word_1_291' title='bbox 919 2473 964 2482; x_wconf 93' lang='lat'><strong>—</strong></span> <span class='ocrx_word' id='word_1_292' title='bbox 1009 2457 1049 2491; x_wconf 93' lang='lat' dir='ltr'>V.</span> <span class='ocrx_word' id='word_1_293' title='bbox 1075 2460 1097 2490; x_wconf 85' lang='lat'>5</span> <span class='ocrx_word' id='word_1_294' title='bbox 1122 2468 1173 2500; x_wconf 88' lang='lat' dir='ltr'>sq.</span> <span class='ocrx_word' id='word_1_295' title='bbox 1212 2458 1407 2492; x_wconf 83' lang='lat' dir='ltr'>ornandi</span> 
     </span>
     <span class='ocr_line' id='line_1_33' title="bbox 66 2522 1402 2564; baseline 0.004 -11"><span class='ocrx_word' id='word_1_296' title='bbox 66 2531 222 2554; x_wconf 85' lang='lat' dir='ltr'>causas</span> <span class='ocrx_word' id='word_1_297' title='bbox 247 2522 332 2555; x_wconf 88' lang='lat' dir='ltr'>tibi</span> <span class='ocrx_word' id='word_1_298' title='bbox 360 2522 563 2564; x_wconf 83' lang='lat' dir='ltr'>relegat,</span> <span class='ocrx_word' id='word_1_299' title='bbox 589 2522 631 2556; x_wconf 89' lang='lat' dir='ltr'>ad</span> <span class='ocrx_word' id='word_1_300' title='bbox 659 2526 693 2556; x_wconf 87' lang='lat' dir='ltr'>te</span> <span class='ocrx_word' id='word_1_301' title='bbox 720 2522 834 2556; x_wconf 80' lang='lat' dir='ltr'>refert.</span> <span class='ocrx_word' id='word_1_302' title='bbox 884 2523 1044 2556; x_wconf 74' lang='lat' dir='ltr'>Vunrms</span> <span class='ocrx_word' id='word_1_303' title='bbox 1070 2524 1202 2558; x_wconf 82' lang='lat' dir='ltr'>confert</span> <span class='ocrx_word' id='word_1_304' title='bbox 1229 2526 1402 2561; x_wconf 54' lang='lat' dir='ltr'>Qum‘rrr..</span> 
     </span>
     <span class='ocr_line' id='line_1_34' title="bbox 63 2586 1407 2632; baseline 0.004 -14"><span class='ocrx_word' id='word_1_305' title='bbox 63 2586 172 2620; x_wconf 82' lang='lat' dir='ltr'>Instit.</span> <span class='ocrx_word' id='word_1_306' title='bbox 199 2587 294 2621; x_wconf 87' lang='lat' dir='ltr'>Orat.</span> <span class='ocrx_word' id='word_1_307' title='bbox 319 2587 467 2621; x_wconf 85' lang='lat' dir='ltr'>Praesat.</span> <span class='ocrx_word' id='word_1_308' title='bbox 495 2587 570 2623; x_wconf 86' lang='lat' dir='ltr'>libr.</span> <span class='ocrx_word' id='word_1_309' title='bbox 595 2588 655 2632; x_wconf 88' lang='lat' dir='ltr'>VI,</span> <span class='ocrx_word' id='word_1_310' title='bbox 681 2588 788 2623; x_wconf 87' lang='lat' dir='ltr'>med.:</span> <span class='ocrx_word' id='word_1_311' title='bbox 820 2590 976 2623; x_wconf 69' lang='lat' dir='ltr'>Frustra</span> <span class='ocrx_word' id='word_1_312' title='bbox 1001 2589 1097 2623; x_wconf 81' lang='lat' dir='ltr'>mala</span> <span class='ocrx_word' id='word_1_313' title='bbox 1126 2590 1240 2624; x_wconf 83' lang='lat' dir='ltr'>onmia</span> <span class='ocrx_word' id='word_1_314' title='bbox 1266 2591 1315 2623; x_wconf 78' lang='lat' dir='ltr'>ad</span> <span class='ocrx_word' id='word_1_315' title='bbox 1339 2591 1407 2623; x_wconf 85' lang='lat' dir='ltr'>cri-</span> 
     </span>
    </p>
   </div>
   <div class='ocr_carea' id='block_1_7' title="bbox 66 2650 567 2701">
    <p class='ocr_par' dir='ltr' id='par_1_8' title="bbox 66 2650 567 2701">
     <span class='ocr_line' id='line_1_35' title="bbox 66 2650 567 2701; baseline 0.012 -19"><span class='ocrx_word' id='word_1_316' title='bbox 66 2662 140 2684; x_wconf 82' lang='lat' dir='ltr'>men</span> <span class='ocrx_word' id='word_1_317' title='bbox 160 2650 337 2697; x_wconf 65' lang='lat' dir='ltr'><em>fortunae</em></span> <span class='ocrx_word' id='word_1_318' title='bbox 360 2653 567 2701; x_wconf 66' lang='lat' dir='ltr'>relegl&#39;lllllls.</span> 
     </span>
    </p>
   </div>
  </div>
 </body>
</html>
