1721 2953
249 113 301 153 74
567 76 922 152 COMMENTAh
964 109 1024 151 IN
1053 109 1281 151 TIBULLI

249 224 401 260 aetherio
431 235 450 258 e
478 223 566 257 soliis
601 227 636 255 et
671 223 762 256 rimis
794 233 939 266 quercus
967 228 1124 258 manante
1150 223 1236 257 hunc
1263 224 1375 258 locum
1409 225 1532 269 accipit
1557 230 1588 258 et

251 293 396 325 Vnum„
426 290 547 330 Eclog·
573 287 633 329 IV,
657 290 714 321 30.
745 288 874 331 Georg.
903 288 931 330 I,
958 291 1037 323 131.
1086 288 1175 322 Add.
1207 290 1317 322 Ovu).
1346 290 1432 324 Met.
1456 290 1483 331 Ι,
1511 291 1588 322 112.

250 359 421 391 Harmas
447 355 489 387 de
515 353 635 398 apibus
658 353 789 396 cogitat
811 355 844 387 in
868 355 996 388 truncis
1020 354 1180 388 arborum
1204 355 1270 388 mel
1296 354 1497 388 facientibus
1518 353 1590 386 sine

253 424 419 457 hominum
455 431 546 454 cura.
597 420 700 456 Quod
737 419 883 453 alienum
918 419 1062 453 videtur.
1122 420 1250 453 Tibulli
1284 429 1378 452 mens
1411 423 1483 460 est,
1519 419 1591 451 siue

251 500 353 533 opera
378 497 480 531 apum
505 486 744 530 bominumque
768 487 834 520 mel
860 487 1143 531 perfectissimum
1170 497 1188 519 a
1214 492 1334 519 natura
1359 486 1521 519 oblatum.
1547 503 1592 508 —

253 555 391 588 ubera
425 554 580 595 lactis,
618 555 706 588 lacte
733 554 853 598 plena,
888 554 933 589 cf.
958 553 987 587 si
1012 554 1097 593 tanti
1123 557 1186 595 est,
1213 553 1357 586 Honlw.
1382 551 1426 594 ΙΙ,
1453 554 1509 593 19,
1535 554 1593 584 20.

251 622 360 666 Ονιη,
375 620 460 655 Met.
477 620 504 663 I,
521 623 601 655 111.
650 621 805 664 Denique
832 621 1010 655 securis
1036 624 1108 655 est:
1133 631 1200 653 non
1227 620 1423 654 timentibus
1449 619 1594 663 inopiam

248 687 368 720 victus.
391 704 438 711 —-
483 685 527 721 V.
551 688 609 720 47.
633 688 691 721 48.
739 686 875 720 Exitus.
924 686 1013 720 Nam
1039 687 1193 729 seqnitur
1222 690 1294 720 tota
1319 686 1502 730 descriptio
1533 696 1595 719 au-

250 761 329 785 reae
363 751 486 785 aetatis
517 749 604 785 hanc
637 751 769 794 legem:
805 752 891 785 Post
923 752 1099 785 introitum
1132 762 1184 785 vv.
1211 754 1268 784 35.
1295 754 1353 786 36.
1383 752 1528 796 primum
1553 751 1596 784 de

250 818 429 851 itineribus
453 818 629 851 maritimis
654 817 776 851 dicitur
803 816 953 851 nondum
978 818 1150 861 usurpatis
1176 817 1310 850 duobus
1335 815 1509 858 distichis,
1535 815 1596 850 de-

250 883 329 918 inde
353 885 428 918 aliis
453 884 586 918 duobus
610 884 653 918 de
677 889 769 918 statu
803 885 993 919 domestico
1026 884 1177 918 nondum
1203 888 1241 917 ut
1266 882 1369 916 hodie
1399 883 1597 923 constituto,

252 954 323 984 tum
357 949 408 984 his
444 950 632 985 coniunctis
667 953 850 996 opponitur
884 963 952 985 uuo
991 950 1137 986 disticho
1173 951 1320 995 positiva
1354 950 1523 983 sententia
1554 948 1597 982 de

250 1015 419 1049 alimentis
442 1017 532 1050 ultro
559 1017 827 1060 obtingentibus.
878 1017 948 1050 Iam
977 1021 1014 1050 ut
1039 1017 1110 1050 dixi
1135 1017 1291 1060 sequitur
1315 1016 1428 1049 exitus
1452 1015 1485 1048 iu
1511 1013 1598 1047 hunc

251 1092 408 1116 sensum:
442 1082 566 1128 Atque
590 1082 646 1115 ita
663 1082 814 1127 factum
839 1088 880 1114 ut
898 1093 975 1126 pax
999 1088 1091 1115 esset
1116 1087 1283 1117 aeterna,
1318 1092 1396 1113 cum
1421 1079 1538 1111 litium
1562 1085 1599 1111 et

252 1147 334 1181 belli
358 1160 506 1185 causae,
542 1147 696 1182 habendi
722 1148 920 1193 cupiditate
947 1154 1068 1184 ortae,
1102 1159 1170 1180 non
1193 1147 1367 1180 adessent.
1415 1146 1486 1179 Sed
1513 1144 1600 1179 hunc

250 1217 363 1251 locum
387 1228 511 1260 magna
536 1228 613 1251 cum
637 1218 670 1251 vi
696 1217 852 1259 extollit,
892 1216 1051 1260 quoniam
1078 1216 1152 1260 ipse
1177 1226 1239 1259 per
1263 1215 1390 1247 bellum
1416 1214 1449 1247 in
1475 1214 1600 1246 malum

253 1294 416 1327 praesens
440 1283 567 1317 incidit.
617 1283 682 1316 Est
711 1287 824 1317 autem
850 1284 1035 1317 cumulatio
1070 1283 1227 1317 similium
1263 1282 1464 1324 verborum,
1500 1285 1538 1315 et
1563 1284 1599 1313 ut

253 1348 333 1382 mihi
367 1348 503 1392 quidem
529 1348 683 1386 videtur,
721 1348 799 1381 bina
825 1349 984 1391 coniungi
1011 1349 1146 1383 debent.
1196 1349 1292 1382 Non
1332 1348 1476 1389 acies,
1519 1357 1598 1380 non

254 1416 319 1448 ira
344 1414 449 1456 suit,
474 1415 541 1456 ait,
576 1425 659 1447 uon
687 1414 809 1447 bella
834 1424 913 1446 nec
939 1414 1078 1456 ensis,
1113 1414 1162 1446 bis
1189 1418 1347 1456 repetens
1373 1413 1462 1446 idem
1489 1416 1599 1445 muta-

253 1482 297 1515 tis
322 1482 456 1523 verbis;
479 1491 556 1514 nam
582 1484 619 1513 ut
645 1481 694 1513 ira
718 1481 828 1514 aciem
854 1481 989 1514 instruit
1017 1484 1052 1513 et
1077 1480 1244 1521 concitat,
1270 1479 1318 1512 ita
1343 1479 1468 1512 bellum
1494 1478 1600 1510 utitur

254 1560 345 1583 ense.
395 1551 495 1585 Quae
529 1559 606 1582 cum
639 1548 720 1581 satis
757 1549 920 1582 concinna
955 1547 1152 1589 videantur,
1188 1548 1279 1580 nulla
1314 1545 1367 1579 hic
1400 1550 1451 1579 est
1477 1549 1600 1590 poetae

255 1616 476 1659 negligentia,
501 1615 785 1658 quemadmodum
813 1616 914 1649 etiam
940 1616 1034 1656 alias,
1060 1615 1119 1647 ubi
1145 1625 1342 1658 perversum
1368 1623 1481 1647 rerum
1507 1613 1599 1646 ordi—

253 1691 331 1715 nem
369 1685 577 1724 queruntur,
630 1682 842 1715 accuratiore
882 1682 1164 1725 interpretatione
1206 1681 1327 1714 bonam
1369 1679 1602 1723 deprehendas

255 1747 513 1791 compositionis
538 1748 662 1790 legem.
713 1749 825 1791 Atque
852 1748 915 1782 hoc
947 1749 1024 1782 loco
1049 1750 1106 1792 qui
1133 1747 1259 1781 dixerit
1285 1758 1328 1780 ex
1357 1748 1406 1780 ira
1436 1748 1601 1781 exsistere

254 1814 402 1854 bellum,
428 1812 520 1846 bello
543 1813 642 1847 educi
667 1813 798 1856 aciem,
824 1814 933 1847 aciem
959 1814 1009 1847 uti
1031 1814 1187 1855 ensibus,
1213 1817 1315 1856 atque
1341 1813 1388 1846 ita
1415 1812 1600 1846 ordinanda

255 1883 359 1915 fnisse
379 1882 492 1922 verba,
519 1892 584 1914 non
605 1881 870 1915 consideraverit
889 1885 1024 1925 poetam
1045 1882 1194 1915 uoluisse
1218 1881 1344 1914 docere
1369 1884 1403 1914 et
1428 1880 1602 1924 explicare

256 1949 331 1991 quis
356 1948 399 1981 sit
420 1948 582 1980 naturalis
606 1959 625 1981 a
655 1958 756 1980 causa
783 1947 862 1980 belli
891 1958 997 1990 usque
1023 1947 1065 1980 ad
1090 1957 1240 1990 pugnam
1266 1946 1373 1990 ipsam
1399 1955 1601 1989 progressus

256 2026 389 2057 rerum,
416 2016 474 2058 qui
500 2015 612 2058 potius
638 2015 719 2047 illud
745 2025 846 2048 unum
878 2016 970 2057 agit,
1003 2018 1040 2047 ut
1065 2014 1213 2047 nondum
1239 2013 1343 2046 fuisse
1371 2017 1441 2046 tum
1467 2012 1601 2045 terribi-

258 2082 325 2114 lem
361 2084 469 2114 artem
502 2079 648 2113 bellandi
685 2080 776 2112 dicat
808 2090 909 2122 quam
943 2079 1153 2122 gravissime.
1203 2081 1316 2121 Atque
1348 2078 1424 2112 huic
1459 2079 1602 2112 consilio

258 2148 481 2192 compositio,
516 2157 604 2189 quae
630 2145 791 2187 babetur,
817 2146 916 2189 plane
943 2146 1110 2178 convenit.
1161 2145 1322 2177 Ceterum
1347 2144 1403 2176 ira
1429 2148 1481 2177 est
1510 2143 1603 2177 furor

257 2215 400 2248 bellicus
419 2218 456 2246 ut
473 2216 616 2254 constat,
642 2217 677 2245 et
698 2212 892 2245 duxerat
917 2216 989 2245 est:
1013 2211 1229 2255 procuderat,
1253 2214 1290 2244 ut
1307 2212 1477 2244 Graecum
1503 2206 1603 2242 ἐλαύ-

258 2295 340 2319 νειν,
376 2280 521 2314 tundere
549 2280 696 2321 malleo,
734 2279 777 2312 cl'.
808 2280 957 2314 Vincam.
983 2280 1068 2312 Aen.
1095 2278 1171 2319 vll,
1197 2279 1276 2311 634.
1311 2281 1346 2310 et
1378 2287 1438 2308 aes
1472 2273 1602 2306 ductile

264 2350 369 2381 l'mx.
397 2348 559 2388 XXXIV,
585 2349 619 2378 8.
653 2347 825 2380 Graecum
852 2343 1000 2379 ἐλαύνειν
1024 2345 1101 2378 vide
1126 2345 1221 2378 Hom.
1244 2345 1284 2377 ΙΙ.
1309 2344 1388 2385 XII,
1413 2344 1494 2376 296.
1522 2341 1601 2381 XX,

259 2417 341 2447 270.
368 2432 414 2437 --
448 2414 630 2446 Postremo
655 2413 798 2446 observa
824 2414 924 2445 etiam
951 2411 1193 2445 adiectivorum
1220 2409 1274 2443 llic
1299 2410 1456 2442 similium
1482 2418 1601 2441 cumu-

260 2482 440 2514 lationem:
467 2479 669 2520 immitis,
699 2490 877 2519 saevus3
907 2479 1053 2511 maxime
1079 2477 1167 2509 enim
1195 2475 1381 2508 detestatur
1405 2473 1601 2506 bellum.—

265 2548 303 2579 Υ.
330 2548 384 2578 49.
413 2548 470 2578 50.
521 2545 628 2577 Dictis
661 2556 747 2587 quac
784 2546 850 2578 dici
886 2545 1054 2579 debebant
1081 2543 1122 2576 de
1147 2551 1248 2574 aurea
1275 2544 1407 2581 aetate,
1441 2540 1529 2573 redit
1560 2540 1600 2573 ad

262 2620 421 2655 praesens
451 2614 601 2653 tempus,
629 2614 664 2642 ut
690 2611 825 2643 claudat
856 2614 974 2643 totum.
1002 2627 1045 2632 —-
1084 2607 1205 2640 Nunc
1231 2605 1336 2638 love
1362 2604 1440 2637 sub
1467 2604 1596 2638 domi-
