1721 2953
299 186 379 229 356
612 179 643 221 C
649 176 984 223 OMMENTAR.
1013 179 1073 223 IN
1102 181 1138 221 T
1140 181 1336 224 IBULLI

298 306 336 335 ut
360 300 464 334 nubat
489 297 620 342 puella,
654 307 722 331 non
753 296 822 332 vidi
854 298 948 333 alias.
974 319 1018 325 —
1054 301 1227 335 Saevus
1254 301 1390 335 Amor
1413 304 1467 336 est
1492 302 1642 345 immitis,

297 377 409 412 asper.
458 366 611 399 Sensus:
648 365 763 409 Saepe
796 367 855 409 qui
878 366 1059 402 adversum
1088 378 1239 402 amorem
1266 367 1436 402 habebant
1460 369 1514 402 vel
1538 369 1646 403 servi-

300 436 344 469 lia
369 442 474 477 opera
499 442 567 466 non
592 436 813 475 recusarunt,
838 434 868 468 si
891 435 1028 470 vincere
1054 440 1196 480 possent
1221 436 1367 470 animum
1394 436 1549 480 puellae,
1572 436 1646 470 vel-

297 502 345 536 uti
370 501 526 534 Tibullus
551 500 595 543 II,
613 503 647 542 3,
665 501 723 534 fin.
748 500 848 536 dicit:
886 501 1030 540 Ducite,
1057 503 1108 536 acl
1129 502 1313 547 imperium
1340 502 1500 537 dominae
1523 503 1647 537 sulca-

297 566 410 600 bimus
435 578 561 613 agros,
598 579 668 600 non
702 578 765 612 ego
799 578 852 599 me
884 566 1009 601 vinclis
1037 567 1306 615 verberibusque
1330 580 1430 614 nego.
1485 569 1646 603 Praestat

295 633 384 667 euim
409 632 532 666 ceteris
561 633 664 666 lectio
689 632 814 666 vetusti
839 632 967 667 codicis
993 632 1208 668 CUIACIAM:
1249 633 1425 668 validos
1462 637 1647 669 tentare

293 700 487 734 labores,
544 699 758 733 Aeternam
783 697 936 735 labores,
965 699 1056 742 quod
1082 703 1134 732 est
1158 699 1328 744 experiri,
1352 699 1519 743 tolerare,
1544 701 1647 735 etiam

291 778 313 801 a
346 768 521 803 VIRGILIO
556 766 641 801 Aen.
675 767 719 809 V,
751 768 833 801 499.
867 766 1016 811 positum
1048 767 1178 801 notavit
1211 767 1436 802 Huscnxms.
1499 767 1645 803 Validos

291 838 405 869 autem
430 832 567 866 labores
594 832 701 875 dixit,
734 833 792 876 qui
816 832 946 866 validas
971 833 1061 867 vires
1085 833 1249 876 exigunt,
1281 833 1385 877 idque
1408 836 1545 878 praeter
1571 844 1647 869 mo-

293 912 386 943 rem3
422 911 499 934 nam
530 900 678 934 locutio:
712 899 872 933 validum
900 899 1042 945 pondus
1073 901 1184 935 Vma.
1219 902 1350 945 Georg.
1374 901 1435 935 III.
1462 904 1542 935 172.
1578 912 1645 936 non

292 972 346 1003 est
370 968 469 1012 plane
493 967 620 1001 similis.
646 985 694 992 -
728 967 921 1001 verbera
946 978 1079 1001 saeva
1103 972 1142 1002 ut
1166 967 1194 1010 Ι,
1219 971 1252 1010 6,
1278 970 1336 1002 37.
1385 967 1518 1002 Tamen
1543 969 1645 1002 etIam

290 1033 491 1076 Lygdamus
518 1032 575 1066 vix
607 1032 786 1066 admittere
813 1033 923 1076 potuit
948 1033 1165 1067 iniucundam
1198 1033 1449 1078 repetitionem.
1497 1035 1645 1069 Videtur

290 1100 406 1144 potius
429 1098 606 1143 scripsisse
626 1109 749 1142 posse,
786 1097 877 1141 quod
914 1099 1019 1132 ceteri
1053 1102 1190 1142 praeter
1215 1099 1451 1133 Cumcmwnm
1484 1099 1643 1136 offerunt.

290 1167 447 1210 Denique
472 1166 515 1200 ad
547 1166 751 1199 sententiam
787 1164 923 1199 distichi
950 1165 1039 1199 conf.
1065 1165 1240 1210 pulchrum
1267 1166 1379 1200 locum
1404 1166 1591 1201 Pnomm.
1616 1166 1645 1208 I,

291 1236 324 1276 1,
350 1236 371 1266 9
398 1244 471 1276 sqq.
498 1233 558 1266 ubi
582 1233 684 1275 longe
708 1232 843 1265 suarius
868 1242 925 1265 res
951 1231 1054 1265 dicta.
1078 1251 1125 1255 —
1157 1232 1199 1266 V.
1227 1235 1271 1265 67
1297 1242 1370 1275 sqq.
1397 1232 1554 1265 niveas
1581 1232 1643 1264 iu-

290 1309 466 1335 vencas,
515 1298 738 1333 Husenxmm
763 1297 927 1331 iuvencos
954 1297 1032 1331 ideo
1057 1297 1319 1341 praeferentem,
1345 1297 1423 1340 quia
1446 1297 1643 1331 femininum

294 1366 337 1400 de
362 1376 470 1409 grege
494 1369 694 1409 usurpatum
722 1366 935 1398 Graecorum
960 1365 1075 1408 potius
1100 1365 1144 1397 sit
1169 1375 1268 1407 quam
1295 1365 1514 1406 Latinorum,
1547 1364 1644 1397 resu—

291 1433 413 1467 tabunt
445 1432 682 1466 incustoditae
722 1431 822 1465 boves
859 1433 968 1466 Ovm.
1003 1432 1089 1466 Met.
1124 1432 1170 1474 11,
1205 1434 1285 1465 684.
1323 1431 1481 1465 Tibullus
1515 1437 1642 1464 tauros

289 1498 377 1533 dixit
401 1498 445 1540 ΙΙ,
470 1502 504 1540 3,
529 1500 584 1531 11.
610 1516 656 1521 -
693 1498 734 1530 in
766 1507 921 1531 vanum
955 1498 1121 1539 iocum,
1154 1498 1233 1540 quia
1265 1497 1335 1531 isto
1370 1502 1525 1542 tempore
1558 1497 1641 1533 haec

290 1565 486 1599 ridebantur
508 1575 529 1597 a
555 1565 745 1609 plerisque,
780 1568 817 1596 ut
842 1564 998 1596 Tibullus
1024 1564 1068 1605 ΙΙ,
1096 1567 1130 1605 3,
1161 1566 1220 1597 31.
1245 1564 1428 1606 significat.
1476 1565 1561 1598 ,Deo
1587 1570 1641 1598 ta-

289 1640 367 1664 men
399 1629 533 1672 dignius
566 1632 640 1662 erat
673 1628 738 1662 hoc
763 1628 897 1662 silentio
930 1630 1130 1672 praeterire.
1155 1647 1202 1652 —
1251 1628 1432 1663 cithara
1468 1641 1644 1666 sonora.

291 1694 430 1729 Monuit
463 1695 614 1729 Vossms
647 1693 852 1727 adiectivum
889 1705 1036 1726 sonorus
1071 1694 1204 1727 nonnisi
1232 1693 1275 1727 de
1300 1695 1457 1738 graviore
1483 1700 1518 1729 et
1542 1695 1646 1731 velie-

290 1762 476 1803 mentiore,
513 1761 615 1794 etiam
648 1760 691 1794 de
723 1771 827 1794 rauco
861 1763 896 1793 et
928 1760 1059 1802 ingenti
1085 1770 1169 1793 sono
1197 1759 1284 1802 dici,
1320 1761 1429 1804 qualis
1454 1772 1530 1795 esse
1554 1763 1644 1796 solet

292 1829 466 1862 fluminum
489 1827 615 1871 (Vmor.
638 1827 721 1860 Aen.
741 1825 821 1867 XII,
844 1826 957 1868 139⁴),
982 1829 1160 1859 ventorum
1185 1837 1226 1859 ac
1249 1830 1489 1870 tempestatum
1512 1826 1640 1869 (VmG.

291 1896 376 1929 Aen.
392 1894 419 1936 I,
440 1893 529 1937 51),
551 1894 736 1927 tonitruum
764 1891 992 1934 (Cunnum.
1019 1892 1110 1926 laud.
1137 1891 1272 1926 Stilieh.
1295 1893 1341 1935 ΙΙ,
1365 1893 1456 1937 26.),
1481 1904 1640 1929 curruum

292 1962 518 2005 (CmumAN.
544 1962 577 1994 in
601 1961 746 2004 Eutrop.
770 1960 815 2001 Π,
844 1959 945 2002 105).
993 1961 1187 1994 Assentitur
1211 1961 1480 2004 Excnsmnms,
1513 1964 1570 2006 qui
1596 1974 1640 1997 ne

292 2029 476 2062 Lucnmn
504 2028 640 2071 quidem
667 2025 805 2058 melicos
839 2038 980 2058 sonore-s
1004 2027 1048 2068 V,
1073 2030 1156 2062 335.
1193 2027 1236 2061 de
1272 2028 1496 2062 instrumento
1531 2029 1640 2062 dulci-

291 2105 377 2129 sono
402 2104 525 2138 capere
558 2093 651 2126 velit·
706 2092 805 2125 Nunc
839 2094 867 2125 si
900 2093 1051 2135 miraris,
1090 2104 1150 2127 cur
1181 2093 1245 2128 hoc
1281 2094 1454 2138 epitheton
1489 2094 1638 2130 citharae

291 2159 443 2192 additum
483 2159 546 2200 sit,
593 2158 838 2201 respondemus
877 2159 967 2201 quod
1004 2159 1233 2193 Emnsmmo
1270 2160 1304 2193 in
1345 2164 1494 2194 mentem
1535 2163 1638 2205 venit,

291 2228 433 2268 propter
458 2223 706 2267 oppositionem
732 2235 864 2256 arenae
889 2225 1027 2259 factum.
1053 2245 1100 2251 —
1133 2226 1225 2260 Nec
1250 2227 1430 2260 similes
1454 2226 1639 2262 chordis

290 2290 483 2323 reddere
518 2300 626 2324 voce
662 2301 817 2333 sonos,
863 2302 926 2325 nec
961 2302 1085 2326 canere
1120 2292 1163 2325 ad
1197 2292 1359 2327 citharam
1396 2293 1517 2337 docte,
1559 2294 1638 2336 quia

292 2359 399 2391 aliena
429 2356 511 2390 liaeo
537 2368 556 2389 a
588 2359 762 2401 pastoritia
786 2358 874 2400 vita,
910 2359 964 2392 cui
989 2360 1102 2392 fistula
1126 2361 1235 2402 magis
1260 2362 1430 2394 convenit.
1455 2379 1500 2386 -
1538 2371 1637 2404 per-

293 2424 478 2457 lucenti.
538 2424 693 2467 Ineptum
733 2424 920 2468 epitheton.
970 2425 1186 2458 Huscnxms
1221 2426 1366 2459 coniecit
1394 2425 1637 2470 permulcenti.

291 2489 408 2533 Ipsum
453 2489 625 2522 servitium
661 2491 829 2533 Apollinis
871 2491 992 2524 melius
1037 2491 1218 2534 descripsit
1253 2491 1410 2524 Tibullus
1444 2490 1488 2532 ΙΙ,
1523 2493 1555 2524 3.
1591 2510 1636 2515 ——

293 2557 550 2598 coniugium
587 2557 679 2590 seru
690 2569 744 2599 m,
781 2558 902 2592 foedus
927 2560 1053 2592 amoris
1078 2569 1154 2592 cum
1179 2558 1319 2591 muliere
1344 2558 1447 2600 dura,
1473 2559 1634 2592 intracta-

295 2623 369 2655 mli..
393 2641 428 2646 --
472 2621 660 2655 blandas
693 2623 915 2658 adhibere
949 2624 1172 2665 querelas.
1221 2622 1321 2656 Iubet
1355 2623 1528 2656 Hurmus
1562 2625 1634 2657 ele-

293 2689 441 2731 gantiam
469 2689 631 2723 scrmonis
659 2689 851 2732 observari3
886 2699 961 2723 nam
988 2687 1149 2722 adbibere
1174 2697 1292 2732 preces
1316 2689 1466 2724 solemne
1493 2692 1562 2731 est,
1588 2688 1631 2723 cf.
