1721 2953
233 131 298 178 34
640 130 882 176 TlssULLl
935 128 1046 176 Llss.
1078 129 1108 174 1.
1135 140 1169 173 9.

292 256 333 302 O
372 255 602 321 quotiens,
645 253 792 300 verbis
834 272 890 301 ne
926 254 1165 319 quisquam
1202 251 1408 299 conscius
1445 261 1581 307 esset,

356 344 456 407 Ipse
494 359 640 387 comes
677 339 815 387 multa
845 339 1014 387 lumina
1046 350 1175 386 noete
1213 337 1314 385 tuli!

268 430 408 493 Saepe
446 426 693 491 insperanti
728 426 848 473 venit
881 426 961 473 tibi
996 444 1180 472 munere
1218 435 1371 471 nostro

350 514 405 559 Et
438 512 565 560 latuit
599 511 772 559 clausas
809 524 911 578 post
942 511 1157 577 adoperta
1193 510 1324 557 fores

232 603 407 647 lissum
443 599 579 646 miser
614 599 790 656 interii,
836 599 965 646 stulte
998 599 1194 646 confisus
1233 598 1396 645 amari:

347 688 462 733 Nam
500 698 699 751 poteram
737 685 795 732 ad
832 685 1014 751 laqueos
1049 686 1221 733 cautior
1253 704 1347 731 esse
1383 696 1495 731 tuos.

288 772 414 834 Quin
451 772 580 818 etiam
619 772 803 818 attonita
839 771 994 818 laudes
1025 771 1105 818 tibi
1141 781 1286 818 mente
1321 770 1563 826 canebam,

349 859 409 905 At
443 877 512 906 mc
549 878 670 905 nunc
706 858 847 905 nostri
883 857 1204 922 Pieridumque
1236 856 1388 922 pudet.

283 945 360 992 llla
397 945 525 992 velim
561 945 719 1010 rapida
757 944 986 992 Vulcanus
1025 944 1222 991 earmina
1255 943 1434 989 flamma

230 1045 277 1078 50
355 1033 543 1078 Torreat
580 1043 620 1078 et
653 1031 825 1096 liquida
862 1031 1004 1078 deleat
1041 1030 1184 1077 amnis
1220 1048 1348 1094 aqua.

282 1120 351 1164 Tu
376 1118 532 1183 procul
557 1118 663 1164 hinc
689 1118 823 1174 absis,
861 1117 931 1164 cui
954 1117 1144 1163 sormam
1170 1116 1361 1162 vendere
1386 1133 1493 1161 cura
1521 1125 1584 1159 est

347 1205 403 1251 Et
435 1204 626 1269 pretium
661 1203 794 1269 plena
831 1203 1002 1267 grande
1032 1203 1198 1249 referre
1229 1222 1378 1249 manu.

286 1290 343 1336 At
377 1302 440 1347 te,
489 1290 566 1355 qui
602 1309 792 1354 puerum
830 1290 962 1337 donis
1001 1308 1289 1354 corrumpere
1327 1307 1371 1335 es
1405 1305 1565 1345 ausus,

353 1376 517 1422 Rideat
553 1376 747 1422 assiduis
780 1394 893 1421 uxor
929 1374 1071 1421 inulta
1105 1374 1245 1430 dolis,

230 1474 276 1508 55
292 1463 347 1508 Et
382 1481 482 1509 cum
519 1461 682 1508 furtivo
719 1462 922 1508 iuvenem
959 1460 1189 1507 lassaverit
1224 1477 1334 1516 usu,

350 1550 519 1595 Tecum
553 1548 816 1613 interposita
852 1547 1068 1611 languida
1104 1558 1221 1592 veste
1259 1545 1400 1592 cubet.

286 1635 474 1699 Semper
509 1635 598 1680 sint
634 1646 812 1680 externa
845 1645 919 1680 tuo
951 1632 1135 1695 vestigia
1171 1630 1308 1688 lecto⁷

353 1723 408 1768 Et
445 1733 594 1786 pateat
626 1721 803 1785 cupidis
840 1739 1018 1785 semper
1049 1731 1202 1784 aperta
1239 1719 1424 1765 domus:

281 1810 373 1855 Nec
410 1808 573 1855 lasciva
605 1826 734 1854 soror
772 1807 948 1854 dicatur
977 1805 1108 1871 plura
1141 1805 1310 1852 bibisse

232 1906 279 1940 60
354 1893 523 1941 Pocula
558 1893 624 1940 vel
660 1893 811 1957 plures
848 1893 1086 1939 emeruisse
1118 1893 1249 1939 viros.

285 1980 412 2027 Illam
448 1998 579 2044 saepe
612 1979 762 2025 ferunt
797 1978 996 2025 convivia
1027 1977 1189 2025 ducere
1225 1977 1431 2036 Baccho,

352 2067 474 2113 Dum
506 2077 603 2112 rota
635 2064 832 2112 Luciferi
868 2076 1079 2129 provocet
1116 2076 1211 2111 orta
1249 2064 1390 2111 diem:

289 2151 370 2199 Illa
406 2151 527 2198 nulla
564 2159 697 2216 queat
728 2151 885 2198 melius
923 2170 1185 2198 consumere
1219 2163 1395 2199 noctem

350 2239 442 2285 Aut
477 2257 662 2303 operum
695 2238 839 2285 varias
876 2239 1150 2303 disposuisse
1184 2238 1313 2285 vices.

237 2325 355 2372 65At
390 2338 462 2372 tua
498 2326 763 2391 perdidicit:
818 2344 898 2372 nec
942 2337 1010 2383 111,
1053 2325 1333 2384 stultissime,
1380 2326 1540 2382 sentis,

361 2414 470 2459 Cum
508 2413 587 2459 tibi
624 2432 717 2459 non
753 2411 881 2459 solita
916 2432 1079 2478 corpus
1115 2412 1171 2459 ab
1208 2424 1299 2459 arte
1335 2424 1490 2458 movet.

333 2537 376 2571 V.
394 2539 451 2570 48.
485 2537 736 2572 Lmnmmnvs
762 2539 810 2570 Et
835 2548 879 2572 ex
904 2537 1008 2573 libris.
1059 2538 1172 2580 Vulgo
1199 2537 1254 2571 At
1279 2537 1408 2572 incerto
1434 2542 1586 2581 auctore,

240 2596 300 2630 sed
328 2599 434 2630 reete.
