1721 2953
277 147 355 185 546
588 141 957 185 COMMENTAR.
988 144 1048 185 IN
1077 145 1304 186 TIBULLI

276 264 311 294 ct
336 258 507 292 Hermo:
541 257 652 301 Saepe
676 255 742 289 illa
767 255 960 291 immeritae
985 263 1140 291 causata
1164 263 1218 292 ese
1244 257 1512 295 omina’lunae,
1537 257 1567 292 h.
1592 269 1624 293 θ.

276 326 406 359 somnia
439 334 459 356 a
494 322 573 355 luna
605 322 730 364 missa,
767 323 825 356 ubi
860 324 938 358 vide
971 326 1243 359 PASSERA'rmM.
1295 323 1484 357 Conlerunt
1517 325 1620 358 etiam

275 393 412 427 PLAUT.
439 389 584 423 Mercat.
603 388 650 432 Π,
672 391 703 432 1,
729 391 770 423 2:
795 389 893 424 miris
918 390 1027 425 modis
1053 390 1089 423 di
1113 389 1217 423 ludos
1234 388 1387 435 faciunt
1414 387 1622 425 hominibus,

276 455 450 501 Mirisque
476 454 643 500 exemplis
668 454 784 489 omina
807 453 845 488 in
868 455 997 489 somnis
1022 455 1176 489 danunt.
1198 473 1244 480 —
1270 455 1357 489 Mox
1383 455 1524 487 Farre
1549 453 1622 498 pio

274 523 455 565 placant
489 525 533 555 et
566 521 768 555 saliente
793 521 910 564 sale,
943 520 975 554 h.
1002 531 1032 554 e.
1058 521 1170 562 mola,
1204 524 1242 553 ut
1268 520 1355 554 dixit
1379 520 1507 554 Tibull.
1533 519 1562 562 Ι,
1587 522 1621 561 5,

272 589 343 628 14.,
366 586 426 619 ubi
451 585 539 620 vide.
598 586 663 620 Est
686 589 800 620 autem
818 585 889 632 far
907 585 1010 631 pium
1034 586 1126 629 quod
1150 586 1316 628 religioso
1341 587 1453 619 animo
1479 585 1621 619 offertur

270 656 306 686 et
339 652 398 685 sal
428 652 560 686 saliens
594 656 648 686 est
680 653 808 686 micans
841 652 876 686 in
909 653 1008 695 igne,
1042 662 1130 695 quae
1161 663 1216 685 res
1240 652 1320 685 boni
1346 652 1477 685 ominis.
1525 651 1621 684 Lau-

272 719 354 754 dant
379 720 524 754 HORA'P.
550 719 612 762 III,
635 723 693 762 23,
717 720 795 754 fin.:
834 717 1007 752 Immanis
1041 729 1143 750 aram
1176 717 1209 751 si
1242 716 1362 763 teligit
1389 729 1514 750 manus
1540 717 1620 749 Non

273 791 483 830 sumptuosa
510 785 671 819 blandior
695 785 814 819 hostia
834 785 992 820 Mollia-it
1017 797 1159 818 aversos
1182 787 1337 818 Penates
1363 785 1474 817 Farre
1496 786 1558 828 pio
1584 789 1619 815 et

269 851 420 885 saliente
455 851 565 888 mica,
601 855 637 885 et
670 852 820 886 Virmn„
857 853 940 886 Aen.
965 851 1009 893 V,
1035 853 1116 885 745.
1164 850 1263 884 Haec
1297 848 1474 883 hactenus.
1525 848 1619 881 Con-

270 918 390 951 temnit
413 917 520 960 igitur
544 917 673 951 somnia
698 917 920 960 Lygdamus,
947 915 1038 959 quod
1058 926 1126 948 non
1151 915 1233 948 facit
1258 915 1435 956 Tibullus,
1464 913 1508 947 cf.
1533 913 1561 955 Ι,
1585 915 1619 954 5,

272 985 328 1017 13.
355 1001 401 1007 —-
426 984 469 1018 V.
497 986 540 1016 11
567 995 642 1027 sqq.
690 983 745 1017 Et
771 988 855 1017 tam
867 994 928 1016 en.
974 982 1180 1025 Legendum
1203 991 1292 1014 nunc
1316 980 1451 1013 videtur
1475 979 1531 1013 At
1557 985 1617 1011 ta·-

270 1062 346 1084 men
379 1052 434 1086 vel
466 1050 537 1084 Sed
567 1057 704 1088 tamen,
740 1050 965 1095 oppositionis
999 1051 1131 1083 ratione
1164 1048 1362 1090 flagitante3
1396 1052 1432 1078 et
1457 1046 1508 1078 bis
1539 1049 1617 1078 ante

269 1117 397 1151 lectum
422 1118 525 1151 etiam
557 1119 665 1151 malus
690 1120 794 1161 poeta
819 1115 965 1149 senserit
997 1124 1087 1147 nunc
1121 1114 1268 1146 alienum
1297 1122 1383 1145 esse.
1433 1111 1518 1144 Mox
1554 1113 1616 1143 ut-

268 1197 443 1229 cunque
469 1189 538 1219 est
560 1187 685 1218 nollem
716 1185 902 1228 placuisset
928 1186 1072 1227 poetae3
1110 1192 1184 1214 nam
1212 1190 1335 1224 prosae
1361 1179 1507 1213 orationi
1534 1188 1615 1211 cou-

269 1253 458 1286 venieutior
494 1251 577 1285 haec
614 1251 761 1284 formula
798 1254 833 1284 et
869 1249 934 1284 hoc
969 1259 1078 1292 genus
1113 1248 1276 1281 transitus
1311 1257 1412 1289 quam
1448 1237 1614 1289 poeticae,

268 1319 416 1351 Omnino
442 1321 515 1351 tota
540 1319 709 1352 sententia
734 1317 870 1351 distichi
902 1328 969 1351 non
1005 1317 1140 1360 poetica
1172 1318 1244 1356 est,
1282 1325 1322 1347 ac
1354 1324 1396 1347 ne
1421 1316 1515 1346 recte
1541 1313 1616 1355 qui-

266 1383 344 1416 dem
378 1384 599 1417 conformata.
661 1383 750 1416 Nam
787 1383 900 1424 logica
934 1382 1020 1414 ratio
1058 1380 1156 1413 huius
1192 1384 1228 1412 et
1264 1379 1442 1421 sequentis
1480 1376 1614 1410 distichi

273 1447 357 1482 haec
383 1453 453 1490 est,
479 1453 518 1481 ut
542 1458 610 1481 non
635 1448 716 1490 quid
741 1448 882 1481 credant
905 1446 1059 1480 homines
1083 1456 1249 1489 quaerere
1273 1446 1421 1486 debeas,
1447 1443 1507 1477 sed
1532 1443 1613 1486 quid

266 1513 322 1547 sit.
372 1513 497 1547 Dicere
521 1513 627 1555 igitur
651 1513 817 1546 debebatx
854 1513 926 1545 sive
951 1523 1032 1545 vera
1064 1516 1143 1545 sunt
1167 1512 1297 1545 somnia
1321 1511 1392 1544 sive
1416 1510 1522 1552 falsa,
1549 1520 1615 1543 non

272 1583 411 1621 autem,
443 1582 482 1611 ut
505 1578 656 1620 videbis,
679 1578 722 1611 de
747 1576 919 1610 hominum
943 1578 1036 1620 loqui
1061 1578 1186 1610 iudicio
1211 1576 1276 1610 hoc
1300 1577 1415 1609 illove·
1440 1594 1486 1600 —-
1520 1576 1614 1609 sive

266 1645 344 1677 illi
368 1655 473 1677 vera
497 1643 678 1677 moneri.
727 1643 879 1685 Elegans
904 1646 957 1675 est
981 1642 1103 1674 lectio:
1129 1652 1215 1673 vera
1238 1640 1377 1675 moneri,
1402 1644 1441 1673 ut
1465 1640 1613 1675 Vossms-

263 1721 400 1754 quoque
424 1710 519 1744 vidit.
568 1709 632 1742 Illi
664 1714 779 1743 autem
812 1709 894 1742 ferri
926 1709 1063 1751 nequit,
1095 1707 1187 1750 quod
1214 1707 1256 1740 ad
1283 1705 1443 1739 homines
1468 1707 1613 1740 relatum

264 1776 472 1819 superfluum
509 1778 573 1808 est.
620 1775 741 1808 Scribe
771 1773 867 1811 illis,
902 1772 935 1807 h.
962 1783 992 1807 e.
1026 1772 1139 1806 verbis
1172 1773 1293 1806 divinis
1326 1776 1361 1806 et
1393 1773 1492 1806 extis.
1544 1772 1612 1808 Qui

263 1842 410 1885 probant
433 1841 490 1874 illi
513 1853 598 1874 vera
622 1840 797 1878 monenti,
831 1841 1027 1883 intelligunt
1057 1850 1120 1873 seu
1155 1840 1256 1873 deum
1293 1851 1355 1874 seu
1388 1839 1612 1883 haruspicem,

263 1908 481 1942 Huscnmus
507 1912 601 1941 vates
626 1908 805 1942 veridicos.
856 1909 901 1941 At
930 1908 1018 1941 male
1044 1911 1124 1952 post
1149 1908 1298 1951 plurales
1323 1917 1354 1940 v.
1381 1909 1416 1939 5.
1444 1909 1477 1940 6.
1505 1906 1612 1939 lectos

265 1973 353 2007 hunc
377 1974 584 2017 singularem
611 1973 749 2014 inferri,
782 1973 943 2006 miramur
977 1983 1045 2006 non
1072 1973 1181 2016 primo
1207 1972 1373 2016 adspectu
1398 1970 1611 2004 animadver»

264 2050 340 2073 sum
365 2039 408 2072 ab
434 2039 599 2072 omnibus.
625 2057 672 2063 —-
697 2038 806 2071 Porro
834 2038 1043 2071 Mendaci
1068 2048 1219 2071 somno
1245 2036 1275 2070 h.
1301 2048 1331 2070 θ.
1358 2036 1511 2077 somnio,
1537 2036 1609 2068 vel-

264 2105 313 2137 uti
341 2105 449 2137 Ovm·
483 2103 629 2138 Remed.
663 2103 739 2136 Am.
767 2106 848 2136 555.
898 2104 1003 2136 Plura
1029 2104 1180 2138 Vossrus
1205 2103 1305 2136 affert
1331 2103 1373 2135 ad
1399 2113 1430 2135 v.
1457 2104 1490 2135 3.
1540 2101 1606 2134 Co*

264 2174 375 2203 terum
408 2169 503 2203 vides
536 2173 672 2213 poetam
705 2179 773 2202 non
806 2173 939 2202 mutare
965 2169 1167 2202 sententiam
1192 2178 1299 2202 suam.
1349 2167 1481 2203 Quodsi
1506 2166 1609 2209 igitur

264 2239 344 2268 sunt
378 2238 582 2276 manentque
616 2234 701 2268 rana
734 2235 884 2276 somnia,
920 2244 981 2267 cur
1014 2237 1127 2267 tamen
1162 2233 1325 2277 describit
1349 2232 1447 2266 nobis
1481 2233 1610 2266 suum?

265 2302 385 2334 Monui
422 2301 465 2333 de
499 2299 561 2333 hac
596 2301 821 2344 repugnantia
855 2301 889 2333 in
922 2300 1190 2335 Introductione.
1215 2319 1260 2325 --
1298 2301 1472 2334 Lucina
1506 2301 1608 2342 vulgo

266 2367 348 2399 luno
375 2367 498 2400 dicitur
518 2370 556 2399 ut
578 2371 722 2409 constat,
745 2378 833 2401 nunc
853 2367 998 2409 Hecate,
1024 2378 1086 2401 seu
1110 2368 1220 2401 Diana
1246 2367 1419 2409 triformis,
1446 2367 1606 2400 CATULL.

264 2433 427 2474 XXXIV,
453 2435 507 2466 14.
542 2434 683 2468 limma
710 2435 771 2477 ΠΙ,
791 2437 861 2477 22„
887 2446 975 2478 quae
1001 2438 1162 2477 tanquam
1187 2434 1321 2468 Hecate
1346 2433 1475 2467 somnia
1503 2432 1607 2465 mittit

265 2504 299 2533 ci
323 2504 534 2534 avertunt-at.
584 2500 671 2534 Nam
705 2500 788 2535 hacc
824 2501 957 2536 videtur
990 2503 1022 2536 ei
1056 2502 1188 2535 misisse
1222 2500 1318 2533 triste
1350 2498 1536 2539 somnium,
1573 2499 1605 2530 in

266 2575 364 2606 quani
391 2575 459 2597 reni
485 2564 602 2598 confer
625 2567 812 2600 Pnovun'r.
840 2567 899 2609 lv,
925 2568 958 2609 4,
983 2569 1042 2600 23.
1068 2567 1144 2599 loco
1169 2575 1272 2609 supra
1298 2563 1456 2605 laudato,
1483 2567 1517 2596 ct
1542 2562 1604 2596 Ti-

265 2632 346 2665 buil.
375 2632 401 2672 l,
426 2634 607 2673 5,16.——
644 2633 799 2668 noctis
834 2634 1040 2675 timores,
1074 2631 1164 2665 visus
1197 2629 1254 2674 qui
1289 2630 1444 2663 timorem
1478 2628 1603 2663 iniece-
