1721 2953
491 153 634 194 Llssss.
665 151 717 191 ΙΙ.
776 150 935 191 ELEG.
966 152 1019 191 V.
1330 155 1410 188 269

72 274 167 307 nire
196 271 407 310 vidimus,
441 269 552 313 pergit
578 272 700 311 poeta,
737 267 997 310 praeterita
1022 268 1133 309 sint3
1169 270 1213 300 tu
1247 266 1417 309 Apollo

72 340 187 372 tolle
212 340 252 371 in
277 341 508 381 posterum
538 332 749 377 prodigia
776 335 820 364 et
847 331 1000 365 felicis
1026 333 1124 365 anni
1151 332 1316 376 praebe
1344 342 1414 363 no-

74 407 142 438 bis
166 404 373 448 auspicia
398 401 465 434 liis
491 400 680 433 flammis
706 399 823 432 sacri
849 399 926 432 tui.
977 399 1103 435 Quod
1140 410 1232 432 cum
1268 398 1416 431 saciat

75 471 203 511 deus,
245 470 463 503 continuo
507 468 558 500 ab
602 467 895 511 oppositione
932 466 1226 500 adversarum
1271 475 1414 498 rerum

75 536 244 568 transit
277 535 327 567 ad
361 534 502 567 fausti
527 534 629 566 anni
655 533 763 566 bona
789 536 832 565 et
857 533 1024 574 gaudia
1048 534 1223 567 rustica
1247 533 1418 566 descri-

75 602 238 642 benda,
281 601 323 634 in
359 601 451 634 fine
491 603 633 633 tamen
668 600 799 633 etiam
833 600 1159 642 querimoniam
1196 600 1419 633 eroticam

77 668 342 702 admiscens.

175 737 216 771 Vt
251 740 294 769 67
325 747 399 778 ,sqq-
459 735 673 768 Constructio
710 738 781 768 est:
834 734 1061 777 Quicquid
1105 734 1341 768 Amalthea
1381 751 1422 758 —-

81 803 199 844 sinu,
224 821 270 826 —-
305 801 410 835 haec
436 801 619 834 fueraut
652 802 780 842 olim,
811 799 843 833 11.
871 811 900 833 e.
929 802 1026 835 Quae
1052 811 1133 833 vero
1163 801 1318 844 prodigia
1344 801 1427 833 reli-

82 879 169 911 quae
207 872 342 911 praeter
377 867 601 910 Erythraeam
644 869 715 901 sive
758 868 943 900 Cumanam
981 868 1132 909 Sibyllae
1171 868 1426 910 praedixerunt,

83 935 265 977 praeterita
297 934 364 966 sint
397 944 461 966 nec
496 933 646 966 redeant.
705 932 766 965 Est
803 933 891 965 enim
926 932 978 965 hic
1013 933 1201 976 oppositio,
1237 937 1270 966 et
1305 932 1426 965 distin-

83 1000 157 1042 guit
183 1003 283 1043 poeta
307 1010 326 1031 a
350 1000 503 1043 principe
529 999 680 1041 Sibylla,
716 999 758 1031 de
792 1010 857 1041 qna
892 998 1065 1041 hucusque
1099 999 1246 1041 dictum,
1284 1003 1426 1032 ceteras.

86 1066 420 1099 Circumferebantur
446 1070 580 1109 praeter
605 1067 752 1099 carmina
778 1066 912 1109 publice
937 1070 1071 1099 servata
1097 1067 1196 1099 etiam
1230 1067 1296 1098 alia
1321 1066 1428 1099 multa

87 1133 274 1175 Sibyllina,
312 1137 347 1165 et
373 1134 547 1175 Augustus
576 1138 695 1177 postea
721 1144 824 1176 super
849 1133 916 1166 duo
945 1134 1050 1166 millia
1076 1133 1289 1166 fatidicorum
1324 1133 1431 1166 libro-

88 1210 160 1231 rum
188 1200 313 1232 Graeci
338 1200 520 1243 Latinique
547 1202 682 1243 generis
715 1204 889 1234 contracta
924 1201 1069 1243 undique
1095 1201 1268 1234 cremavit.
1317 1201 1355 1233 In
1383 1199 1433 1232 liis

89 1267 192 1299 multa
227 1267 382 1309 prodigia
415 1267 608 1310 praedicta,
641 1277 727 1309 quae
752 1267 918 1299 bellorum
947 1267 1095 1300 civilium
1124 1271 1277 1309 tempore
1301 1269 1435 1299 terrue-

90 1337 168 1365 runt
196 1333 337 1372 animOS,
363 1332 503 1364 LUCAN.
527 1331 555 1372 I,
579 1333 671 1364 564:
707 1331 868 1376 Diraque
891 1343 954 1374 per
976 1331 1148 1374 populum
1174 1334 1326 1363 Cmnaea
1354 1344 1435 1363 car-

91 1397 187 1430 mina
211 1397 305 1430 vatis
330 1397 549 1442 Vulgcmtur.
600 1398 649 1430 Ac
674 1397 831 1430 Tibullus
857 1398 993 1440 quidem
1021 1397 1104 1430 haec
1130 1398 1275 1431 infausta
1302 1400 1440 1432 oracula

91 1463 216 1497 ceteris
248 1463 388 1504 Sibyllis
423 1462 561 1505 tribuit,
601 1463 821 1506 principalem
856 1473 936 1495 vero
972 1463 1138 1505 Sibyllam
1174 1465 1293 1497 statuit
1326 1465 1439 1497 fausta

92 1531 257 1564 Romanis
302 1534 337 1563 et
382 1531 471 1562 laeta
515 1530 693 1571 nuntiare,
743 1534 780 1562 ut
826 1530 988 1563 VULPIUS
1038 1530 1140 1562 etiam
1190 1530 1440 1562 animadvertit.

95 1598 310 1641 Quamquam
337 1598 423 1630 enim
450 1597 587 1639 genuini
622 1595 756 1638 duoque
783 1607 842 1628 seu
870 1607 931 1638 pro
958 1597 1114 1638 genuinis
1145 1596 1249 1630 habiti
1276 1598 1350 1630 libri
1377 1609 1442 1630 nu-

96 1675 159 1708 per
196 1664 331 1696 collecti
372 1663 528 1706 prodigia
568 1664 659 1695 varia
699 1663 938 1695 continuerunt
976 1661 1062 1693 haud
1103 1662 1225 1704 dubie,
1265 1668 1447 1696 tacuerunt

98 1729 182 1762 haec
206 1728 283 1762 XV.
298 1728 361 1761 viri
386 1729 413 1760 si
439 1728 617 1769 legerunt,
643 1731 678 1759 et
698 1727 894 1759 nuntiarunt
919 1727 1050 1758 nonnisi
1074 1738 1161 1768 quae
1187 1728 1348 1760 salutaria
1375 1728 1443 1760 rei-

100 1798 267 1841 publicae,
301 1796 396 1829 cuius
423 1796 559 1838 generis
585 1799 663 1828 sunt
688 1796 789 1827 etiam
817 1795 1075 1838 procurationes
1101 1795 1345 1838 prodigiorum.
1394 1797 1445 1827 Ae

100 1863 263 1896 credibile
298 1872 373 1895 cum
409 1865 487 1904 post
519 1861 708 1903 antiquiora
743 1864 893 1892 cremata
928 1860 1066 1892 oracula
1105 1870 1123 1892 e
1158 1860 1253 1892 novis
1290 1860 1445 1893 collectis

103 1931 256 1963 delectus
282 1928 481 1968 haberetur,
517 1927 627 1975 eiecta
662 1929 697 1958 et
729 1925 868 1958 remissa
894 1925 958 1957 iam
986 1928 1057 1957 tum
1084 1924 1233 1957 tristiora
1261 1925 1367 1957 multa
1393 1925 1447 1958 ef-

102 1995 190 2036 fata,
235 1998 273 2027 ut
307 1993 476 2027 contraria
512 1992 657 2024 Romani
697 1991 829 2033 imperii
869 1990 958 2023 satis.
993 2008 1036 2013 -—
1086 1989 1319 2023 Amalthea
1355 1991 1447 2034 apud

104 2061 349 2094 LACTANTIUM
375 2059 401 2100 I,
427 2062 460 2091 6.
496 2062 548 2091 est
574 2058 745 2097 Cumana,
764 2056 840 2088 ·sed
868 2056 1024 2088 Tibullus
1060 2055 1239 2097 distinguit
1269 2059 1449 2098 utramque

105 2128 190 2159 alios
216 2129 374 2158 auctores
400 2129 549 2157 secutus.
602 2125 752 2156 Cumana
780 2123 890 2167 potuit
916 2123 1053 2155 Tibullo
1079 2123 1188 2155 Demo
1214 2132 1309 2164 esse,
1349 2133 1450 2165 quam

106 2193 311 2225 PAnsAMAs
336 2190 430 2222 nobis
457 2189 581 2221 indicat
605 2189 649 2230 X,
672 2191 726 2220 12,
744 2207 790 2212 —
816 2187 1082 2231 Marpessia.
1131 2187 1212 2220 Fuit
1237 2188 1451 2220 Mermessus

108 2259 202 2291 vicus
241 2257 274 2289 in
308 2267 391 2298 agro
424 2256 604 2297 Gergffio,
642 2256 684 2289 cf.
711 2257 813 2289 Smn.
844 2266 870 2288 s.
896 2266 948 2296 xm,
979 2256 1045 2287 alia
1081 2255 1354 2298 pronuntiatione
1389 2266 1452 2287 no-

109 2324 228 2364 minis,
266 2327 302 2355 ut
329 2322 478 2354 Hormo
505 2320 655 2361 videtur,
689 2321 790 2353 etiam
817 2322 1027 2362 Mat-pessus
1061 2319 1190 2361 dictus,
1225 2320 1392 2361 siquidem
1418 2320 1451 2352 in

112 2388 288 2422 codicibus
324 2388 535 2420 PAUSAMAE
573 2385 648 2417 libr.
672 2384 716 2425 X,
745 2388 798 2417 12.
832 2388 866 2416 et
892 2385 1098 2418 LAc'rAN'ru
1123 2386 1144 2418 l.
1172 2397 1203 2419 c.
1237 2385 1319 2419 haec
1345 2386 1454 2418 forma

113 2455 292 2498 reperitur,
317 2457 354 2486 ut
379 2463 445 2486 non
469 2462 554 2495 opus
579 2452 624 2484 sit
649 2462 725 2484 cum
747 2451 1011 2483 Bnoncifflnsm
1039 2452 1226 2486 rescribere
1248 2451 1456 2485 Mermessia

115 2521 158 2554 de
183 2521 351 2554 sententia
376 2521 551 2553 Smnmsn
577 2518 747 2552 Exercitt.
773 2519 861 2552 Plin.
889 2530 920 2561 p.
941 2521 998 2552 78.
1048 2519 1232 2552 Probabile
1256 2529 1336 2551 vero
1359 2518 1456 2550 Mar-

118 2591 262 2633 pessiam
289 2599 377 2621 nunc
402 2588 468 2620 dici
495 2586 801 2629 Heropliilen‚
827 2585 1112 2628 quemadmodum
1133 2586 1222 2630 apud
1243 2587 1456 2619 Pmsmmm

117 2667 154 2690 se
183 2656 285 2688 taleni
313 2653 461 2688 venditat
486 2654 558 2697 ipsa
583 2654 603 2686 l.
630 2654 711 2695 cit-3
746 2653 836 2695 quod
868 2654 993 2696 placuit
1021 2653 1229 2694 Hrscnxio,
1265 2653 1458 2695 simpicante

1045 2726 1088 2758 is)
