1721 2953
309 162 390 200 390
629 155 1002 200 COMMENTAR.
1032 159 1090 200 IN
1121 159 1348 201 'l'lBULLl

806 370 1155 416 EXPLICATIO.

401 532 442 566 V.
469 534 587 567 1-38.
646 532 905 570 Exordium.
964 536 1167 571 Excusat
1204 540 1341 582 poeta
1378 538 1653 573 tenuitatem

307 599 501 641 ingenii,
538 603 640 633 orat
666 601 911 636 Messalam
937 608 983 637 ut
1015 605 1212 648 benigne
1239 605 1440 649 recipiat
1464 616 1652 647 carmen,

303 676 389 708 quo
432 668 577 710 possit
618 668 661 701 in
701 673 930 712 posterum
973 671 1013 704 ei
1058 672 1197 704 etiam
1236 672 1323 705 alia
1367 683 1655 714 consecrare,

304 736 522 776 optatque
561 738 608 767 ut
645 736 795 769 victor
836 736 1046 771 discedat
1083 738 1205 771 inter
1247 738 1516 773 laudatores
1557 739 1653 781 viri,

304 797 497 832 maiores
533 801 680 834 claros
715 801 829 835 fama
861 804 1139 847 superaturi.
1165 822 1211 829 -—·

398 866 440 899 V.
468 868 483 899 1
512 877 585 909 sqq.
635 867 716 910 Te,
752 869 971 912 Messala,
1007 882 1170 905 canam.
1221 870 1299 904 Non
1325 871 1517 916 displicebit
1540 883 1654 916 spero,

303 929 395 972 quod
417 931 540 975 copula
561 932 651 966 nulla
672 934 837 976 sequitur.
887 934 1074 969 Nervosior
1096 940 1149 969 est
1175 935 1264 969 haec*
1282 948 1345 980 per
1367 948 1404 971 se
1430 939 1539 981 posita
1565 949 1654 972 nun-

303 996 400 1029 tiatio
424 995 593 1031 thematis.
616 1017 662 1023 —
686 999 872 1041 cognita
896 1000 1046 1033 virtus
1072 999 1160 1034 haud
1187 1001 1288 1035 dubie
1314 1001 1504 1044 Messalae,
1527 1007 1565 1036 ut
1589 1014 1654 1036 no·-

305 1066 378 1096 tant
404 1064 505 1098 etiam
530 1065 851 1099 WUNDEnmcnms
878 1069 913 1100 et
939 1067 1171 1108 Husc111<ms3
1203 1078 1313 1110 neque
1339 1068 1426 1101 enim
1452 1068 1494 1100 de
1518 1069 1655 1111 poetica

303 1130 467 1164 facultate
493 1142 569 1165 cum
593 1131 863 1166 'Buoncmmsm
890 1136 926 1166 et
952 1134 1093 1167 Vnmo
1127 1134 1272 1176 cogitari
1305 1144 1408 1177 posse
1435 1135 1518 1167 satis
1545 1137 1653 1178 patet.

304 1197 465 1232 Ceterum
498 1198 541 1231 de
573 1209 636 1231 usu
669 1199 763 1232 verbi
789 1199 1002 1233 Huscfflssus
1038 1204 1214 1244 comparat
1246 1200 1434 1233 PuopssR'r.
1458 1200 1485 1241 l,
1515 1202 1569 1242 ll,
1596 1203 1652 1235 17.

302 1262 362 1304 IV,
381 1266 414 1305 6,
433 1265 490 1297 37.
519 1263 661 1297 VALnu.
681 1263 814 1297 FLAcc.
841 1264 867 1306 Ι,
894 1267 975 1298 788.
993 1283 1040 1289 -
1065 1275 1130 1298 me
1154 1269 1196 1298 et
1221 1265 1473 1299 LACHMANNUS
1499 1265 1542 1299 de
1568 1277 1653 1299 con-

302 1327 431 1361 iectura
455 1330 611 1373 scripsit,
646 1331 814 1362 sententia
838 1332 952 1363 tamen
977 1330 1118 1372 melior,
1152 1335 1316 1373 quantum
1342 1331 1464 1374 video,
1497 1332 1526 1365 si
1555 1331 1653 1365 abest

302 1399 348 1428 et.
373 1411 420 1418 —-
459 1394 739 1437 subsistere,
772 1396 942 1437 sufficere,
973 1407 1013 1429 ac
1043 1401 1218 1439 comparat
1245 1397 1416 1430 Hermus
1443 1397 1515 1430 Cic.
1540 1396 1651 1440 Epist.

302 1459 345 1492 ad
370 1460 446 1493 Div.
471 1460 534 1502 XI,
560 1463 622 1493 10:
656 1460 736 1492 Non
761 1459 793 1492 si
821 1459 993 1493 Varronis
1019 1460 1207 1493 thesauros
1243 1460 1425 1499 haberem,
1459 1460 1650 1495 sahsislere

301 1527 437 1559 sumlui
467 1538 613 1571 possem.
665 1525 761 1559 Adde
794 1526 901 1560 Ovln.
940 1526 1048 1571 Epist.
1084 1538 1129 1561 ex
1159 1528 1274 1561 Ponto
1309 1528 1371 1571 III,
1406 1531 1439 1572 4,
1473 1532 1539 1563 83:
1578 1530 1649 1562 Res

304 1603 440 1637 quoque
476 1597 584 1623 tanta
615 1589 720 1636 suit,
764 1597 921 1637 quantae
960 1590 1150 1624 subsistere
1187 1605 1320 1626 summo
1357 1595 1534 1628 Aeneidos
1571 1596 1651 1629 vali

301 1656 436 1704 grande
455 1655 593 1702 fuisset
626 1667 724 1700 opus.
749 1675 795 1681 —
830 1656 1030 1690 Lectionem
1066 1662 1296 1700 nequeant
1330 1670 1348 1692 a
1383 1660 1595 1693 SCALIGERO
1629 1672 1648 1694 e

303 1725 505 1760 Cunerum
531 1728 703 1769 receptam
729 1723 983 1758 LAcnmANNUS
1008 1725 1058 1758 sic
1084 1726 1257 1770 explicat,
1284 1738 1359 1761 esse
1385 1734 1426 1760 ut
1453 1729 1649 1762 conceden-

303 1793 358 1827 tis,
406 1791 482 1825 Erit
509 1792 614 1835 igitur
640 1793 867 1826 constructio:
897 1797 934 1826 ut
959 1798 1132 1836 nequeant
1158 1804 1185 1827 s.
1213 1795 1344 1828 etiamsi
1370 1800 1540 1838 nequeant
1565 1797 1649 1829 sub-

302 1859 423 1892 sistere
450 1859 558 1901 vires,
595 1858 754 1902 incipiam
780 1864 906 1893 tamen.
957 1859 994 1891 In
1021 1870 1088 1902 quo
1114 1861 1356 1902 grammaticae
1383 1862 1520 1904 quidem
1545 1863 1648 1895 satis-

303 1924 427 1958 factum
455 1929 525 1967 est,
552 1930 652 1969 poeta
679 1935 759 1958 vero
786 1935 874 1957 nunc
900 1925 1107 1968 pertinacior
1131 1926 1301 1959 videbitur
1326 1937 1426 1969 quam
1451 1927 1647 1962 modestior.

303 1992 420 2027 Quare
456 1992 647 2025 etiamnunc
681 1992 790 2034 magis
815 1992 926 2035 placet
960 1993 1155 2027 valeant.
1213 1993 1291 2027 Non
1327 1994 1412 2027 bene
1447 1999 1648 2038 separantur

302 2057 403 2090 verba
440 2062 587 2091 terret
621 2062 681 2099 ut,
719 2069 805 2101 quae
841 2070 935 2093 mens
972 2065 1094 2104 sponte
1127 2061 1322 2103 coniungit,
1363 2062 1421 2094 ubi
1455 2067 1569 2095 autem
1604 2073 1644 2095 ea

303 2124 538 2164 coniunxeris,
570 2125 764 2157 concinnior
788 2128 880 2158 totus
907 2126 1001 2158 locus
1028 2127 1092 2159 erit
1118 2127 1345 2169 perpetuitate
1371 2127 1643 2161 constructionis.

304 2188 404 2223 Quod
441 2188 604 2222 eiusmodi
640 2193 710 2231 est,
747 2195 785 2223 ut
820 2191 920 2224 etiam
955 2191 1158 2224 deteriorem
1193 2191 1393 2236 scriptorem
1430 2193 1550 2236 sugere
1575 2205 1642 2227 non

304 2255 420 2298 possit.
472 2256 521 2287 Ac
548 2255 731 2298 probarunt
757 2255 820 2288 hoc
846 2256 1019 2300 plerique,
1045 2260 1083 2289 ut
1109 2267 1217 2300 nuper
1244 2258 1428 2300 Hnrmus,
1455 2259 1644 2292 WUNDER·

306 2331 470 2363 memus,
494 2322 664 2364 Vossms,
691 2323 870 2366 Bscnms,
897 2324 1130 2365 Huscnxms,
1156 2325 1392 2358 Gonssnnrns.
1442 2326 1499 2358 Sic
1525 2330 1568 2358 ut
1592 2328 1645 2358 est

303 2400 344 2421 ne
369 2400 456 2423 non,
491 2389 540 2421 uti
568 2390 730 2433 explicuit
756 2393 940 2425 Aenianes
967 2393 1145 2433 Srmvrm,
1185 2396 1263 2424 nota
1290 2393 1539 2425 constructione
1565 2403 1645 2424 ver-

302 2455 422 2489 borum
449 2456 634 2496 metuendi,
664 2457 814 2498 timendi,
837 2458 997 2498 terrendi,
1024 2468 1054 2490 v.
1082 2468 1111 2491 c.
1139 2458 1281 2491 Hom'r.
1308 2458 1334 2499 1,
1359 2460 1393 2500 2,
1418 2461 1462 2490 5:
1501 2457 1643 2488 Terruit

302 2526 443 2566 gentes,
481 2533 591 2565 grave
626 2535 666 2554 ne
701 2524 829 2556 rediret
863 2525 1050 2558 Saeculum
1077 2525 1250 2570 Pyrrhae.
1309 2525 1376 2559 Qui
1411 2523 1642 2557 Camerinum

305 2586 459 2620 codicem
489 2587 689 2631 descripsit,
716 2590 849 2624 videtur
873 2590 952 2624 mihi
980 2597 1020 2623 ut
1047 2603 1096 2636 pr.
1124 2592 1168 2624 ita
1194 2595 1231 2624 ut
1257 2591 1441 2634 accepisse,
1470 2590 1558 2624 nude
1582 2603 1642 2623 ne-

305 2657 434 2698 queant
463 2653 651 2687 emendavit
680 2665 727 2698 pr.
755 2655 911 2692 valeant.
962 2655 1047 2690 Nam
1075 2656 1155 2689 illud
1183 2656 1316 2700 quidem
1344 2655 1556 2689 manifestum
1581 2660 1642 2694 est.
