1721 2953
283 166 361 199 55'2
593 156 961 202 COMMENTAR.
992 162 1046 202 lx
1082 163 1304 203 'mmmm

526 572 1016 622 COMMENTARIUS
1060 576 1121 623 IN
1159 576 1403 623 TIBULLl

678 700 898 741 LIBRUM
929 701 1222 750 QUARTUM.

618 891 1153 939 CARMEN
1258 895 1286 938 I.

735 1014 804 1047 AD
844 1014 1172 1048 MESSALAM.

755 1301 815 1342 ΙΝ
818 1300 1164 1344 TRODUCTIO.

284 1447 376 1505 Μ.
405 1466 482 1501 Val.
506 1464 656 1499 Messala
681 1465 865 1508 Corvinus,
894 1477 994 1509 quem
1020 1477 1064 1501 ex
1089 1466 1320 1510 superioribus
1345 1468 1518 1510 novimus,
1544 1478 1621 1501 ann.

283 1535 362 1565 723.
388 1541 466 1565 cum
492 1531 639 1565 Caesare
664 1532 851 1566 Octaviano
875 1534 1088 1566 consulatum
1113 1534 1252 1574 inierat,
1277 1544 1345 1576 quo
1372 1538 1526 1577 tempore
1553 1534 1626 1566 bel—

284 1599 353 1631 lum
385 1601 505 1631 contra
537 1598 719 1631 Antonium
751 1598 921 1638 instabat;
956 1608 1061 1640 quare
1091 1602 1213 1631 auctor
1248 1597 1346 1631 huius
1380 1600 1536 1632 carminis
1570 1599 1627 1641 qui

283 1665 348 1697 iam
375 1664 456 1697 olim
479 1673 602 1707 magna
628 1666 725 1706 parte
749 1672 910 1704 agrorum
936 1663 1117 1706 spoliatum
1143 1673 1181 1695 se
1207 1663 1396 1705 signifieat,
1424 1674 1510 1696 nova
1536 1664 1629 1707 peri-

284 1731 361 1763 cula
393 1730 515 1763 timens
548 1729 772 1773 patrocinium
806 1729 954 1762 consulis
987 1729 1120 1773 egregii
1154 1729 1259 1763 ambit
1291 1729 1406 1762 oblato
1432 1729 1496 1763 hoc
1523 1741 1630 1773 pane-

284 1795 404 1837 gyrico
429 1798 608 1838 poemate,
644 1795 701 1827 ubi
736 1805 854 1828 omnes
886 1795 1005 1828 laudes
1039 1795 1102 1828 viri
1137 1795 1214 1828 data
1249 1806 1354 1839 opera
1380 1797 1629 1840 complectitur,

284 1872 390 1905 seque
422 1862 455 1895 ei
485 1861 519 1894 in
553 1864 755 1905 perpetuum
787 1861 958 1896 addictum
993 1863 1182 1907 profitetur.
1232 1862 1375 1896 Constat
1399 1863 1531 1896 diversa
1556 1874 1632 1896 esse

285 1930 433 1962 virorum
458 1928 635 1962 doctorum
660 1927 703 1960 de
727 1928 875 1961 carmine
908 1927 972 1961 hoc
998 1929 1137 1971 eiusque
1163 1933 1302 1963 auctore
1326 1930 1469 1971 iudicia3
1507 1941 1567 1964 nos
1594 1935 1630 1963 ut

285 1996 402 2030 ordine
435 2005 597 2039 agamus,
632 1995 776 2038 primum
810 1995 916 2038 ipsius
949 1997 1106 2030 carminis
1139 1997 1304 2031 rationem
1329 1997 1628 2037 considerabimus,

286 2063 410 2096 deinde
434 2062 477 2095 de
499 2065 639 2094 auctore
662 2060 824 2094 dicemus,
873 2061 983 2104 Igitur
1001 2067 1237 2105 argumentum
1256 2062 1320 2096 hoc
1340 2067 1410 2097 est:
1435 2064 1474 2096 In
1495 2073 1625 2096 exor-

286 2129 359 2161 dio
394 2132 496 2172 poeta
529 2131 670 2160 excusat
699 2128 886 2161 exilitatem
911 2129 1037 2171 ingenii
1061 2130 1124 2163 sui.
1183 2130 1402 2164 Cautaturum
1429 2139 1467 2163 se
1492 2129 1629 2163 Messa-

287 2195 373 2235 lam,
406 2194 486 2227 licet
514 2194 635 2244 virtus·
654 2194 794 2236 egregia
828 2194 1001 2229 deterrere
1035 2197 1143 2240 possit
1174 2196 1361 2237 infirmum3
1401 2196 1522 2238 quodsi
1547 2206 1629 2229 vero

288 2260 391 2293 etiam
416 2261 524 2303 impar
551 2259 825 2303 deprehendatur
850 2273 984 2296 carmen
1012 2263 1134 2296 debitis
1159 2262 1315 2295 laudibus
1340 2266 1375 2295 et
1399 2263 1471 2306 ipse
1496 2261 1630 2295 humilis

288 2326 444 2359 conditor
474 2330 638 2369 appareat
671 2326 771 2358 tantis
805 2327 908 2368 actis,
941 2332 1033 2361 certe
1059 2329 1206 2361 voluisse
1231 2328 1312 2360 satis
1337 2338 1422 2360 esse.
1472 2326 1629 2360 Ostendit

289 2390 411 2424 deinde
436 2392 601 2434 exemplis
627 2402 668 2424 ex
693 2391 904 2434 mythologia
929 2396 964 2425 et
990 2393 1083 2426 cultu
1108 2393 1249 2426 deorum
1277 2393 1391 2436 petitis
1417 2393 1516 2426 etiam
1543 2391 1626 2424 deos

289 2468 393 2500 parva
417 2456 504 2490 dona
528 2467 593 2490 non
619 2469 799 2501 respuere,
832 2463 999 2501 rogatque
1024 2461 1073 2493 sic
1099 2460 1278 2493 Messalam
1306 2462 1343 2491 ut
1368 2467 1506 2501 parvum
1533 2456 1629 2488 labo-

290 2531 360 2554 rem
397 2521 543 2564 benigne
581 2524 738 2566 excipiat.
800 2525 875 2556 Alia
910 2528 1108 2566 argumenta
1143 2525 1301 2566 relinquit
1335 2524 1428 2563 aliis,
1467 2527 1501 2554 at
1539 2532 1621 2555 suae

291 2587 460 2620 Camenae
486 2588 710 2630 quodcunque
738 2591 875 2632 possint,
900 2590 935 2623 id
961 2601 1058 2624 omne
1080 2591 1248 2623 Messalae
1273 2592 1382 2621 vovet.
1433 2587 1520 2620 Esse
1542 2588 1628 2620 enim

291 2654 470 2689 maximam
498 2655 735 2697 praestantiam
763 2656 844 2697 viri,
873 2657 929 2698 qui
957 2657 1057 2690 etiam
1084 2655 1193 2699 gentis
1218 2654 1377 2696 antiquae
1404 2654 1544 2695 gloriam
1572 2662 1632 2684 su—
