1721 2953
296 150 323 187 2
702 140 942 187 TIBULLI
995 140 1104 186 Llss.
1137 140 1168 185 1.
1200 149 1228 184 1.

351 268 406 312 Et
432 266 733 332 quodcunque
762 264 869 310 mihi
908 283 1090 329 pomum
1124 281 1263 309 novus
1296 261 1454 309 educat
1481 281 1639 317 annus,

412 353 617 398 Libatum
657 349 877 413 agricolae
913 350 1097 415 ponitur
1134 363 1233 396 ante
1271 349 1416 396 deum.

298 438 484 486 lfiFlava
523 438 681 493 Ceres,
729 436 807 483 tibi
843 436 899 483 sit
934 448 1088 483 nostro
1125 436 1180 483 de
1217 454 1318 482 rure
1356 453 1522 482 corona

412 524 597 588 Spicea,
645 542 760 588 quae
797 522 949 588 templi
985 522 1179 587 pendeat
1214 534 1313 569 ante
1350 521 1492 568 fores:

350 610 645 675 Pomosisque
684 609 821 655 ruber
858 620 1006 655 custos
1042 619 1238 672 ponatur
1273 608 1320 654 in
1356 607 1524 664 hortis,

414 698 599 742 Terreat
635 707 680 742 ut
716 713 845 742 saeva
880 693 991 741 falce
1027 694 1220 759 Priapus
1256 712 1368 740 aves.

348 784 438 828 Vos
471 800 675 846 quoque,
708 780 849 828 felicis
883 779 1113 845 quondam
1144 798 1266 826 nunc
1297 777 1509 844 pauperis
1543 778 1638 840 agri

294 881 341 915 20
420 867 661 923 Custodes,
707 867 832 913 sertis
868 885 1055 912 munera
1091 878 1259 923 vestra,
1305 866 1454 912 Lares.

347 954 476 1000 Tunc
509 952 643 1000 vitula
680 953 940 999 innumeros
976 951 1195 998 lustrabat
1230 969 1360 998 caesa
1394 950 1627 996 iuvencos:

412 1041 542 1085 Nunc
579 1057 695 1102 agna
728 1038 875 1102 exigui
913 1049 978 1085 est
1011 1037 1157 1085 hostia
1193 1055 1331 1102 parva
1365 1034 1460 1083 soli.

345 1125 478 1188 Agna
513 1125 642 1172 cadet
670 1123 823 1181 vobis,
873 1142 1006 1189 quam
1045 1123 1212 1169 circum
1247 1122 1413 1168 rustica
1447 1120 1590 1186 pubes

415 1210 583 1257 Clamet
617 1210 682 1257 ‘io
714 1227 879 1256 messes
912 1220 954 1256 et
987 1209 1109 1256 bona
1138 1208 1241 1255 vina
1276 1207 1401 1254 date.'

293 1299 442 1344 251am
479 1296 615 1343 modo
653 1315 744 1342 non
779 1314 965 1360 possum
998 1305 1233 1342 contentus
1268 1293 1411 1341 vivere
1447 1311 1585 1360 parvo

412 1384 502 1428 Nec
537 1399 713 1446 semper
748 1379 909 1444 longae
942 1380 1119 1426 deditus
1157 1397 1251 1425 esse
1281 1379 1399 1434 viae,

348 1468 438 1514 Sed
477 1467 610 1513 Canis
648 1466 835 1513 aestivos
871 1476 994 1512 ortus
1030 1465 1166 1511 vitare
1198 1465 1282 1511 sub
1314 1464 1475 1510 umbra

418 1553 608 1600 Arboris
645 1552 703 1600 ad
739 1555 858 1599 rivos
895 1550 1219 1617 praetereuntis
1251 1568 1404 1616 aquae.

346 1643 437 1687 Nec
475 1653 621 1687 tamen
661 1638 887 1686 interdum
924 1637 1092 1703 pudeat
1124 1636 1317 1684 tenuisse
1350 1635 1577 1682 bidentem

292 1742 340 1774 30
417 1727 507 1772 Aut
542 1725 720 1773 stimulo
757 1723 910 1772 tardos
947 1723 1222 1788 increpuisse
1256 1722 1419 1778 boves,

388 1928 428 1959 V.
449 1927 503 1959 14.
539 1925 776 1968 agricotae
801 1942 846 1947 —
872 1923 1003 1957 deum
1037 1923 1125 1956 libri.
1174 1922 1319 1956 Videtur
1353 1922 1414 1955 deo
1446 1921 1638 1965 legendum.

390 2006 431 2038 V.
450 2007 506 2037 ⁸22.
543 2014 677 2048 parva
713 2003 789 2036 libri
822 2003 960 2046 optimi,
1003 2003 1093 2045 quod
1129 2002 1264 2035 bonum.
1294 2020 1338 2026 -
1402 2003 1441 2035 V.
1457 2004 1515 2034 25.
1549 2002 1639 2034 Iam

294 2069 421 2102 modo
453 2079 535 2101 non
574 2078 763 2111 possum.
819 2067 1052 2101 CYLLRNms:
1098 2067 1189 2108 iam,
1230 2066 1327 2099 modo
1360 2079 1446 2107 non,
1486 2078 1639 2110 possum,

297 2136 388 2179 quod
433 2135 553 2178 probat
586 2135 823 2169 Gommmms,
888 2133 1063 2177 Excerpta
1102 2134 1386 2167 Fmsmcssnsu:
1430 2132 1500 2164 iam
1541 2131 1639 2164 modo

294 2200 377 2234 iam.
446 2199 660 2232 Coniecturis
700 2199 846 2231 virorum
881 2198 1058 2232 doctorum
1093 2199 1128 2232 in
1160 2199 1411 2232 Commentario
1446 2199 1640 2231 memoratis

293 2266 380 2299 adde
415 2266 558 2298 Mamm
592 2264 882 2297 emendationem:
921 2265 999 2294 Iam
1033 2276 1094 2296 nec
1126 2276 1213 2298 non,
1249 2265 1443 2298 Observatt.
1469 2264 1511 2297 ad
1539 2265 1640 2297 Statii

296 2331 414 2365 Actum.
441 2343 472 2373 p.
487 2333 520 2363 8.
554 2329 773 2374 propositam.
824 2329 902 2372 Ipse
935 2330 1098 2362 coniicio:
1133 2331 1211 2360 Iam
1237 2330 1366 2362 modico
1391 2341 1533 2373 possum
1558 2341 1639 2361 con-

295 2402 415 2427 tentus
444 2396 557 2427 rivere
589 2394 625 2426 in
652 2406 757 2435 arvo,
794 2404 870 2427 cum
905 2405 991 2438 opus
1016 2396 1060 2427 sit
1084 2395 1242 2428 notione:
1280 2395 1368 2427 domi
1395 2399 1429 2427 et
1458 2394 1488 2427 in
1520 2396 1639 2437 patria,

297 2465 504 2494 monstrante
537 2460 750 2503 oppositione
787 2460 909 2502 longae
941 2460 1024 2493 viae.
1050 2479 1097 2485 —
1154 2460 1195 2493 V.
1213 2462 1270 2493 29.
1304 2459 1534 2492 bidentem
1564 2460 1637 2492 Re-

296 2527 442 2570 giensis,
480 2527 620 2565 melius3
657 2525 747 2557 unde
781 2527 883 2567 vulgo
916 2526 1054 2568 placuit.
1114 2526 1178 2558 Ubi
1212 2526 1298 2557 enim
1331 2525 1498 2558 interdum
1533 2530 1638 2566 tenet,

297 2603 396 2624 unum
416 2592 587 2623 bidentem
607 2594 697 2622 tenet
719 2594 830 2632 poeta,
853 2600 916 2623 non
934 2591 1046 2633 piures
1063 2590 1171 2623 simul.
1200 2589 1450 2623 Lxcnmxxus
1472 2589 1635 2623 bidentes.
