1721 2953
630 101 871 144 TIBULLI.
1302 120 1426 146 cxxxi

75 220 219 271 puella,
255 226 294 259 et
322 231 414 258 cum
442 217 485 256 in
515 216 755 256 hexametro
785 216 1073 269 praeposuerit
1100 220 1250 266 izwem's,
1289 224 1424 256 tamen

80 308 165 333 non
206 292 319 334 vides
364 291 550 331 similiter
588 292 888 332 substantivum
928 293 1053 347 puella
1096 293 1138 332 in
1181 292 1427 346 pentametri

78 370 202 408 initiis
232 368 494 417 collocatum,
525 365 596 407 sed
625 366 852 406 secundum
874 368 1098 408 verborum
1125 367 1428 420 oppositionem

79 458 189 483 nunc
227 441 328 482 ordo
360 456 510 483 vocum
544 442 753 483 institutus
795 451 855 482 est
892 451 932 482 et
961 443 1025 482 his
1057 444 1178 482 etiam
1214 443 1278 482 ius
1309 456 1430 482 suum

81 519 241 568 datum,
282 532 365 571 quo
396 519 504 558 facto
534 526 677 559 auctus
709 527 767 558 est
798 519 1016 558 manifesto
1046 519 1163 570 vigor
1193 518 1432 560 sententiae.

78 595 224 647 Neque
249 595 358 633 enim
382 594 509 634 solius
537 594 656 633 metri
682 607 803 633 causa
827 595 924 633 talia
945 593 1071 643 fiunt,
1105 593 1219 647 quod
1243 595 1432 634 classicus

78 677 201 722 poeta
232 669 348 708 facile
377 668 526 719 vincit,
556 668 628 711 sed
660 677 707 709 ut
737 670 876 710 omnia
907 684 1011 723 quae
1040 670 1124 709 vim
1153 670 1306 709 habere
1334 684 1433 722 pos·

80 752 177 783 sunt
210 744 255 782 in
291 744 514 795 sententia,
557 745 723 785 valeant
763 759 887 798 quam
924 745 1173 797 plurimum,
1217 753 1340 798 atque
1378 745 1434 784 ita

80 820 297 871 multiplex
325 820 387 860 vis
419 834 561 860 rerum
591 821 770 860 exsistat.
829 819 1012 860 Subiicio
1041 821 1180 860 locum
1209 822 1239 872 Ι,
1258 826 1297 871 2,
1320 827 1398 863 27:

192 895 280 934 Nec
310 895 406 934 sinit
437 903 626 935 occurrat
657 897 898 949 quisquam,
941 896 1013 949 qui
1044 910 1220 949 corpora
1250 897 1362 937 ferro

249 970 457 1009 vulneret
486 978 555 1010 aut
583 979 702 1023 rapta
732 972 915 1024 praemia
945 980 1055 1012 veste
1085 980 1220 1024 petat,

82 1044 157 1084 ubi
194 1043 308 1086 vides
344 1059 510 1085 sensum
539 1047 650 1086 hunc
683 1060 793 1087 esse:
839 1048 911 1100 qui
950 1061 1099 1099 corpus
1139 1048 1332 1088 vulneret
1368 1057 1436 1088 aut

82 1128 236 1161 vestem
271 1120 419 1172 rapiat.
486 1119 569 1159 Sed
604 1129 728 1172 poeta
765 1122 929 1162 inverso
966 1121 1111 1162 ordine
1152 1124 1279 1163 verba
1310 1125 1437 1164 collo-

83 1195 190 1233 cavit
226 1195 306 1234 sic:
351 1194 423 1247 qui
463 1208 639 1248 corpora
675 1196 864 1236 vulneret
904 1205 974 1235 aut
1011 1199 1145 1249 rapiat
1184 1206 1362 1247 vestem,
1404 1213 1436 1237 s.

83 1277 200 1321 rapta
223 1277 335 1309 veste
356 1271 541 1321 praemia
565 1278 696 1322 petat,
727 1284 941 1323 opponens
963 1285 1073 1311 nunc
1100 1274 1227 1313 verba
1249 1275 1440 1312 vulnerare

84 1351 121 1381 et
160 1357 318 1396 rapere,
371 1358 476 1396 quae
520 1344 710 1395 gravior,
768 1344 1062 1397 significantior
1100 1347 1166 1386 hic
1209 1349 1439 1399 oppositi03

83 1426 205 1471 atque
251 1419 371 1458 etiam
400 1418 511 1471 ferro
549 1419 705 1459 addidit
743 1435 783 1461 v.
813 1423 990 1471 vulneret,
1042 1436 1126 1460 non
1169 1423 1322 1471 otiose,
1368 1423 1440 1462 sed

83 1492 290 1532 acuendae
331 1494 558 1533 sententiae
597 1492 635 1533 et'
673 1495 946 1547 oppositionis
985 1510 1119 1536 causa.
1191 1498 1328 1548 Vulgo
1374 1498 1440 1537 hic

83 1583 231 1620 parum
275 1567 489 1608 attendunt
533 1568 584 1608 ad
627 1571 748 1621 talia,
805 1585 900 1610 casu
942 1572 1075 1623 posita
1118 1581 1188 1612 aut
1230 1574 1443 1626 superflua

86 1646 321 1695 opinantes,
351 1644 395 1682 in
423 1646 575 1697 quibus
605 1653 742 1685 tamen
768 1660 917 1696 magna
946 1647 1007 1686 vis
1040 1657 1111 1686 est.
1171 1647 1252 1687 Sed
1278 1648 1363 1687 dixi
1392 1650 1441 1688 de

85 1719 255 1769 singulis
280 1718 460 1758 distichis
487 1728 688 1771 quantum
714 1721 822 1760 satis.
879 1721 1107 1760 Procedam
1134 1723 1259 1773 igitur
1281 1725 1443 1776 longius

87 1803 126 1834 et
157 1793 427 1834 considerabo
461 1808 629 1847 quoque
660 1796 903 1847 ampliorem
933 1810 1052 1835 usum
1085 1797 1359 1850 divisionum,
1401 1811 1443 1839 ut

86 1878 173 1909 tota
195 1878 341 1921 poetae
364 1869 408 1907 in
430 1869 508 1909 hoc
532 1883 681 1919 genere
708 1884 773 1909 ars
795 1878 945 1922 pateat.
1001 1870 1163 1911 Etenim
1189 1873 1276 1913 fieri
1298 1883 1445 1927 potest,

87 1953 130 1983 ut
161 1945 284 1983 simul
315 1952 352 1983 et
385 1943 429 1982 in
463 1945 633 1995 singulis
665 1943 847 1984 distichis
880 1946 1114 1986 habeamur
1152 1948 1372 1990 divisiones
1407 1961 1447 1991 et

88 2019 370 2071 oppositiones
407 2021 712 2069 membrorum,
757 2029 797 2060 et
828 2021 986 2072 integra
1020 2022 1121 2061 haec
1152 2022 1323 2064 disticha
1356 2028 1446 2078 ipsa

88 2095 166 2133 sibi
189 2102 454 2146 opponantur
476 2103 672 2147 tanquam
694 2096 862 2136 maioris
888 2099 1116 2138 sententiae
1143 2108 1293 2150 partes.
1346 2101 1446 2140 Tale

89 2171 325 2221 exemplum
356 2178 414 2209 est
448 2170 482 2219 Ι,
516 2173 558 2218 1,
589 2174 641 2210 29
673 2185 762 2224 sqq.
795 2180 866 2210 aut
896 2173 936 2221 Ι,
969 2179 1012 2221 8,
1049 2177 1097 2211 19
1127 2188 1242 2228 sqq.:

205 2244 360 2284 Cantus
391 2245 534 2284 vicinis
565 2246 702 2296 fruges
733 2246 911 2286 traducit
942 2249 991 2286 ab
1025 2251 1153 2299 agris,

259 2319 414 2359 Cantus
447 2328 485 2358 ct
515 2319 643 2359 iratae
677 2320 830 2362 detinet
860 2324 1002 2374 aug-uis
1034 2326 1133 2373 iter,

202 2395 355 2435 Cantus
387 2404 425 2435 et
456 2410 476 2434 e
509 2409 634 2435 curru
664 2396 825 2436 Lunam
860 2397 1061 2440 deducere
1094 2407 1246 2450 tentat,

258 2471 309 2510 Et
339 2471 513 2519 faceret,
555 2471 587 2511 si
618 2485 703 2511 non
735 2487 831 2512 acra
860 2476 1025 2526 repulsa
1058 2485 1219 2516 sonent.

90 2545 280 2585 Vidimus
320 2560 445 2599 supra
487 2548 682 2587 unitatem
725 2549 846 2600 primi
888 2549 1048 2589 distichi
1092 2565 1139 2591 eo
1183 2552 1278 2600 niti,
1334 2553 1444 2609 quod

993 2626 1049 2665 i*
