1721 2953
266 116 340 151 102
573 106 942 149 COMMENTAR.
971 110 1030 149 IN
1062 109 1289 151 TIBULLI

264 233 340 257 nem
376 221 510 256 admisit
543 229 585 253 ex
620 223 765 263 utroque
800 230 929 264 genere
961 222 1123 257 mixtam:
1161 224 1190 257 si
1226 234 1332 267 ponas
1365 225 1512 258 earmina
1541 235 1606 259 non

265 300 353 331 esse,
379 299 444 322 non
470 287 627 320 nituisset
650 287 745 321 ebur.
794 288 882 322 Vide
907 290 1005 333 plura
1030 291 1073 323 de
1094 288 1144 323 his
1166 291 1474 326 constructionibus
1498 302 1608 336 expo-

265 355 330 388 sita
356 356 387 387 in
415 355 480 386 tine
506 353 761 387 Dissertationis
786 353 830 388 de
854 354 1060 390 Elocutioue
1085 356 1224 391 Tibulli.
1245 376 1292 381 -
1316 358 1498 392 Postremo
1525 357 1608 392 llaec

265 420 416 464 corporis
449 419 594 463 partium
627 419 855 453 fabulosarum
887 421 989 454 allata
1021 423 1178 466 exempla
1212 427 1356 467 apparet
1387 433 1488 466 quam
1522 423 1609 458 bene

265 485 341 518 huic
376 486 452 518 loco
489 485 708 528 conveniant,
745 485 803 518 ubi
828 487 942 530 pueris
968 487 1177 529 ostenditur,
1216 487 1245 520 si
1279 492 1382 531 poeta
1406 487 1548 522 formam
1573 494 1609 522 et

266 549 549 594 pulchritudinem
576 552 679 584 amati
704 551 947 593 celebraverit,
976 553 1077 585 etiam
1103 553 1275 586 mirabiles
1301 553 1417 586 laudes
1442 553 1609 588 creditum

264 618 305 651 iri
337 618 380 650 ab
414 617 614 653 hominibus,
673 619 789 653 Locus
820 619 938 653 similis
973 620 1082 653 Ovrn.
1114 620 1189 653 Art.
1215 621 1290 653 Am.
1315 620 1378 661 111,
1401 623 1492 653 535:
1536 621 1610 653 Nos

259 683 423 729 facimus
449 683 611 728 placitae
644 683 718 716 late
750 683 939 729 praeconia
955 684 1099 730 formae
1124 689 1190 718 etc.
1215 704 1261 708 —
1308 686 1352 720 V.
1377 688 1423 719 65
1445 696 1495 729 sq.
1545 696 1612 719 re-

266 748 283 781 f
289 754 436 792 erent,
476 750 610 792 dicent,
645 751 892 785 memorabunt.
951 753 1038 786 Mox
1063 752 1106 785 ad
1132 752 1324 794 elegantem
1349 752 1610 787 collocationem

266 817 444 851 verborum
487 819 637 852 attende.
700 820 786 853 Post
823 819 945 853 verba:
990 819 1160 852 robora
1198 820 1361 861 tellus,
1400 830 1466 853 non
1505 820 1611 854 dixit:

265 882 347 916 dum
371 884 496 917 stellas
519 885 674 922 caelum,
715 886 776 919 sed
809 886 904 920 dum
941 887 1113 920 caelum
1151 887 1345 928 stellas,
1381 891 1420 920 ut
1445 887 1552 920 tellus
1577 892 1611 922 et

268 950 403 984 caelum
426 952 491 986 sibi
517 957 770 996 opponerentur
793 954 950 987 maxime.
999 954 1088 987 Tum
1111 954 1145 987 in
1168 955 1272 987 tertio
1294 955 1447 988 membro
1469 954 1612 999 vehet,

266 1018 358 1061 quod
387 1019 488 1052 etiam
519 1020 642 1053 ceteris
674 1021 826 1054 iunctum
855 1024 907 1054 est
939 1031 1001 1065 per
1036 1031 1204 1063 zeugma,
1243 1020 1352 1064 primo
1384 1021 1460 1055 loco
1485 1023 1612 1065 posuit,

267 1083 309 1116 de
342 1095 410 1127 quo
443 1085 607 1118 monitum
641 1085 684 1118 ad
717 1085 745 1127 Ι,
783 1088 816 1127 1,
849 1088 906 1118 51.
966 1086 1146 1119 Sententia
1179 1086 1326 1129 denique
1360 1090 1432 1120 tota
1467 1087 1510 1121 de
1545 1087 1611 1122 im-

264 1150 473 1184 mortalitate
507 1150 711 1184 carminibus
745 1149 860 1183 debita
892 1150 1068 1183 notissima
1100 1154 1153 1184 est
1185 1161 1205 1184 e
1239 1151 1393 1195 plurimis
1417 1153 1540 1196 poetis.
1565 1171 1611 1177 —

265 1216 307 1248 V.
334 1218 391 1249 67.
417 1219 473 1249 68.
507 1227 590 1250 non
618 1216 765 1258 audit,
799 1218 928 1262 spernit
952 1218 1137 1251 amatorios
1161 1227 1278 1251 versus
1303 1222 1339 1252 et
1365 1229 1484 1253 aurum
1509 1230 1613 1264 prae-

265 1284 341 1317 fert.
368 1302 415 1309 —
446 1284 608 1318 Idaeae
635 1285 767 1328 Opis,
794 1284 964 1326 Cybeles,
989 1294 1134 1327 magnae
1160 1284 1282 1318 Matris
1306 1285 1419 1320 deum.
1467 1286 1612 1330 Proprie

265 1351 402 1393 quidem
432 1352 498 1384 alia
523 1351 586 1384 fuit
616 1351 736 1385 Italica
770 1351 834 1384 dea
862 1352 957 1394 Ops,
991 1351 1058 1384 alia
1083 1350 1233 1394 Phrygia
1260 1352 1410 1395 Cybele,
1447 1353 1506 1386 sed
1533 1363 1610 1386 cum

264 1415 379 1449 indole
404 1417 530 1449 similes
557 1422 680 1458 essent,
706 1421 825 1461 postea
850 1417 1012 1451 confusae
1025 1422 1114 1460 sunt,
1139 1418 1410 1452 vid.CR1·:Uzr⁴:R1
1430 1420 1550 1461 Symb.
1566 1420 1610 1461 11,

264 1494 297 1526 p.
324 1486 382 1516 53.
432 1485 575 1526 Signum
603 1484 752 1526 Cybeles
786 1484 819 1516 in
855 1494 956 1517 curru
991 1483 1159 1517 vellebant
1191 1495 1254 1528 per
1287 1485 1389 1518 urbes
1414 1485 1611 1520 sacerdotes

265 1551 357 1584 Galli
395 1555 429 1584 et
463 1551 585 1594 stipem
620 1551 848 1593 colligebant,
885 1550 952 1584 vile
987 1561 1095 1594 genus
1130 1549 1301 1584 hominum
1341 1555 1375 1585 et
1413 1552 1607 1594 fanaticum,

266 1629 352 1660 quos
380 1623 512 1652 constat
536 1619 570 1651 in
596 1618 701 1651 sacris
727 1617 811 1650 deae
836 1618 952 1650 insano
978 1616 1094 1649 furore
1127 1616 1238 1649 virilia
1266 1617 1330 1650 sibi
1356 1618 1542 1652 abscidisse
1565 1619 1609 1652 ad

267 1682 440 1726 Phrygios
465 1684 595 1718 modos.
645 1683 812 1717 Conferas
839 1683 940 1716 etiam
966 1682 1009 1716 de
1032 1681 1082 1716 his
1108 1682 1300 1717 Cnssuzssm
1326 1684 1479 1727 Symbol.
1505 1685 1548 1718 T.
1564 1686 1611 1719 ll.

267 1761 300 1793 p.
329 1752 375 1783 40
401 1761 475 1793 sqq.
523 1750 564 1783 In
588 1750 701 1784 verbis
733 1750 862 1783 Tibulli
898 1750 1044 1794 primum
1077 1749 1215 1783 attende
1241 1750 1284 1783 ad
1309 1751 1376 1784 vim
1401 1753 1610 1795 pronominis

265 1816 360 1851 ille.
410 1817 457 1850 Ut
482 1814 555 1850 hic:
583 1817 655 1859 qui
680 1816 838 1850 vendit
859 1817 1011 1851 —ille
1037 1821 1277 1860 sequatur,
1304 1818 1459 1853 similiter
1484 1821 1611 1854 Graeci

269 1878 286 1914 ὁ
314 1883 372 1923 δὲ,
408 1880 439 1914 is
465 1893 546 1914 vero
573 1892 650 1915 cum
675 1881 707 1914 vi
733 1885 864 1924 ponunt
889 1881 922 1914 in
947 1882 1098 1915 secundo
1123 1883 1296 1925 membro,
1323 1883 1365 1917 de
1390 1895 1458 1927 quo
1484 1896 1612 1928 genere

268 1949 396 1993 primus
420 1948 604 1992 disputavit
626 1949 884 1982 BUTTMANNUS
909 1949 952 1982 ad
973 1949 1154 1993 Sophoclis
1173 1949 1400 1984 Philoctetam
1425 1963 1456 1985 v.
1467 1955 1524 1985 86.
1541 1955 1611 1994 87„

266 2020 343 2058 post
372 2015 610 2048 Buttmannum
636 2014 872 2049 Hssnmmwus
900 2016 1037 2050 ibidem.
1087 2017 1187 2061 Apud
1224 2017 1397 2052 Tibullum
1433 2019 1549 2053 confer
1582 2020 1609 2062 Ι,

265 2082 300 2121 2,
326 2082 382 2113 39.
410 2083 444 2113 et
467 2079 544 2113 vide
570 2089 671 2123 porro
698 2080 740 2114 de
765 2081 797 2113 vi
825 2083 1032 2124 pronominis
1057 2082 1100 2115 ad
1125 2082 1168 2124 11,
1194 2085 1228 2124 3,
1253 2085 1309 2117 26.
1336 2102 1381 2109 —
1419 2086 1461 2119 V.
1489 2089 1534 2119 69
1560 2097 1611 2130 sq.

268 2146 505 2180 erroribus
545 2147 750 2189 expleat,
788 2152 976 2191 percurrat.
1038 2149 1358 2183 WUNnERmcfflth
1393 2155 1428 2184 et
1463 2150 1612 2185 Huscn-

268 2223 351 2246 κως
391 2212 567 2246 conserunt
604 2213 754 2247 Vmclr..
790 2215 877 2247 Aen.
912 2214 991 2256 XII,
1017 2218 1106 2249 763:
1148 2215 1309 2261 Quinque
1341 2215 1438 2249 orbes
1470 2216 1611 2261 explent

267 2289 385 2310 cursu.
434 2279 625 2312 Ponsosns
651 2279 824 2312 Tibullum
851 2279 966 2312 laudat
990 2279 1032 2312 ad
1059 2279 1141 2314 Eur.
1157 2281 1270 2315 Orest.
1296 2284 1353 2315 54.
1378 2283 1434 2315 ubi
1461 2283 1609 2326 explicat

266 2344 387 2376 verba:
425 2344 539 2381 λιμένα
566 2346 602 2376 δὲ
627 2346 836 2378 Ἁγιιυῑῑλιέιον
862 2347 1036 2392 ἐκπληρῶν
1062 2344 1191 2391 πλάτῃ.
1215 2366 1262 2373 -
1295 2349 1347 2381 ad
1382 2348 1609 2391 Phrygios

267 2408 440 2450 modos,
465 2409 506 2441 ad
534 2408 707 2453 Phrygiae
733 2410 929 2445 harmoniae
954 2412 1085 2455 modos,
1110 2423 1177 2456 qua
1202 2413 1382 2447 utebantur
1405 2414 1438 2446 in
1462 2413 1610 2456 Cybeles

266 2470 382 2502 sacris.
412 2489 454 2494 —-
504 2476 642 2505 secet.
692 2474 875 2517 Proprium
912 2475 1050 2509 verbum
1085 2476 1128 2509 de
1162 2475 1227 2508 ista
1261 2476 1494 2519 amputatione
1527 2477 1608 2511 viri-

267 2536 357 2568 lium.
409 2537 517 2571 Ovln.
543 2537 636 2570 Fast.
663 2538 722 2579 lv,
747 2541 838 2572 221:
883 2539 981 2571 Unde
1009 2539 1126 2575 venit,
1168 2538 1259 2575 dixi,
1285 2551 1354 2572 sua
1379 2540 1529 2574 membra
1554 2554 1608 2575 se-

268 2601 372 2634 candi
395 2601 577 2648 impelus?
625 2603 671 2637 Et
706 2605 737 2638 in
764 2606 848 2641 lbid.
875 2608 963 2640 455:
1008 2604 1263 2651 Attonitusque
1298 2617 1409 2642 seces,
1448 2612 1490 2638 ut
1524 2619 1607 2653 quos
