1721 2953
466 127 609 168 LIBR.
639 127 670 166 l.
729 126 890 166 ELEG.
921 128 1033 168 Vlll.
1344 131 1419 167 169

75 240 128 274 dei
164 241 245 274 iram
281 250 398 274 revera
433 240 623 280 excitasse,
662 243 700 272 ut
732 239 804 272 sine
840 249 1001 273 successu
1027 238 1116 283 apud
1142 237 1294 273 Pholoen
1329 244 1420 273 esset

73 305 220 339 studium
265 306 394 340 formae
436 304 742 352 diligentissimum.
811 305 887 339 Lex
929 311 1041 339 antem
1085 305 1319 349 descriptionis
1361 316 1419 339 se-

73 372 206 411 quentis
239 369 322 404 liaeo
346 375 417 412 est,
453 375 490 404 ut
524 370 710 404 descendat
742 371 951 405 enumeratio
986 383 1004 404 a
1037 373 1149 415 capite
1174 372 1216 406 ad
1249 371 1353 416 pedes
1380 375 1415 404 et

73 436 318 478 complectatur
343 436 475 479 potiora
508 436 572 469 sibi
606 436 700 480 paria
730 434 1018 481 (Coorclinatz'on)
1055 448 1098 470 ex
1124 437 1187 471 hoc
1212 447 1338 480 genere
1364 447 1419 470 re—

74 509 155 534 rum.
179 518 224 524 --
251 502 457 535 coluisse
483 502 700 546 capillos,
727 502 813 535 bene
838 505 997 545 pectere,
1024 503 1201 537 delibuere
1227 503 1419 546 unguenti-(³,

73 567 192 600 tollere
218 567 405 601 deteriores
429 569 539 602 crines
565 574 599 603 et
633 568 660 601 si
693 568 775 612 quid
801 567 855 602 hic
880 570 950 603 illic
976 571 1073 603 nimis
1099 571 1266 613 luxuriat,
1300 580 1420 604 cavere

74 632 236 674 quidquid
268 634 422 666 mollitiei
455 633 545 667 obsit
578 637 638 685 aut
668 633 775 666 colori
801 644 926 667 nocere
953 636 1060 678 possit
1085 640 1119 670 et
1143 646 1230 678 quae
1254 640 1333 669 sunt
1356 636 1419 668 alia

73 698 275 734 huiusmodi.
302 716 348 734 -τ
388 701 537 744 Saepe
573 704 790 742 mutatas,
827 700 927 733 aliter
952 706 1056 744 atque
1082 703 1180 735 aliter
1205 703 1421 746 compositas,

74 765 186 808 positu
205 766 360 808 variatas,
386 770 425 800 ut
444 767 552 801 Ovm.
571 767 657 801 Met.
677 767 721 809 11,
741 769 822 801 412.
845 768 936 801 dicit.
986 770 1036 802 Ac
1061 769 1304 813 disponere
1320 781 1422 814 saepe

73 838 235 865 mutatas
260 837 331 867 est:
355 845 459 878 saepe
483 838 613 868 mutare
638 838 673 868 et
697 835 797 868 aliter
825 836 1025 879 disponere,
1052 841 1130 869 nota
1156 837 1263 870 forma
1287 837 1420 870 dicendi

74 900 316 934 contractiore.
365 901 423 934 Sic
448 911 552 945 supra
576 902 603 944 1,
627 904 662 944 2,
686 904 729 935 2:
768 908 913 946 occupet
947 908 988 934 ut
1023 901 1158 935 lumina
1189 903 1286 935 victa
1321 914 1422 946 sopor

73 964 160 998 dixit
183 976 235 1009 pr.
259 970 297 999 ut
329 976 467 1000 somnus
501 969 613 1002 vincat
650 970 774 1002 lumina
809 970 1010 1003 reluctantia
1045 973 1079 1002 et
1115 974 1270 1013 occupet.
1331 970 1422 1003 Cave

74 1030 138 1064 lioc
161 1041 269 1073 genus
292 1032 478 1066 confundas
504 1044 581 1066 cum
608 1034 756 1078 prolepsi
779 1034 1035 1076 adiectis-orum,
1063 1034 1120 1067 nbi
1142 1034 1232 1077 qnod
1256 1035 1422 1068 adiectivo

74 1098 296 1142 exprimitur,
329 1100 498 1142 posterius
524 1104 579 1132 est
604 1100 720 1133 verbo.
779 1100 849 1133 Sed
875 1105 913 1133 ut
941 1101 1078 1134 redeam
1106 1101 1147 1133 ad
1174 1111 1288 1134 comas
1314 1101 1422 1133 varia-

74 1170 147 1205 tas,
184 1165 361 1197 mulierum
393 1166 426 1198 in
461 1164 525 1198 boc
558 1176 684 1207 genere
718 1167 836 1200 modos
870 1167 981 1200 varios
1007 1168 1164 1201 Ovmms
1191 1170 1324 1200 enarrat
1349 1168 1422 1199 Art.

74 1231 148 1263 Am.
172 1230 233 1272 111,
258 1233 325 1263 137
342 1241 415 1272 sqq.
464 1231 516 1264 Ad
543 1232 654 1264 locum
680 1231 852 1265 HEYNIUS
880 1232 1013 1266 confert
1039 1232 1194 1266 Canum.
1225 1232 1309 1264 Lav.
1335 1232 1422 1264 Pall.

72 1299 139 1329 22:
176 1294 321 1329 πολλάκι
353 1293 417 1328 viv
449 1294 558 1328 αιῗιτῖν
582 1299 637 1334 δὶς
661 1300 827 1342 μετέθηκε
854 1295 980 1336 κόμαν,
1012 1302 1046 1331 et
1070 1298 1180 1330 simile
1204 1297 1424 1341 Epigramma

75 1362 193 1394 Pnum
229 1362 383 1394 Sinnmr.
410 1361 526 1396 XXII.
561 1362 712 1395 Brunck.
740 1363 895 1396 Analect.
931 1363 975 1395 T.
1000 1363 1061 1404 111,
1098 1374 1130 1405 p.
1157 1365 1213 1395 78.
1263 1362 1355 1395 Idem
1382 1363 1423 1395 ad

73 1430 183 1458 totum
208 1426 320 1458 locum
344 1431 479 1459 monet:
514 1427 643 1468 „Pueri
669 1426 701 1460 lii
727 1427 864 1460 delicati
890 1437 1022 1460 comam
1049 1428 1185 1460 alebant
1214 1437 1324 1470 neque
1350 1438 1422 1460 eam

73 1491 245 1535 ponebant
268 1494 327 1524 aut
352 1495 468 1534 togam
494 1492 623 1524 virilem
650 1492 828 1525 sumebant
854 1496 891 1525 nt
916 1493 1008 1525 cives
1030 1492 1198 1533 Romani3
1226 1503 1302 1525 nam
1328 1500 1423 1525 erant

73 1567 217 1600 peregre
241 1556 374 1590 advecti
398 1567 441 1589 ex
467 1557 547 1589 Asia
571 1556 643 1590 fere
668 1561 727 1589 aut
752 1557 949 1599 Syria,“——-
976 1567 1112 1590 succo
1137 1557 1422 1600 splendente.

74 1622 126 1655 Ad
151 1622 288 1655 modum
321 1621 498 1655 mulierum
535 1623 630 1665 pueri
664 1622 835 1655 delicatuli
872 1627 909 1655 ut
942 1623 1029 1656 cutis
1064 1623 1212 1664 candor,
1248 1624 1422 1666 splendor,

73 1690 167 1722 levor
192 1693 473 1730 conservaretur,
508 1689 751 1722 incrustatione
777 1690 872 1732 panis
898 1690 987 1723 lacte
1012 1691 1141 1723 asinino
1166 1690 1346 1723 madefacti
1373 1690 1421 1722 l'a-

73 1757 158 1790 ciem
186 1756 413 1799 obtegebant,
447 1766 513 1798 qua
537 1756 690 1789 abstersa
715 1757 805 1790 succi
832 1757 1004 1791 aromatici
1032 1758 1248 1790 illinebantur
1273 1761 1309 1790 ut
1335 1758 1423 1790 nite›·

74 1825 126 1854 ret
152 1822 248 1854 cutis.
300 1821 397 1854 Haec
424 1825 613 1863 smegmata
639 1825 738 1863 sunt,
772 1822 855 1854 illud
882 1823 1100 1865 cataplasma.
1152 1822 1240 1856 Vide
1265 1823 1420 1855 Simus.

73 1886 115 1920 ad
149 1886 274 1929 Script.
307 1886 398 1919 Hist.
433 1888 521 1929 Aug.
549 1886 591 1919 T.
619 1886 644 1920 l.
679 1899 712 1929 p.
741 1889 797 1920 42.
834 1891 868 1920 et
904 1887 1087 1920 Bonw'rro.
1116 1888 1232 1920 Sabin.
1269 1888 1367 1921 Tom.
1396 1890 1419 1921 1.

74 1966 105 1998 p.
131 1955 187 1985 22.
228 1957 262 1985 et
297 1963 383 1995 quae
414 1953 456 1986 ad
489 1953 665 1986 Tibullum
698 1958 815 1987 notant
849 1955 1066 1998 interpretes.
1116 1954 1230 1997 Atque
1257 1954 1420 1989 hocloco

72 2021 259 2053 ScAmGnR
279 2029 398 2062 panem
418 2018 644 2052 madefactum
667 2019 880 2062 intelligebat
900 2030 1037 2053 succum
1058 2020 1313 2064 splendentem,
1336 2022 1420 2053 miro

71 2097 199 2129 genere
223 2085 377 2126 dicendi3
403 2087 505 2118 immo
531 2093 630 2129 poeta
657 2087 848 2129 elegantius
875 2088 1016 2121 alteram
1038 2091 1167 2131 partem
1188 2088 1419 2121 medicaminis

73 2151 239 2192 nominat,
275 2160 316 2183 ac
349 2151 545 2192 smegmatis
580 2151 736 2184 convenit
771 2151 910 2185 verbum
936 2163 1122 2194 ornare,
1161 2163 1228 2186 non
1254 2154 1401 2187 incrusta

73 2217 167 2258 noni,
194 2216 285 2259 quod
310 2217 499 2250 ScAmGssR
524 2217 556 2249 in
583 2229 745 2251 onerasse
769 2219 912 2252 mutavit
937 2229 1018 2252 suae
1045 2219 1280 2263 explicationis
1306 2230 1406 2253 causa

72 2283 233 2316 Ceterum
257 2283 300 2316 de
323 2282 491 2316 adiectivo
517 2281 700 2326 splendens
725 2284 814 2317 cons.
840 2285 882 2317 ad
916 2295 946 2318 v.
975 2288 1028 2320 17.
1062 2304 1106 2310 -
1146 2297 1321 2329 ungues
1356 2298 1417 2320 ³12>

73 2348 222 2382 tit'icis
258 2358 380 2381 mann
414 2346 727 2389 subsecuisse„
769 2348 798 2383 li.
825 2361 853 2383 e.
889 2339 1056 2392 tonsoris,
1091 2352 1146 2394 qni
1185 2353 1215 2385 in
1255 2354 1417 2386 tonstrina

72 2415 273 2448 subsecabat
300 2425 430 2456 ungues
458 2425 626 2456 mannum,
653 2416 695 2448 cl'.
724 2417 860 2449 Pom-r.
890 2417 998 2450 Aulul.
1026 2418 1067 2459 ll,
1090 2420 1121 2459 4,
1148 2421 1203 2451 34.
1230 2418 1397 2452 RhR'mn

75 2479 132 2515 ΙΙΙ,
157 2481 212 2512 74.
250 2483 388 2513 notante
429 2482 565 2514 turmo
596 2486 625 2511 cl
657 2484 801 2515 inaximo
831 2483 1061 2517 doctissimum
1091 2485 1358 2517 Bou-z't''t'1t··t‹;nvnt
1391 2487 1418 2517 is·

74 2545 186 2578 Sabin.
214 2546 312 2579 Toni.
335 2546 377 2579 ll.
406 2557 480 2588 pagg.
502 2550 555 2578 (52,
614 2546 658 2578 &d
686 2545 901 2579 sulas-emisse
929 2549 970 2580 cl'.
999 2552 1103 2581 ()νιυ.
1134 2551 1222 2583 Fani.
1254 2551 1309 2584 w.
1328 2556 1417 2585 2:5⁴9,

74 2612 114 2643 ad
153 2612 282 2644 :loc-ta
320 2615 390 2644 Art.
432 2616 500 2645 Ain.
531 2613 555 2653 l,
587 2616 667 2645 518.
787 2615 825 2646 NJ
858 2618 898 2646 13
926 2627 976 2655 sq.
1026 2621 1189 2652 uss-tes.
1228 2616 1417 2649 induunt-nna
