1721 2953
286 119 352 167 58
699 119 942 168 TIBULLI
987 121 1099 171 LIB.
1128 122 1183 171 Π.
1208 133 1240 169 6.

285 240 460 289 15Acer
494 240 660 299 Amor,
703 242 868 291 fractas
904 246 1075 293 utinam
1112 258 1187 293 tua
1223 245 1309 294 tela
1345 246 1556 310 sagittas,

406 328 453 375 Si
490 327 614 386 licet,
662 329 875 378 extinctas
913 333 1216 398 aspiciamque
1254 333 1398 380 faces!

337 414 407 459 Tu
442 413 654 461 miserum
691 427 908 481 torques,
934 430 981 465 tu
1016 438 1091 466 me
1127 419 1237 466 mihi
1275 419 1373 466 (lira
1409 420 1584 484 precari

405 499 539 563 Cogis
581 512 623 547 et
657 501 817 550 insana
851 516 998 552 mente
1032 506 1230 553 nefanda
1266 505 1402 570 loqui.

331 587 426 632 Iam
461 585 578 634 mala
612 586 810 636 finissem
846 589 957 648 leto,
1001 592 1082 638 sed
1117 591 1300 639 credula
1335 592 1468 639 vitam

280 686 329 720 20
408 673 522 738 Spes
559 673 678 722 fovet
714 687 756 722 et
791 675 887 722 sore
925 695 1023 724 cras
1059 696 1236 743 semper
1272 678 1332 724 ait
1365 678 1537 725 melius.

335 760 448 824 Spes
480 759 556 807 alit
592 761 836 824 agricolas,
887 762 1001 828 Spes
1039 762 1173 810 sulcis
1211 763 1352 810 credit
1383 764 1517 810 aratis

401 847 605 904 Semina,
647 867 760 913 quae
797 867 962 912 magno
1001 849 1154 896 fenore
1190 849 1350 896 reddat
1386 869 1518 913 ager:

333 933 455 979 Haec
486 932 646 998 laqueo
674 933 891 992 volucres,
923 934 1033 982 haec
1059 947 1205 1000 captat
1231 936 1452 982 arundine
1475 936 1634 1001 pisces,

407 1020 519 1066 Cum
555 1032 709 1068 tenues
746 1020 904 1068 hamos
942 1021 1118 1069 abdidit
1155 1033 1254 1069 ante
1288 1022 1438 1069 cibus:

280 1116 326 1151 25
342 1104 454 1169 Spes
489 1106 619 1153 etiam
652 1106 800 1153 valida
836 1106 1007 1153 solatur
1042 1108 1258 1172 compede
1294 1107 1491 1154 vinctum

403 1193 568 1254 (Crura
605 1204 769 1239 sonant
802 1192 943 1250 ferro,
987 1193 1067 1239 sed
1104 1193 1223 1240 canit
1253 1193 1369 1240 inter
1404 1196 1565 1259 opus):

330 1277 443 1341 Spes
467 1277 642 1325 facilem
661 1279 885 1325 Nemesim
910 1278 1104 1343 spondet
1126 1278 1251 1337 mihi,
1287 1279 1368 1326 sed
1388 1292 1522 1343 negat
1548 1280 1631 1327 illa.

399 1364 483 1410 Hei
515 1363 652 1421 mihi,
697 1382 752 1410 ne
786 1364 961 1421 vincas,
1003 1364 1116 1411 dura
1153 1364 1323 1429 puella,
1367 1366 1507 1412 deam.

337 1449 504 1506 Parce,
548 1467 630 1514 per
661 1448 900 1496 immatura
936 1461 1037 1496 tuae
1071 1468 1234 1515 precor
1269 1469 1371 1498 ossa
1406 1452 1598 1499 sororis:

279 1548 327 1582 30
406 1535 480 1583 Sic
515 1535 631 1582 bene
670 1535 754 1582 sub
791 1546 943 1582 tenera
977 1554 1117 1600 parva
1149 1536 1350 1601 quiescat
1384 1536 1534 1584 humo.

330 1621 413 1668 Illa
448 1621 559 1668 mihi
591 1633 744 1668 sancta
780 1633 869 1679 est,
912 1620 1031 1668 illius
1068 1621 1189 1669 dona
1225 1622 1433 1687 sepulcro

404 1707 460 1754 Et
495 1706 746 1754 madefacta
779 1706 888 1754 meis
925 1719 1041 1754 serta
1074 1707 1216 1754 feram
1251 1708 1472 1766 lacrimis,

330 1792 455 1839 Illius
493 1793 550 1839 ad
586 1792 807 1840 tumulum
842 1793 1014 1857 fugiam
1050 1793 1328 1860 supplexque
1362 1794 1529 1842 sedebo

401 1881 458 1927 Et
490 1899 588 1927 mea
625 1899 726 1927 cum
762 1892 885 1927 muto
918 1881 1010 1927 fata
1046 1899 1210 1945 querar
1246 1881 1405 1927 cinere.

277 1967 436 2014 35Non
473 1966 584 2013 feret
619 1984 761 2030 usque
797 1984 928 2012 suum
966 1977 1005 2012 te
1041 1977 1227 2030 propter
1262 1966 1366 2013 sscre
1403 1967 1629 2015 clientem:

394 2052 517 2099 Illius
554 2064 603 2099 ut
637 2052 808 2109 verbis,
855 2052 915 2099 sis
951 2051 1060 2099 mihi
1099 2052 1214 2099 lenta
1252 2065 1374 2110 veto,

374 2260 415 2293 V.
433 2261 487 2293 16.
523 2259 569 2292 Si
601 2259 736 2300 licet,
775 2258 865 2301 quod
899 2260 1052 2292 firmatur
1084 2262 1288 2294 auctoritate
1322 2261 1450 2295 codicis
1482 2261 1627 2294 Enoni-

279 2336 422 2367 CENSIS‚
474 2325 606 2368 putavit
648 2325 713 2358 iam
750 2325 931 2359 Mnnmus
973 2326 1166 2368 legendum.
1251 2327 1316 2360 Alii
1363 2327 1439 2359 libri
1482 2326 1626 2361 scilicet,

281 2392 392 2433 Vulgo
426 2390 521 2422 ilicet
554 2402 597 2424 ex·
631 2402 697 2423 uno
731 2391 873 2432 codice,
914 2402 981 2433 quo
1016 2402 1081 2425 non
1116 2403 1213 2435 opus.
1241 2411 1287 2416 —
1349 2392 1391 2426 V.
1411 2393 1468 2424 20.
1505 2390 1627 2423 melius

279 2468 359 2489 cras
386 2456 470 2500 fure
504 2467 634 2499 semlan-
666 2456 739 2497 ait,
787 2457 894 2489 nialus
933 2456 986 2490 liic
1021 2457 1105 2490 ordo
1141 2457 1319 2490 verborum
1360 2466 1468 2499 nuper
1505 2456 1625 2488 iteruin

281 2523 405 2567 placuit
433 2524 558 2555 Nossio
585 2527 617 2555 ct
652 2522 803 2556 menno.
862 2523 932 2556 Sed
964 2523 1039 2556 vide
1070 2524 1298 2556 lluscnxwm.
1352 2523 1472 2555 verius
1498 2522 1629 2555 uiderat

278 2591 342 2621 iam
374 2588 550 2621 [liumus.
