1721 2953
588 132 828 174 TIBULLI.
1296 152 1392 178 xcm

51 266 122 299 aut
150 265 231 297 tres
259 259 394 307 partes
423 250 572 290 habeat
601 248 783 289 medium
815 263 1000 299 carmen,
1034 249 1099 291 hic
1129 258 1266 291 tamen
1296 254 1392 294 sim-

49 338 147 389 plex
176 342 234 373 est
256 342 496 383 progressus
520 342 680 379 rerum,
712 341 798 367 non
824 326 970 368 divisio
994 327 1176 380 plurium
1200 331 1392 382 partium,

50 412 122 453 sed
169 409 290 449 unius
337 409 465 446 laetae
512 404 798 458 descriptionis
845 405 907 446 vis
956 405 1152 444 continuo
1197 420 1394 447 crescens.

48 490 154 528 Nam
182 486 378 526 bellicoso
409 481 581 523 exordio
611 491 850 535 pacatarum
878 482 1095 532 regionum
1125 489 1164 520 et
1192 483 1394 522 ruralium

48 575 267 604 munerum
306 573 474 600 suavem
512 559 732 610 imaginem
770 556 986 597 succedere
1021 557 1173 608 voluit,
1221 567 1268 597 ut
1304 561 1392 598 laus

46 639 245 678 Messalae
277 651 329 676 ex
354 645 533 689 utroque
562 650 709 687 genere
737 648 876 674 rerum
903 634 1127 686 composita
1156 636 1393 687 haberetur,

46 714 95 754 de
137 729 218 768 qua
258 711 476 752 harmonia
515 711 804 763 oppositorum
846 723 972 761 supra
1011 707 1178 748 dictum.
1246 709 1393 749 Exitus

45 790 224 843 denique
271 803 363 829 cum
407 786 569 829 Osiride
614 787 793 826 Genium
833 794 955 826 vocat
1002 783 1055 823 ad
1098 786 1392 827 honorandum

45 869 149 906 laete
183 867 295 905 huuc
330 863 457 912 diem,
498 876 574 915 pro
611 862 725 902 cuius
764 860 902 901 reditu
937 859 1113 899 candido
1145 869 1242 902 vota
1273 862 1394 903 fiunt.

45 943 174 984 Vides
209 943 407 981 unitatem
439 940 624 992 partibus
659 938 743 978 suis
782 938 1024 978 absolutam.
1050 960 1107 967 -—
1164 936 1393 977 Veniamus

47 1017 98 1060 ad
128 1020 207 1058 alia
235 1018 347 1057 festis
380 1017 543 1068 scripta.
602 1016 780 1056 Carmen
808 1016 881 1065 IV,
905 1019 944 1054 2.
975 1014 1100 1052 habet
1128 1012 1268 1052 laudes
1299 1014 1393 1053 Sul-

45 1096 197 1149 piciae,
241 1108 333 1135 cum
370 1092 572 1133 Kalendis
611 1093 773 1132 Martiis
815 1091 925 1131 dona
965 1089 1003 1129 ei
1041 1089 1302 1128 mitterentur
1341 1090 1392 1129 ab

46 1179 220 1211 amante.
275 1169 411 1222 Atque
442 1179 489 1207 ut
516 1169 640 1219 vulgo
666 1174 838 1207 vocatur
865 1165 909 1204 in
936 1165 1050 1204 festis
1076 1162 1176 1204 deus
1204 1173 1248 1203 ut
1277 1163 1393 1214 adsit,

46 1247 102 1286 sic
142 1259 252 1284 nunc
291 1245 337 1283 in
376 1241 549 1283 exordio
587 1242 702 1283 Mars
738 1247 921 1281 vocatur.
988 1240 1255 1280 Tractaturus
1292 1254 1393 1280 vero

45 1328 167 1373 poeta
194 1318 336 1358 laudes
365 1319 552 1369 puellae,
585 1315 641 1354 ita
670 1321 792 1355 vocat
821 1312 944 1353 deum
972 1322 1020 1353 ut
1050 1313 1102 1353 ad
1131 1314 1393 1366 spectandam

46 1395 344 1437 ornatissimam
374 1391 573 1434 Kalendis
605 1392 687 1432 suis
721 1392 906 1444 puellam
938 1390 1089 1431 veniat.
1148 1390 1264 1439 Quae
1298 1407 1393 1445 per-

43 1473 216 1525 pulchra
254 1470 454 1512 inventio,
535 1470 631 1509 Iam
664 1469 710 1509 in
749 1467 886 1508 medio
928 1469 1106 1508 carmine
1148 1468 1395 1510 describitur

43 1557 238 1591 venustas
273 1548 436 1601 puellae
469 1545 560 1599 ipsa
593 1545 904 1599 elegantissime.
971 1547 1166 1599 Denique
1202 1547 1245 1585 in
1279 1549 1393 1588 exitu

44 1634 141 1667 vota
178 1626 303 1675 fiunt,
342 1633 389 1663 ut
427 1625 578 1664 multos
614 1623 659 1664 in
698 1637 829 1663 annos
865 1623 1095 1662 celebretur
1122 1624 1278 1675 pariter
1314 1625 1394 1665 hoc

43 1703 193 1741 festum
220 1699 344 1740 laude
365 1702 596 1741 Musarum.
651 1700 805 1740 Notavi
831 1700 913 1738 iam
941 1713 1068 1751 supra
1094 1699 1199 1737 nihil
1228 1700 1395 1738 concin-

46 1776 139 1816 nius
168 1776 345 1827 reperiri
366 1787 488 1825 posse
518 1773 698 1824 elegidiis
725 1774 824 1812 libri
850 1774 999 1826 quarti.
1058 1772 1139 1811 Sed
1162 1771 1255 1811 vide
1283 1786 1394 1812 nunc

47 1853 124 1892 alia
155 1851 323 1891 maiora.
382 1847 573 1888 Carmine
604 1847 656 1897 II,
681 1850 719 1886 1.
751 1847 970 1886 exhibetur
991 1846 1302 1886 Ambarvalium
1332 1860 1396 1885 sa-

48 1942 212 1970 crorum
233 1927 388 1976 imago3
417 1924 518 1962 haec
540 1922 663 1973 igitur
687 1930 747 1961 est
768 1921 861 1961 idea
882 1923 1046 1973 elegiae.
1100 1921 1186 1960 Iam
1208 1923 1394 1962 tractatio

46 2007 145 2045 haec
177 2011 256 2053 est,
294 2010 340 2041 ut
370 2001 579 2040 celebrans
611 1998 836 2052 aliquando
871 1999 972 2037 haec
1006 2011 1120 2037 sacra
1149 1997 1193 2036 in
1222 1997 1394 2049 praedio

46 2096 121 2122 suo
159 2089 282 2134 poeta
319 2079 452 2131 ipsam
488 2091 578 2116 rem
607 2075 707 2116 dum
739 2076 873 2127 agitur
909 2089 985 2128 per
1024 2082 1137 2114 actus
1173 2087 1269 2114 suos
1300 2082 1393 2114 ante

47 2158 186 2197 oculos
223 2162 373 2207 ponat,
417 2160 539 2206 atque
582 2151 810 2190 absolvitur
847 2159 980 2190 totum
1020 2148 1246 2190 indictione
1281 2149 1395 2199 sacri,

45 2249 90 2273 re
122 2232 261 2272 divina
290 2231 401 2282 ipsa,
444 2230 558 2268 exitu
588 2229 694 2267 festi.
762 2227 891 2278 Igitur
919 2227 963 2265 in
994 2226 1167 2265 exordio
1200 2224 1395 2264 indicitur

46 2322 230 2348 sacrum:
260 2313 463 2347 vocantur
492 2302 546 2342 dii
557 2332 567 2352 7
601 2301 857 2354 praecipitur
887 2302 1056 2340 cessatio
1085 2302 1298 2349 laborum,
1331 2314 1395 2339 ar-

48 2395 190 2427 centur
221 2383 293 2437 qui
322 2396 409 2421 non
438 2381 548 2420 casti.
604 2381 653 2418 In
679 2377 816 2417 medio
845 2379 1038 2427 carmine,
1068 2377 1142 2415 ubi
1166 2390 1230 2416 res
1256 2375 1394 2415 divina

46 2463 137 2513 ipsa
163 2461 229 2511 fit,
261 2459 366 2499 duos
395 2466 508 2497 actus
538 2455 785 2507 distinguas3
819 2454 1000 2506 primum
1029 2454 1138 2492 enim
1168 2454 1212 2492 fit
1243 2452 1394 2492 sacrifi-

51 2537 176 2587 cium,
207 2550 302 2588 ergo
333 2532 647 2583 circumductio,
687 2530 910 2571 immolatio
941 2529 1099 2569 hostiae
1130 2537 1169 2568 et
1197 2528 1394 2580 precatio,

49 2612 195 2653 deinde
222 2614 366 2666 epulae
395 2619 627 2666 sequuntur
653 2623 746 2649 cum
772 2615 906 2648 cantu.
963 2607 1099 2660 Atque
1121 2606 1233 2645 hunc
1256 2605 1393 2644 locum
