1721 2953
240 142 423 170 ccxxxiv
784 129 857 168 DE
889 128 958 171 ΡΟ
968 130 1047 170 ESI

243 243 273 290 l,
303 245 364 293 15,
386 245 454 281 29.
476 245 544 281 30.
584 242 615 290 Ι,
644 245 705 290 17,
728 244 795 279 21.
818 244 897 293 223
944 242 1134 282 Tibullus
1170 239 1396 283 infinitivos
1426 239 1594 294 quidem

243 317 472 368 praesentis
504 324 542 355 et
571 315 744 368 perfecti
775 329 896 369 saepe
925 316 1052 356 habet
1088 317 1134 357 in
1164 315 1310 358 eodem
1343 315 1518 356 disticho
1549 322 1595 354 ut

245 392 337 441 alii,
379 390 452 431 sed
489 390 604 431 finita
642 398 831 444 tempora
859 391 931 432 vix
971 394 1099 433 semel
1132 401 1179 432 ut
1217 393 1291 444 IV,
1321 397 1366 442 2,
1398 397 1438 431 7.
1469 392 1594 439 Illam,

246 467 421 519 quicquid
458 469 556 516 agit,
594 480 739 521 quoquo
768 470 917 517 vestigia
948 470 1078 517 movit,
1116 475 1189 508 cet.
1229 467 1304 507 ubi
1334 465 1449 521 quod
1478 465 1596 504 Han·

244 541 337 580 dius
382 554 475 580 cum
518 541 760 582 Hermanno
803 545 895 584 vult
937 551 1081 592 mutat,
1141 544 1272 583 miror
1314 556 1402 582 non
1444 540 1594 583 vidisse

245 625 493 671 utrumque,
529 618 782 657 locutionem
812 626 959 658 mutare
985 621 1136 669 vestigia
1168 619 1295 670 magis
1326 617 1449 657 etiam
1482 630 1598 656 rece-

244 693 340 734 dere
385 709 409 733 a
450 694 708 747 simplicitate
748 694 999 735 Tibulliana.
1087 696 1290 735 Praesens
1331 709 1411 747 pro
1451 695 1596 734 futuro

246 769 465 823 aliquoties
505 769 713 810 admisisse
745 769 911 811 videtur
946 769 1127 813 vividius
1160 771 1193 821 Ι,
1218 776 1257 821 7,
1283 773 1350 810 61.
1388 770 1441 820 11,
1467 776 1504 820 7,
1533 774 1599 810 10.

245 846 469 899 Participio
495 860 572 900 pro
595 849 725 888 verbo
752 847 868 888 finito
894 848 1021 887 semel
1047 861 1146 888 usus
1178 855 1237 887 est
1266 847 1298 898 Ι,
1319 852 1358 897 3,
1382 848 1471 897 43.,
1502 861 1599 886 nam

246 923 291 961 in
325 923 454 963 altero
483 923 576 962 loco
605 923 665 973 ΙΙ,
693 927 736 974 5,
769 926 833 962 15.
866 932 917 962 est
945 933 1054 963 certa
1085 922 1135 961 de
1168 937 1290 962 causa
1322 923 1599 962 necessarium

247 998 398 1037 haheo.
452 998 643 1038 Verbum
674 998 827 1050 plurali
862 1011 1034 1037 numero
1067 998 1217 1037 omisso
1246 997 1504 1037 substantivo
1533 999 1601 1036 710-

248 1076 361 1111 mines
383 1072 446 1112 bis
468 1073 627 1125 posuit,
659 1074 691 1123 Ι,
710 1077 748 1122 3,
766 1077 834 1113 35.
865 1074 897 1123 Ι,
918 1077 982 1122 10,
1003 1076 1068 1112 19.
1110 1072 1314 1112 Notamus
1340 1073 1431 1112 alia.
1477 1073 1602 1111 Verba

246 1149 426 1201 simplicia
454 1161 532 1201 pro
564 1149 798 1200 compositis
831 1161 1034 1201 quaenam
1068 1149 1254 1200 posuerit
1281 1147 1375 1188 vide
1411 1146 1461 1186 ad
1495 1149 1533 1197 Ι,
1560 1153 1601 1197 2,

251 1226 320 1262 80.
376 1225 459 1263 Pro
478 1224 681 1276 persuadet
709 1230 748 1262 ut
773 1223 989 1264 nervosius
1014 1231 1053 1262 et
1078 1223 1205 1275 magis
1231 1223 1412 1275 poetice,
1441 1224 1601 1263 rariore

250 1308 388 1337 tamen
427 1298 732 1338 constructione
776 1299 818 1349 Ι,
852 1302 897 1349 9,
931 1302 999 1338 69.
1041 1299 1191 1339 omissa
1232 1298 1435 1350 particula
1474 1298 1601 1340 dixit:

248 1375 453 1428 persuadet
477 1398 534 1405 ——
562 1377 693 1413 vinciat
729 1382 764 1413 et
799 1375 972 1427 prodeat.
1038 1375 1172 1413 Porro
1201 1375 1239 1423 Ι,
1271 1378 1314 1423 8,
1343 1378 1420 1414 35:
1454 1377 1604 1413 inveniet

252 1451 489 1490 succumbere
516 1449 632 1500 dixit,
662 1457 702 1488 et
729 1451 760 1499 Ι,
782 1453 819 1499 9,
842 1453 915 1489 35;
943 1451 1019 1488 Illis
1044 1452 1201 1502 eriperes
1221 1450 1336 1488 verbis
1361 1451 1452 1488 mihi
1475 1451 1603 1489 sidera

253 1528 350 1566 caeli
366 1526 508 1566 Lucere
530 1533 564 1565 et
589 1540 709 1579 puras
725 1524 894 1576 fizlminis
922 1539 997 1563 esse
1023 1527 1112 1574 vias,
1143 1533 1182 1563 et
1203 1525 1255 1573 ΙΙ,
1273 1526 1398 1574 3,46:
1428 1525 1604 1576 Negligat

253 1602 385 1641 adesse
403 1605 523 1640 minas
544 1600 707 1652 plenius
730 1614 794 1652 pr.
816 1600 993 1651 negligat
1012 1600 1158 1640 minas.
1211 1600 1331 1639 Bona
1352 1602 1603 1642 constructio

254 1677 284 1726 Ι,
310 1681 347 1727 6,
371 1681 446 1717 72:
468 1690 608 1730 pronas
631 1678 891 1729 proripiarque
917 1677 1007 1725 oias,
1038 1682 1079 1713 at
1103 1689 1176 1714 cur
1201 1675 1233 1725 Ι,
1256 1679 1293 1726 8,
1316 1679 1384 1715 73.
1411 1677 1606 1715 maluerit

254 1755 417 1791 lacrimis
458 1754 578 1791 risisse
621 1751 771 1789 dolentis
816 1749 951 1790 dicere
995 1764 1118 1803 quam
1166 1751 1346 1789 lacrimas
1391 1750 1603 1790 usitatiore

256 1826 560 1866 constructione
598 1826 761 1876 nescio3
805 1825 883 1865 hoc
920 1824 1047 1876 igitur
1082 1825 1255 1864 sortasse
1290 1824 1605 1865 restituendum.

255 1904 405 1941 Solliciti
434 1917 505 1955 pro
540 1902 641 1940 nobis
669 1901 741 1948 IV,
776 1904 846 1949 10,
876 1903 916 1939 5.
953 1908 1014 1940 est
1052 1900 1302 1939 constructio
1342 1901 1604 1955 frequentior

257 1975 367 2029 apud
392 1976 600 2029 sequentis
626 1974 717 2014 aevi
740 1975 978 2026 scriptores,
1008 1972 1079 2012 sed
1105 1973 1210 2014 dixit
1235 1977 1363 2014 timere
1387 1991 1458 2029 pro
1482 1977 1604 2016 etiam

257 2054 415 2093 Cicero.
483 2050 822 2091 Constructiones
858 2050 1000 2103 quales
1033 2050 1110 2088 hae
1141 2048 1253 2102 apud
1287 2051 1388 2090 alios
1420 2059 1460 2090 et
1494 2051 1604 2104 apud

256 2128 535 2182 Lygdamum:
571 2127 714 2177 gaudet
741 2133 858 2180 nupia
888 2125 960 2175 ΙΙΙ,
987 2125 1026 2176 4,
1055 2129 1142 2175 60.,
1173 2139 1294 2164 causa
1319 2129 1441 2180 perire
1469 2128 1541 2177 ΙΙΙ,
1563 2132 1604 2176 2,

255 2203 349 2251 fin„
388 2200 498 2255 apud
525 2202 738 2241 Tibullum
770 2215 855 2240 non
884 2200 1021 2242 video.
1079 2200 1215 2240 Semel
1245 2203 1414 2253 zeugma
1444 2201 1606 2242 admisit

257 2279 347 2320 leve
384 2279 425 2329 Ι,
455 2279 498 2327 4,
527 2281 617 2326 66.,
658 2276 770 2316 aliud
798 2275 1033 2330 Lygdamus
1067 2277 1193 2316 habet
1226 2277 1305 2327 ΙΙΙ,
1337 2281 1383 2329 3,
1413 2282 1481 2318 21.
1547 2277 1607 2318 Ut

259 2354 308 2394 ad
342 2355 420 2393 alia
448 2354 632 2402 veniam,
671 2353 761 2391 leve
798 2352 1072 2391 anacoluthon
1105 2366 1182 2404 per
1211 2354 1401 2405 copulam
1430 2352 1523 2393 vide
1553 2354 1605 2403 ΙΙ,

261 2432 306 2477 4,
336 2434 413 2468 27:
459 2430 494 2467 0
525 2435 674 2481 pereat,
711 2431 917 2482 quicunque
944 2428 1028 2478 legit
1055 2429 1256 2482 uiridesque
1283 2429 1529 2478 smaragdos,
1573 2435 1608 2468 et

261 2510 399 2545 niveam
435 2506 540 2557 Tyrio
574 2507 711 2542 murice
744 2507 845 2553 tingit
882 2517 994 2544 ovem.
1059 2502 1183 2542 Aliud
1213 2503 1450 2556 Lygdamus
1481 2505 1606 2544 habet

260 2583 329 2628 m,
358 2583 396 2628 4,
425 2583 490 2619 51.
521 2582 588 2617 52.
619 2586 797 2630 quantum
830 2592 893 2617 nec
923 2599 978 2606 -—-
1011 2578 1198 2630 Quantum
1230 2592 1313 2627 nec,
1349 2579 1478 2617 simile
1510 2581 1605 2618 huic
