1721 2953
503 136 643 177 LlssR.
677 135 706 174 Ι.
771 133 922 173 ELEG.
958 136 1043 174 Vll.
1369 138 1440 173 151

104 263 163 287 me
199 254 323 298 optime
357 252 502 297 positum
539 251 638 284 docui
665 249 706 284 ad
734 250 759 291 l,
788 252 816 290 1,
841 250 896 282 34.
925 267 968 274 --
1010 245 1225 281 Tarbella
1265 247 1441 290 Pyrene

101 323 180 351 sunt
205 322 336 352 montes
363 317 554 361 Pyrenaei,
589 325 674 359 quos
700 308 871 355 Tarbelli,
908 314 1108 356 Aquitaniae
1134 313 1297 357 populus,
1323 322 1441 346 versus

100 383 194 416 littus
221 384 408 426 Aquitanici
435 383 535 416 maris
560 381 772 416 accolebant.
829 381 922 414 Fluit
948 391 1007 425 per
1035 381 1106 414 illas
1132 380 1290 422 regiones
1316 379 1441 412 Aturus

100 447 277 490 (Aclour).
303 466 349 472 ·-—
373 448 542 482 Oceani
568 447 730 481 littora
755 446 1011 480 Santonici·
1060 447 1241 485 Santones.
1266 445 1332 478 alia
1356 454 1441 488 gens

98 516 295 557 Aquitanica
335 517 509 550 Oceanum
550 515 742 557 attingens,
785 517 940 558 porrecta
985 513 1071 546 inter
1105 513 1257 556 Ligerim
1299 515 1333 545 et
1366 511 1442 544 Ga·-

98 592 258 616 rumnam.
308 581 417 616 Terra
440 592 528 616 nunc
554 581 747 628 Saintonge
774 585 922 615 vocatur.
939 598 982 604 —
1009 581 1052 613 V.
1068 582 1104 612 1]
1130 590 1180 622 sq.
1207 580 1318 612 Arar
1341 576 1441 611 hodie

97 649 219 680 Saone.
239 666 283 673 -—-
310 648 533 681 Garumna
558 651 611 681 est
636 648 808 680 Garonne.
823 664 868 671 --
895 645 1034 688 Liger
1055 655 1143 679 nnnc
1169 644 1283 680 Loire.
1331 643 1442 677 Trans

99 712 183 746 bunc
217 713 371 751 fluvium,
412 713 468 747 ubi
500 713 572 747 fere
605 711 705 746 hodie
738 710 906 746 Orle'ans‚
938 709 1132 743 habitabant
1166 709 1353 742 Carnuti
1389 708 1440 742 vel

100 782 293 817 Carnutes,
331 781 381 814 hic
416 781 527 815 slavi
561 779 642 814 dicti
668 791 687 813 a
714 781 831 813 colore
857 779 1081 823 capillorum,
1114 782 1153 810 nt
1177 777 1232 810 alii
1260 775 1373 817 Galli,
1407 783 1441 808 et

89 847 193 889 flam
222 845 338 878 Gellia
368 852 417 880 cst
437 846 642 880 Cmumffl.
669 845 713 878 de
738 844 826 877 laud.
853 842 985 877 Stiliclt.
1011 843 1056 884 ΙΙ,
1076 844 1215 876 240.--
1243 840 1438 875 caerula.

98 914 128 947 n.
142 924 171 946 e.
192 924 373 956 aequorea,
398 915 446 947 ait
465 924 541 947 cum
562 914 774 947 Sctmcmzo
796 912 977 952 Hurmvs,
1003 911 1081 953 quia
1100 910 1256 942 Oceanus
1278 918 1337 952 per
1355 907 1442 940 ostia

96 979 201 1012 intrat
229 986 264 1013 et
287 980 457 1013 aestuaria
481 979 574 1013 facit.
622 978 751 1012 Tamen
774 978 876 1011 etiam
902 987 963 1021 per
987 986 1025 1009 se
1051 974 1141 1007 fluvii
1168 973 1336 1006 interdum
1362 982 1440 1005 cae—

98 1046 181 1078 rulei
207 1045 310 1087 dicti,
334 1049 372 1078 ut
397 1056 429 1078 v.
459 1046 514 1078 14.
541 1043 702 1087 Cydnus,
728 1043 784 1077 ubi
809 1042 895 1076 vide.
946 1042 1055 1075 Porro
1089 1039 1337 1084 oppositionem
1362 1048 1441 1071 sua-

98 1123 171 1146 vem
197 1112 424 1156 epithetorum
448 1111 604 1152 notabis,
632 1115 667 1144 ut
692 1122 746 1154 ap.
774 1111 885 1143 uim.
912 1110 1043 1150 Georg.
1069 1107 1129 1148 IV,
1158 1109 1243 1140 1262
1282 1107 1362 1149 Qua
1387 1104 1441 1137 ni—

95 1189 158 1222 ger
181 1178 363 1210 humectat
379 1175 561 1221 flaventia
587 1174 687 1208 culta
713 1173 897 1208 Galaesus.
948 1173 1045 1207 Adde
1071 1173 1136 1206 alia
1162 1176 1277 1205 notata
1302 1182 1321 1204 a
1350 1170 1440 1205 VOS-

98 1253 152 1277 sto
180 1243 260 1276 ibid.
285 1243 328 1276 ad
353 1243 413 1285 IV,
436 1245 518 1283 293.
544 1255 576 1286 p.
603 1245 684 1275 833.
742 1242 888 1274 Omnino
916 1240 1073 1283 quoniam
1101 1249 1204 1282 saepe
1227 1248 1349 1272 moneo
1376 1247 1442 1270 non

98 1319 173 1341 esse
207 1309 315 1342 otiosa
347 1307 497 1352 epitheta
530 1308 562 1340 in
589 1306 638 1340 his
666 1306 890 1347 carminibus,
927 1309 1091 1349 perpetua
1125 1302 1273 1347 epitheta
1311 1303 1343 1335 in
1380 1303 1440 1335 de*

96 1374 279 1417 scriptione
313 1374 463 1406 locorum
499 1383 565 1405 non
601 1372 771 1412 otiantur,
807 1371 867 1404 sed
902 1371 993 1404 vivas
1029 1373 1064 1402 et
1087 1369 1264 1402 distinctas
1297 1367 1442 1401 reddunt

97 1450 208 1473 rerum
240 1439 418 1482 imagines.
477 1439 633 1482 Denique
668 1440 700 1472 in
734 1439 800 1471 tine
835 1437 900 1471 loci
936 1437 1080 1469 observa
1113 1435 1245 1477 legem,
1282 1443 1381 1476 quam
1408 1433 1441 1466 in

97 1510 168 1539 tota
203 1505 457 1539 enumeratione
490 1508 629 1538 secutus
665 1508 718 1537 est
752 1503 920 1536 Tibullus.
985 1500 1128 1534 Orditur
1160 1499 1203 1532 ab
1238 1498 1438 1532 occidentali

97 1573 259 1614 termino,
293 1572 481 1614 Pyrenaeis
515 1576 550 1605 et
585 1560 713 1604 Oceani
750 1571 884 1611 littore,
924 1568 1041 1603 laudat
1066 1567 1189 1602 deinde
1215 1567 1257 1600 ab
1283 1567 1441 1610 opposita

96 1645 192 1684 parte
217 1640 350 1673 Ararim
374 1643 410 1673 et
431 1638 661 1679 Rhodanum,
696 1637 841 1680 denique
874 1637 1022 1670 medium
1054 1635 1149 1669 addit
1174 1637 1381 1668 Garumnam
1409 1638 1441 1668 et

98 1717 212 1740 versus
233 1706 496 1749 septentrionem
521 1704 682 1746 Ligerim.
733 1702 866 1745 Nempe
891 1700 1158 1744 geographicum
1182 1700 1332 1733 ordinem
1357 1709 1441 1733 eun<

97 1771 291 1805 metationis
317 1770 424 1803 vitare
453 1769 571 1802 voluit.
621 1770 734 1810 Atque
769 1766 850 1801 haec
887 1766 1059 1800 hactenus.
1109 1765 1318 1799 Monendum
1353 1775 1441 1798 nuuc

97 1843 160 1881 est,
185 1838 275 1881 quod
301 1847 403 1880 supra
429 1847 483 1870 ine
509 1836 674 1869 facturum
701 1834 784 1876 dixi,
818 1834 861 1867 de
887 1832 1067 1866 historicis
1093 1832 1205 1866 rebus.
1256 1833 1366 1875 Igitur
1391 1833 1441 1866 vi-

98 1906 197 1939 detur
230 1904 432 1947 Aquitaniae
466 1906 577 1935 motus
611 1911 672 1944 per
704 1910 859 1942 magnam
894 1903 1024 1943 partem
1057 1899 1191 1931 Galliac
1226 1898 1441 1941 pertinuisse,

98 1975 131 2005 et
156 1969 318 2004 credibile
343 1972 395 2002 est
428 1968 540 2001 varios
576 1967 721 2011 populos
755 1966 797 2000 ad
834 1966 955 1999 fluvios
988 1965 1142 1999 laudatos
1169 1963 1359 1997 habitantes·
1385 1966 1440 1998 isti

96 2038 226 2072 foederi
251 2049 288 2070 se
314 2035 519 2070 adiunxisse·
569 2034 644 2067 Hos
670 2044 787 2067 omnes
812 2043 878 2066 uno
906 2032 1034 2076 proelio
1063 2031 1209 2064 nmium
1233 2030 1275 2063 ad
1300 2031 1441 2063 Atacem

97 2104 220 2136 devicit
244 2103 393 2136 Messala
423 2102 478 2134 die
503 2102 605 2135 natali
624 2112 698 2142 suo,
725 2101 805 2133 adiit
834 2106 944 2133 tamen
971 2098 1073 2132 credo
1101 2101 1218 2142 postea
1245 2099 1345 2130 etiam
1371 2098 1440 2130 sin--

97 2171 194 2212 gulos
229 2175 261 2202 et
298 2169 443 2202 subiecit
477 2169 675 2212 pacavitque
711 2168 800 2210 quod
837 2167 1025 2211 pacandum
1051 2166 1210 2198 restabat.
1260 2165 1439 2198 Prosilit-ia

99 2236 278 2278 Aquitania
311 2235 353 2268 ad
390 2235 540 2277 Ligerim
576 2240 717 2268 extensa
752 2239 814 2267 cst,
864 2233 921 2267 Sic
953 2233 1009 2266 ubi
1043 2236 1147 2265 totam
1183 2241 1253 2264 rem
1289 2231 1440 2274 explices

96 2302 253 2335 facillima
290 2302 503 2342 coniectura,
545 2301 690 2334 concidit
728 2302 845 2334 50„st
881 2300 1090 2340 aliorumque
1126 2297 1257 2341 opinio,
1301 2300 1439 2339 propter

97 2369 199 2403 multa
228 2367 280 2402 liic
306 2368 495 2410 significata
523 2369 596 2401 loca
624 2379 689 2401 non
722 2378 820 2411 posse
848 2367 890 2399 ‹le
916 2376 981 2398 una
1009 2363 1150 2397 victoria
1175 2364 1229 2395 die
1257 2363 1357 2395 natali
1386 2372 1437 2394 rc«

99 2438 230 2477 portata
256 2434 409 2476 cogitari,
437 2439 641 2466 eiauescunt
666 2443 783 2465 omnes
808 2431 1036 2468 difficultates,
1063 2432 1174 2462 manet
1202 2438 1277 2460 vera
1305 2427 1353 2459 vis
1379 2437 1436 2458 sua

99 2500 220 2533 serbis.
279 2500 363 2533 Cum
399 2506 512 2535 antem
550 2505 650 2543 poeta
687 2504 715 2532 et
755 2500 807 2532 isti
837 2500 966 2543 proelio
993 2501 1025 2531 et
1059 2501 1194 2530 ceterae
1230 2495 1437 2539 expeditioni

99 2567 324 2607 initerl'uisset‚
364 2572 529 2601 testantur
557 2567 689 2602 laudula
729 2567 798 2600 loca
833 2578 897 2600 nun
931 2566 999 2600 sine
1028 2577 1067 2599 eo
1094 2563 1251 2607 triumplu
1280 2563 1438 2597 honorem

98 2635 228 2674 [artum
257 2632 432 2666 Messalae.
