1721 2953
297 157 379 194 418
609 150 982 194 COMMENTAR.
1008 153 1069 194 IN
1098 153 1330 194 TIBULLI

302 271 415 300 autem
441 268 761 301 wius-mmmmm
793 271 911 300 monet
945 268 1121 300 transitum
1148 266 1262 300 facere
1290 267 1333 300 ad
1360 267 1568 310 singularum
1595 279 1650 302 re-

303 345 373 367 rnm
400 334 683 376 explanationem.
710 351 754 356 —
793 334 916 367 nulla
953 335 1215 378 perlabitur
1249 333 1381 375 unda,
1418 335 1535 378 incipit
1569 335 1648 375 labi,

302 401 361 434 sed
389 411 452 432 non
481 399 668 442 perlabitur
703 402 738 431 et
773 398 924 432 decurrit
949 400 989 432 ad
1027 410 1126 442 quem
1161 400 1261 432 finern
1298 400 1427 441 tendit,
1461 400 1648 443 incepto

303 467 504 508 liquore,
531 476 572 498 eo
598 466 752 508 liquore,
778 475 846 508 quo
872 472 1032 510 coeperat
1061 476 1209 500 currere.
1259 465 1323 499 Est
1346 466 1507 510 inceptus
1531 466 1648 512 quzcor

300 532 414 575 paullo
452 531 612 564 audacius
647 533 779 574 dictus,
815 533 877 566 sed
911 534 1024 567 ferunt
1055 534 1158 566 talem
1185 532 1360 566 audaciam
1387 534 1574 577 partieipia.
1602 550 1647 555 —

298 597 458 630 durata
493 599 532 630 in
567 599 780 640 glaciem,
815 599 918 631 veluti
953 603 1091 631 notante
1117 599 1419 632 Wuunssnmcmo
1442 599 1530 632 Plin.
1555 600 1646 632 Hist.

298 662 341 696 N.
367 663 445 705 Xll,
477 667 537 696 19:
573 669 703 708 gallae
737 662 964 697 <furabantur
997 664 1033 696 in
1066 676 1196 709 grana.
1220 683 1266 689 —
1304 665 1391 698 Mox
1426 665 1465 698 in
1504 666 1645 698 nivem

301 727 406 769 addit,
432 729 562 761 mulam
589 730 691 763 etiam
717 731 855 764 nubium
880 742 986 774 aquas
1012 731 1138 773 dicens,
1165 743 1204 765 ac
1230 738 1324 765 recte
1349 732 1433 765 vidit
1456 733 1646 766 WUNDER-

304 808 447 830 memus
474 798 619 841 pluviam
642 809 776 841 quoque
801 811 867 832 non
888 803 1038 833 statuere
1062 804 1208 844 poetam,
1233 801 1276 833 ab
1301 802 1375 833 aliis
1401 805 1511 833 tamen
1538 801 1642 834 tribu-

301 867 370 896 tam
395 864 462 896 illis
490 865 703 906 regionibus,
736 870 773 897 ut
796 866 839 898 ab
866 866 1007 899 HORAT.
1035 866 1095 907 ΙΙΙ,
1122 869 1156 907 3,
1190 869 1246 899 56.
1286 867 1436 898 Virmn„
1462 867 1591 907 Georg.
1618 866 1644 905 Ι,

298 930 400 970 236.,
437 928 650 964 ΕιιΑτοεΤΗ.
684 941 737 973 ap.
772 930 910 964 Heracl.
944 932 1046 965 Pont.
1080 931 1123 964 de
1156 932 1265 974 Alleg.
1293 931 1394 964 Hom.
1433 943 1465 974 p.
1492 934 1573 964 476.
1600 950 1642 954 —

297 1004 430 1036 super
455 995 623 1037 egerit,
649 995 829 1029 adduxerit
855 1001 950 1029 ortus
975 1007 1054 1029 snos
1080 1007 1182 1041 super
1206 1001 1343 1037 terram,
1366 998 1505 1039 elegans
1531 998 1644 1035 lectio,

297 1070 348 1101 pr.
383 1061 439 1092 ubi
476 1071 645 1103 nunquam
679 1066 774 1094 ortus
807 1062 852 1094 sit
886 1063 937 1095 sol
971 1072 1074 1105 super
1107 1067 1242 1095 terram.
1293 1062 1447 1094 Contulit
1484 1062 1643 1094 Bscffins

296 1127 394 1169 Virg.
423 1129 506 1160 Aen.
533 1127 594 1168 IV,
621 1130 707 1160 118:
747 1125 808 1159 ubi
839 1127 970 1171 primos
997 1128 1176 1160 crastinas
1202 1134 1302 1160 ortus
1327 1127 1497 1160 extulerit
1526 1128 1645 1161 Titan.

299 1193 460 1226 Ceterum
487 1193 622 1226 Titan
650 1203 775 1226 nomen
810 1197 862 1226 est
895 1204 962 1226 non
996 1197 1194 1237 usurpatum
1222 1194 1386 1235 Tibullo,
1421 1198 1536 1237 aptum
1562 1205 1643 1226 vero

298 1263 416 1304 epicae
440 1262 723 1304 magnificentiae.
753 1279 792 1285 —
829 1260 872 1295 V.
898 1263 966 1292 158
992 1271 1066 1303 sqq.
1103 1261 1290 1304 propior
1315 1261 1473 1302 terris,
1505 1262 1643 1304 propior

296 1331 432 1358 nostrae
453 1337 570 1359 zonae.
606 1326 702 1358 Dixit
721 1336 801 1358 vero
821 1335 864 1358 ex
885 1325 1014 1367 vulgari
1035 1336 1097 1358 usu
1117 1325 1288 1368 loquendi.
1323 1326 1488 1359 Similiter
1507 1327 1644 1359 aesti-

297 1401 388 1423 vum
423 1391 571 1423 orbern
599 1390 680 1423 dicit
705 1391 790 1422 caeli
815 1391 988 1431 regionem
1016 1401 1111 1432 eam,
1150 1392 1207 1423 ubi
1233 1395 1362 1423 aestate
1388 1396 1501 1424 nostra
1529 1403 1642 1424 versa-

298 1461 353 1490 tur
377 1457 440 1488 sol.
491 1458 539 1488 Ac
575 1457 655 1499 poni
689 1454 802 1487 orbem
836 1467 885 1498 pr.
912 1458 1006 1488 caelo
1032 1457 1175 1489 vidimus
1201 1468 1302 1500 supra
1328 1458 1355 1499 Ι,
1379 1460 1412 1498 2,
1439 1459 1495 1490 52.
1547 1458 1643 1490 Alie-

294 1533 373 1556 num
412 1523 517 1565 igitur
556 1526 608 1555 est
644 1522 735 1565 quod
773 1523 919 1556 afferunt
957 1524 989 1556 in
1027 1525 1145 1556 orbem
1178 1524 1227 1557 ire
1261 1525 1367 1558 solem
1403 1524 1567 1567 quotidie.
1593 1544 1639 1549 -—

297 1584 511 1618 hibernas
549 1584 792 1618 decurrere
830 1586 976 1626 luces,
1016 1585 1175 1619 hibernos
1213 1587 1286 1618 dies
1324 1598 1512 1630 peragere,
1551 1599 1638 1630 quae

298 1651 407 1694 spatia
435 1650 565 1683 dierum
591 1660 668 1683 cum
693 1650 849 1682 breviora
875 1651 961 1691 sint,
995 1650 1089 1682 addit
1114 1651 1236 1683 celer
1269 1655 1304 1683 et
1338 1657 1567 1695 properat.
1593 1670 1640 1677 —-

294 1725 452 1758 presso
486 1718 661 1756 aratro,
694 1715 872 1758 impresso.
917 1716 1025 1748 Ovm.
1053 1715 1138 1748 Met.
1164 1715 1226 1756 ΠΙ,
1252 1718 1331 1749 104.
1370 1717 1480 1751 Vino.
1507 1720 1637 1762 Georg.

294 1778 338 1820 ΙΙ,
365 1781 445 1812 356.
495 1777 560 1810 Est
583 1779 687 1820 igitur
712 1778 857 1821 simplex
882 1789 943 1822 pro
969 1779 1170 1822 composito,
1197 1778 1239 1812 cf.
1263 1779 1350 1821 adl,
1368 1782 1402 1821 2,
1422 1783 1479 1814 80.
1529 1781 1640 1814 Porro

295 1845 507 1886 exsurgit
541 1848 592 1876 est
628 1845 796 1876 attollitur
831 1844 987 1877 excitatis
1021 1844 1143 1887 glebis,
1193 1844 1383 1878 Conferunt
1410 1846 1638 1879 Psssnnmro

293 1901 478 1951 praeeunte
507 1909 616 1942 Vme-
643 1910 774 1950 Georg.
799 1908 826 1949 Ι,
852 1911 916 1941 97:
957 1910 1007 1940 Et
1043 1908 1123 1954 qui,
1154 1909 1330 1953 proscisso
1363 1922 1452 1956 quae
1484 1912 1640 1944 suscitat

293 1984 442 2018 aequore
468 1979 590 2018 terga,
627 1975 769 2004 Rursus
796 1991 837 1996 -——
859 1974 1071 2017 prorumpit.
1129 1975 1341 2009 noscamus
1375 1980 1489 2009 autem
1525 1976 1640 2010 laudat

292 2039 400 2073 PMN.
434 2038 544 2082 Epist.
572 2039 613 2079 V,
639 2042 672 2079 6,
697 2040 739 2071 4:
791 2039 916 2072 Tantis
948 2039 1059 2085 glebis
1094 2042 1356 2074 tenacissimum
1390 2043 1523 2080 solum,
1560 2055 1638 2075 cum

285 2106 441 2150 primum
461 2113 690 2150 prosecatur,
718 2107 903 2152 adsurgit,
940 2114 979 2139 ut
1005 2121 1093 2140 nono
1125 2108 1260 2140 demum
1284 2109 1382 2142 sulco
1402 2109 1636 2153 perdonzelar,

294 2172 358 2204 nisi
392 2171 483 2214 quod
519 2172 587 2204 illic
622 2171 664 2204 de
702 2173 874 2205 tenaciore
910 2174 983 2206 solo
1016 2175 1140 2216 agitur.
1191 2175 1351 2208 Ceterum
1378 2175 1466 2208 bene
1496 2175 1635 2219 sactum,

292 2235 383 2278 quod
422 2236 535 2280 paullo
579 2237 730 2280 plu’ribns
768 2237 921 2281 depinxit
959 2237 1056 2271 liuius
1093 2249 1201 2274 zonae
1242 2241 1428 2282 rationem3
1475 2242 1636 2284 specialia

292 2305 384 2334 amat
408 2302 530 2344 poesis.
555 2319 601 2327 —
639 2303 678 2335 V.
709 2305 774 2335 163
801 2314 850 2345 sq.
901 2303 996 2336 Non
1025 2304 1123 2338 illie
1150 2306 1259 2338 colit
1293 2317 1396 2339 arva
1424 2306 1553 2348 deus,
1590 2307 1634 2341 cf.

293 2369 644 2402 erscnnumcnrmu
669 2369 710 2402 ad
740 2370 857 2402 Horat.
884 2370 942 2411 lv,
968 2373 1001 2411 5,
1030 2373 1084 2403 18.
1111 2389 1157 2394 —
1202 2371 1336 2404 Nulla
1370 2383 1458 2406 nec.
1508 2373 1635 2406 lterum

291 2434 369 2468 vide
398 2434 481 2467 duas
506 2435 704 2475 negationes
730 2447 791 2479 pro
818 2447 904 2477 una,
930 2441 967 2469 ut
993 2448 1095 2480 snpra
1122 2448 1151 2470 v.
1181 2441 1259 2471 127.
1310 2439 1463 2480 Denique
1492 2438 1636 2471 observa

294 2510 370 2533 nec
394 2509 445 2532 ex
472 2500 620 2533 iunctum
648 2501 816 2544 frequenti
845 2514 918 2545 usu,
946 2503 990 2538 cs.
1015 2504 1236 2538 Licnias-N.
1262 2505 1304 2538 ad
1324 2506 1481 2548 Propert.
1506 2517 1537 2548 p.
1554 2508 1635 2538 366.

293 2569 328 2597 et
364 2564 528 2597 Huscnn.
562 2565 592 2599 li.
628 2568 648 2600 l.
708 2569 817 2601 Porro
849 2569 890 2602 ad
928 2580 958 2604 v.
996 2576 1184 2604 exustas
1221 2572 1466 2604 Pissssmwms
1502 2572 1635 2605 confert

292 2630 398 2664 PLIN.
424 2630 467 2671 ΙῘ,
494 2634 559 2664 68:
596 2633 714 2665 Media
743 2646 821 2668 vero
847 2641 1036 2668 terrarum·
1063 2649 1132 2683 qua
1159 2637 1242 2669 solis
1267 2635 1382 2669 orbita
1408 2644 1472 2673 εεΙ,
1503 2644 1632 2670 exusta
