1721 2953
458 106 700 154 TIBULLI
741 105 850 153 LIB.
881 106 952 153 lv.
982 117 1014 152 8.
1040 117 1074 153 9.
1375 109 1438 155 93

485 311 860 354 CARMEN
927 311 1042 353 VIII.

138 415 332 502 Invisus
367 451 528 500 natalis
566 453 714 511 adest,
756 454 834 520 qui
869 472 971 501 rure
1002 453 1188 502 molesto

208 541 265 586 Et
300 539 395 586 sine
430 538 642 586 Cerintho
678 540 814 587 tristis
853 540 1055 603 agendus
1088 540 1180 587 erit.

140 625 330 674 Dulcius
366 625 478 671 urbe
510 625 620 690 quid
653 626 749 673 est?
803 645 860 672 an
896 625 998 672 villa
1034 626 1091 673 sit
1129 638 1231 690 apta
1266 625 1439 692 puellae

201 712 349 777 Atque
379 711 590 758 Arretino
626 711 820 775 frigidus
858 713 1001 759 amnis
1034 712 1174 775 agro?

109 798 263 854 5Iam,
310 796 499 843 nimium
533 796 729 844 Messala
765 797 852 844 mei
885 797 1111 854 studiose,
1155 796 1382 862 quiescas,

207 883 310 929 Non
347 882 631 947 tempestivae
667 901 799 948 saepe
835 883 1092 948 propinque
1127 882 1234 929 viae.

133 967 218 1014 Hic
256 966 453 1013 animum
492 986 740 1033 sensusque
774 987 896 1015 meos
930 968 1125 1015 abducta
1160 966 1390 1033 relinquo,

205 1053 406 1101 Arbitrio
444 1053 658 1119 quoniam
688 1073 781 1101 non
817 1054 927 1102 sinis
965 1072 1058 1101 esse
1093 1071 1206 1102 meo.

507 1355 880 1398 CARMEN
943 1358 1019 1399 IX.

130 1457 254 1544 Scis
284 1495 369 1542 iter
401 1513 453 1542 ex
485 1496 635 1543 animo
671 1497 898 1545 sublatum
929 1498 1053 1545 triste
1082 1496 1293 1565 puellae?

200 1582 348 1629 Natali
384 1584 554 1630 Romae
590 1583 679 1630 iam
714 1584 815 1632 licet
852 1603 946 1632 esse
983 1604 1078 1632 suo.

142 1668 369 1715 Omnibus
399 1668 472 1715 ille
505 1670 600 1715 dies
633 1670 766 1716 nobis
798 1670 958 1717 natalis
996 1681 1177 1733 agatur,

209 1753 303 1816 Qui
338 1772 419 1801 nec
457 1754 661 1819 opinanti
696 1774 818 1802 nunc
857 1756 936 1802 tibi
969 1755 1084 1802 forte
1120 1754 1249 1802 venit.

174 1943 217 1977 V.
235 1945 269 1977 4.
300 1942 453 1976 Aretino
484 1943 573 1979 libri.
620 1943 766 1977 Eretino
795 1943 912 1980 Imm,
961 1942 1113 1977 Reatino
1142 1943 1365 1977 Huscnxms.
1390 1958 1435 1965 -

80 2008 167 2042 Mox
188 2009 264 2042 libri
282 2009 354 2043 sere
376 2010 528 2052 amnis,
553 2009 669 2046 annis.
703 2012 820 2053 Vulgo
839 2021 956 2043 annus
974 2011 1105 2044 incerto
1125 2014 1276 2044 auctore.
1314 2008 1434 2042 Codex

80 2074 283 2109 Tuumssus
310 2075 436 2108 Arnus
469 2075 568 2110 bene.

174 2159 217 2193 V.
232 2161 266 2193 8.
292 2159 407 2201 Vulgo
430 2157 592 2192 Arbitrei
611 2178 658 2185 —
678 2159 745 2192 mei
769 2159 811 2194 de
836 2161 1031 2194 coniectura
1055 2160 1218 2194 Hssmsn.
1239 2178 1283 2185 —-
1328 2169 1434 2202 quo-

83 2224 197 2257 niam
230 2224 387 2257 Puccms
422 2228 457 2257 et
490 2224 627 2258 codices
658 2226 822 2259 nonnulli.
879 2227 1015 2269 Ceteri,
1050 2227 1151 2260 etiam
1185 2225 1324 2270 optimi,
1359 2224 1435 2258 libri

81 2287 243 2334 quamvis
279 2293 313 2322 et
347 2299 423 2322 cum
455 2289 555 2322 Anno
589 2291 788 2325 ScAmcmt.

172 2371 214 2404 V.
232 2373 265 2404 2.
299 2371 383 2404 iam
420 2370 498 2404 CUI.
527 2382 608 2406 vum.
640 2384 709 2405 non
737 2373 855 2407 ceteri.
905 2374 1019 2416 Vulgo
1047 2384 1140 2406 nunc
1166 2372 1209 2407 de
1237 2374 1434 2407 coniectura

79 2435 280 2470 Iunonum.
302 2453 346 2460 -
395 2446 476 2469 mox
511 2442 573 2469 tuo
610 2437 697 2472 libri.
746 2448 825 2472 suo
858 2439 961 2481 vulgo
996 2448 1040 2472 ex
1069 2439 1188 2471 ALDD.
1223 2449 1299 2472 ann.
1328 2441 1434 2481 1502,

82 2501 185 2532 1515.
211 2504 314 2533 recte.
335 2518 381 2524 -
418 2501 461 2534 V.
476 2504 508 2534 4.
535 2500 606 2534 iam
627 2513 690 2547 pro
715 2513 831 2538 nunc
858 2504 990 2540 Vum‘u
1015 2503 1172 2538 librarius
1194 2502 1283 2537 sorte
1308 2503 1433 2544 intulit,

80 2569 118 2598 ut
146 2569 260 2599 monet
285 2565 548 2600 LmuMANNth.
