1721 2953
317 126 395 157 244
629 111 995 155 COMMEN'I‘AR.
1027 114 1085 155 IN
1116 114 1343 156 TIBULLI

321 228 488 273 -leltJ’stl-s'
523 227 630 259 etiam
665 237 821 271 curaque
858 237 1023 273 amorque
1052 227 1136 273 sui,
1172 233 1206 262 et
1243 229 1351 262 V1RG.
1388 228 1508 272 Eclog.
1532 230 1576 272 X,
1602 234 1658 264 31.

316 300 397 330 Aen.
420 295 479 335 lv,
506 296 584 327 347.
610 311 657 317 —

406 359 447 391 V.
474 361 616 391 33-60.
654 355 849 390 Medium
879 367 1066 392 carmen.
1111 359 1220 392 Pars
1247 359 1460 393 secunda.
1500 361 1657 395 Aetati

313 425 541 469 mythicae
566 424 709 458 omnia
736 433 813 467 pro
848 433 998 458 amore
1027 425 1232 458 tolerare
1265 429 1454 469 paratae
1481 424 1657 460 hodier-

311 504 407 527 num
445 492 674 525 saeculum
710 490 976 534 opponitur,
1018 492 1231 535 praedae,
1266 502 1412 536 opum,
1447 494 1657 527 luxuriae

308 558 574 592 studiosum.
601 575 645 581 —-

404 626 446 658 V.
471 627 516 657 33
542 634 615 666 sqq.
665 625 716 656 At
740 626 796 655 tu.
845 623 955 656 Poeta
981 623 1102 666 plenus
1128 623 1339 664 cogitatione
1365 625 1498 668 priscae
1524 625 1656 667 aetatis,

308 691 365 724 ubi
400 701 496 723 amor
527 687 699 732 pulchrius
734 688 892 730 vigebat,
929 692 963 720 et
988 688 1021 720 in
1054 699 1091 722 se
1125 699 1261 732 quoque
1293 691 1443 723 sentiens
1470 692 1655 725 nobiliores

307 758 405 800 ignes
431 761 466 791 et
500 760 654 800 paratum
682 755 723 788 ad
750 755 862 788 omnia
889 765 950 798 pro
976 766 1092 788 amore
1117 756 1294 789 subeunda
1319 757 1487 800 animum,
1523 764 1558 791 at
1585 769 1655 800 roS‚

306 826 372 867 ait,
408 825 464 868 qui
493 834 642 857 amorem
678 823 827 865 iniquum
855 822 1079 865 experimini,
1117 822 1207 865 apud
1234 833 1287 856 me
1313 823 1433 856 discite
1462 828 1495 857 et
1521 825 1553 857 in
1579 835 1654 858 mea

306 893 408 926 domo
434 890 630 924 amatoriam
657 890 830 930 militiam,
855 891 893 921 ut
923 888 1059 930 studio,
1084 888 1216 930 officio,
1243 889 1382 922 servitio
1408 889 1570 922 fidissimo
1595 902 1653 923 ca-

307 959 419 1002 piatur
452 967 547 989 anior
582 956 828 995 sornxosarum3
867 964 945 987 nam
971 955 1076 997 vulgo
1103 953 1235 987 ridetur
1261 955 1384 998 Apollo
1410 955 1499 998 apud
1526 955 1653 988 Adme-

305 1029 377 1057 tum
403 1024 565 1064 serviens,
591 1022 695 1063 vulgo
731 1021 831 1054 alieni
866 1031 955 1054 nunc
991 1019 1143 1054 homines
1178 1021 1221 1054 ab
1248 1019 1297 1053 his
1323 1021 1424 1053 rebus
1452 1022 1517 1054 alla
1542 1026 1654 1055 castra

303 1095 511 1135 sequuntur,
551 1101 614 1123 nec
641 1090 810 1124 Venerem
844 1087 905 1121 sed
942 1088 1102 1132 praedam
1128 1087 1267 1121 laudant
1304 1088 1404 1120 armis
1441 1099 1653 1130 cousequen-

304 1158 393 1191 dam.
452 1156 609 1188 Tenebat
635 1154 722 1187 enim
748 1154 812 1187 ista
838 1153 1013 1186 luxuriosa
1038 1156 1152 1186 aetate
1178 1164 1260 1196 prae
1285 1153 1361 1186 aliis
1386 1154 1540 1186 omuibus
1566 1153 1652 1185 diri-

302 1226 425 1258 tiarum
451 1223 618 1266 cupiditas
643 1222 783 1262 animos,
809 1220 902 1253 dives
922 1220 1066 1262 quisque
1091 1220 1165 1252 fieri
1191 1220 1340 1260 volebat,
1367 1221 1463 1252 culus
1485 1220 1533 1252 rei
1556 1230 1650 1262 spem

302 1301 380 1324 cum
405 1289 524 1322 militia
551 1299 594 1321 ex
621 1287 746 1331 praeda
771 1286 987 1328 ostenderet,
1027 1285 1111 1319 hanc
1146 1287 1283 1330 plurimi
1310 1290 1380 1319 tuin
1407 1286 1648 1328 sequebantur.

301 1355 381 1387 Huc
407 1354 534 1396 igitur,
559 1354 626 1394 ait,
653 1362 818 1386 conversa
847 1362 1009 1395 praesens
1036 1353 1145 1385 ferrea
1171 1356 1266 1384 aetas
1294 1362 1355 1395 pro
1379 1362 1495 1385 amore
1522 1353 1651 1385 servire

302 1430 369 1453 non
405 1420 497 1460 vult,
538 1429 606 1460 quo
641 1421 755 1450 tamen
789 1416 869 1450 nihil
899 1417 1034 1451 videtur
1069 1416 1256 1461 pulchrius.
1316 1417 1447 1453 Quodsi
1483 1417 1564 1452 haec
1598 1424 1651 1452 est

302 1495 381 1518 vera
406 1495 500 1517 mens
527 1487 660 1527 poetae,
687 1486 724 1515 ut
750 1483 806 1515 vix
832 1481 1037 1524 dubitamus,
1060 1486 1203 1525 apparet
1225 1493 1292 1525 quo
1317 1484 1461 1516 transitu
1486 1484 1527 1516 ab
1552 1489 1650 1518 ante-

302 1549 501 1583 cedentibus
528 1548 570 1581 ad
597 1548 776 1590 sequeutia
810 1548 921 1580 oratio
957 1546 1132 1590 procedat·
1181 1547 1244 1579 Illa
1279 1558 1361 1581 vero
1394 1549 1460 1581 alia
1493 1550 1649 1591 quaestio

300 1620 365 1658 est,
390 1627 468 1649 num
491 1615 656 1658 optimum
682 1613 861 1646 transitum
885 1613 1042 1645 Tibullus
1065 1613 1220 1655 elegerit.
1271 1615 1374 1647 Certe
1402 1626 1502 1648 nemo
1528 1627 1651 1650 neces-

299 1683 422 1716 sariam
458 1691 593 1714 causam
630 1679 827 1712 iudicaverit
854 1679 1076 1722 interpositae
1103 1680 1192 1712 iuter
1226 1681 1472 1725 descriptiones
1498 1687 1650 1716 aetatum

299 1747 489 1782 sententiae
515 1746 557 1779 de
585 1747 654 1779 suis
681 1746 822 1786 castris,
856 1756 921 1787 qua
948 1746 1028 1788 quid
1057 1757 1194 1780 carmen
1220 1748 1371 1781 lucretur
1396 1759 1462 1781 non
1492 1754 1646 1793 apparet.

299 1815 496 1858 Simplicius
524 1818 557 1847 et
586 1814 761 1847 nervosius
787 1813 957 1856 dicerem,
994 1815 1021 1847 si
1047 1815 1208 1848 continuo
1237 1826 1256 1848 a
1287 1815 1434 1858 mythica
1460 1821 1573 1850 aetate
1599 1817 1641 1849 ad

298 1882 495 1915 hodiernam
530 1892 591 1925 per
632 1881 880 1925 oppositionem
913 1881 1115 1914 transiisset.
1140 1900 1187 1906 —
1222 1882 1293 1914 cui
1327 1883 1455 1915 tristi
1492 1882 1647 1915 fronte

299 1946 475 1990 Cupido
511 1947 704 1989 imperat
741 1957 767 1978 s.
805 1946 996 1989 imperitat,
1036 1945 1068 1979 h.
1095 1957 1124 1979 e.
1164 1947 1218 1979 cui
1254 1947 1338 1980 dura
1375 1948 1488 1991 puella
1525 1952 1576 1980 est
1612 1952 1647 1980 et

298 2023 441 2056 aspera,
480 2012 538 2054 qui
564 2022 630 2044 nou
660 2011 812 2044 secundo
839 2011 967 2053 gaudet
992 2022 1106 2044 amore
1132 2016 1165 2044 et
1194 2023 1318 2056 capere
1345 2014 1490 2045 animum
1517 2012 1648 2045 formo-

298 2087 358 2109 sae
384 2078 489 2120 cupit.
539 2077 608 2109 Pro
644 2076 841 2119 Imperat
867 2081 910 2108 ut
942 2081 1056 2109 autem
1081 2077 1146 2110 iam
1174 2078 1253 2110 olim
1277 2077 1457 2121 imperim!
1484 2077 1647 2110 emenda-

297 2147 370 2177 tum
406 2146 479 2184 est,
516 2142 605 2185 quod
628 2143 744 2184 .vulgo
779 2147 953 2186 receptum
992 2143 1129 2186 legitur.
1180 2143 1294 2176 Utitur
1318 2147 1432 2176 autem
1457 2143 1514 2175 tali
1541 2142 1645 2175 verbo

298 2207 351 2241 hic
385 2212 420 2241 et
454 2207 697 2251 imperatorem
733 2207 814 2240 facit
849 2209 1072 2251 Cupidinem,
1110 2213 1148 2242 ut
1183 2209 1297 2242 statim
1333 2209 1374 2241 de
1410 2209 1530 2242 castris
1564 2208 1646 2240 dicit

297 2272 452 2313 Amoris,
502 2274 643 2315 opponit
682 2274 770 2306 enim
812 2275 844 2307 in
886 2276 1108 2317 sequentibus
1149 2275 1303 2308 bellicam
1350 2275 1502 2307 militiam
1540 2274 1643 2315 vulgo

299 2337 500 2381 probatam,
539 2338 594 2370 cui
629 2339 679 2370 rei
715 2349 803 2372 nunc
839 2341 1024 2383 respondet
1059 2340 1289 2384 metaphorica
1315 2340 1412 2373 huius
1438 2339 1502 2372 loci
1528 2339 1642 2373 dictio.

297 2404 424 2437 Confer
447 2404 542 2445 adl,
567 2407 600 2446 3,
626 2408 682 2438 33.
709 2423 753 2430 -
793 2412 951 2440 nostra
978 2407 1069 2440 siut
1095 2411 1169 2440 tua
1195 2411 1349 2440 castra
1374 2406 1518 2446 domo,
1552 2404 1584 2438 h.
1611 2417 1641 2440 e.

296 2471 385 2515 apud
412 2482 465 2504 nic
492 2472 584 2505 disce
610 2473 766 2506 militiam
789 2474 1009 2514 amatorium,
1037 2473 1159 2515 quibus
1186 2472 1325 2512 officiis,
1351 2471 1567 2512 ministeriis,
1593 2473 1642 2504 la-

297 2539 434 2571 boribus
459 2538 683 2582 suscipiendis
716 2539 866 2574 savorem
896 2541 1028 2584 puellae
1056 2540 1116 2572 tibi
1145 2538 1325 2571 conciliare
1354 2538 1471 2580 possis
1532 2537 1642 2570 Ducta

295 2603 372 2637 iude
398 2607 450 2638 est
475 2604 622 2646 locutio,
660 2604 752 2647 quod
789 2605 822 2638 iu
858 2604 976 2638 castris
1011 2603 1134 2637 milites
1162 2602 1306 2636 Romani
1342 2602 1641 2636 exercitationibus
