1721 2953
251 119 317 166 26
661 116 901 163 TIBULLI
953 118 1063 164 LlB.
1095 118 1128 163 l.
1154 131 1187 165 7.

306 241 466 306 Qualis
501 251 564 298 et,
608 250 780 286 arentes
817 258 916 287 cum
953 240 1085 288 findit
1121 239 1265 288 Sirius
1298 257 1453 303 agros,

369 335 546 384 Fertilis
582 333 745 380 aestiva
778 333 907 381 Nilus
942 333 1141 381 abundet
1176 333 1319 397 aqua?

304 430 401 477 Nile
437 441 588 494 pater,
631 447 825 493 quanam
857 429 1025 493 possim
1062 440 1103 475 te
1135 428 1282 475 dicere
1314 446 1447 474 causa

378 525 468 570 Aut
505 522 669 589 quibus
706 523 752 569 in
787 522 916 570 terris
952 521 1200 570 occuluisse
1236 521 1403 587 caput?

248 619 369 665 25Te
400 629 586 684 propter
618 616 766 663 nullos
805 616 933 664 tellus
971 628 1044 663 tua
1088 615 1285 681 postulat
1321 615 1511 672 imbres,

375 710 518 758 Arida
547 728 629 757 nec
662 709 821 757 Pluvio
859 709 1082 775 supplicat
1118 709 1258 755 herba
1293 708 1398 755 Iovi.

306 806 369 851 Te
407 805 524 852 canit
560 816 690 869 atque
727 823 857 850 suum
894 803 1036 868 pubes
1073 803 1261 849 miratur
1298 801 1467 848 Osirim

370 898 597 955 Barbara,
632 897 911 962 Memphiten
940 897 1153 962 plangere
1193 897 1323 944 docta
1358 897 1528 943 bovem.

303 991 482 1039 Primus
513 1003 658 1038 aratra
694 1010 830 1038 manu
865 991 1031 1038 sollerti
1069 991 1171 1038 fecit
1209 991 1355 1037 Osiris

247 1098 295 1131 30
372 1085 428 1131 Et
466 1097 664 1132 teneram
701 1085 821 1131 ferro
858 1084 1110 1132 sollicitavit
1145 1085 1355 1141 humum⁷

303 1180 482 1226 Primus
518 1180 772 1244 inexpertae
810 1179 1031 1225 commisit
1066 1179 1236 1226 semina
1272 1190 1414 1225 terrae

367 1274 597 1339 Pomaque
632 1293 722 1320 non
761 1273 879 1320 notis
916 1272 1022 1337 legit
1058 1272 1114 1319 ab
1153 1272 1405 1320 arboribus.

304 1371 388 1417 Hie
426 1369 579 1416 docuit
610 1381 809 1415 teneram
846 1367 960 1431 palis
999 1367 1245 1429 adiungere
1282 1367 1437 1421 vitem,

364 1463 448 1509 Hic
485 1462 671 1508 viridem
710 1461 823 1506 dura
862 1459 1045 1506 caedere
1081 1458 1192 1506 falce
1227 1477 1426 1506 comam:

246 1555 373 1602 5511Ιί
410 1555 631 1602 iucundos
663 1556 859 1620 primum
890 1566 1062 1601 matura
1098 1553 1282 1617 sapores

367 1650 589 1714 Expressa
625 1648 805 1695 incultis
843 1668 927 1695 uva
965 1648 1088 1695 dedit
1124 1646 1329 1711 pedibus.

299 1745 376 1791 llle
414 1744 563 1808 liquor
600 1744 754 1790 docuit
791 1761 919 1789 voces
956 1741 1180 1788 inflectere
1219 1752 1375 1797 cantu,

362 1838 503 1885 Movit
534 1850 575 1885 et
610 1839 668 1885 ad
706 1850 848 1885 certos
886 1838 1033 1885 nescia
1073 1836 1272 1882 membra
1310 1835 1495 1891 modos,

299 1929 505 1976 Bacchus
543 1941 584 1974 et
620 1929 842 1991 agricolae
880 1947 1044 1990 magno
1082 1927 1282 1974 confecta
1320 1927 1472 1973 labore

245 2037 293 2071 40
371 2025 559 2070 Pectora
598 2022 797 2069 tristitiae
835 2020 1125 2067 dissoluenda
1159 2019 1294 2065 dedit.

298 2117 505 2163 Bacchus
541 2127 581 2160 ct
618 2114 793 2163 afflictis
828 2112 1025 2177 requiem
1063 2110 1327 2157 mortalibus
1358 2111 1517 2167 affert,

361 2208 503 2253 Crura
539 2206 640 2253 lieet
671 2205 785 2252 dura
823 2203 1037 2269 compede
1070 2203 1199 2268 pulsa
1237 2214 1408 2249 sonent.

299 2301 401 2345 Non
440 2298 519 2344 tibi
556 2308 659 2343 sunt
691 2296 836 2343 tristes
875 2314 1006 2343 curae
1042 2314 1124 2342 nec
1161 2294 1325 2349 luctus,
1373 2292 1494 2339 Osiri

1512 2330 1523 2347 *a

370 2390 461 2436 Sed
495 2389 658 2436 chorus
695 2401 736 2435 ct
769 2400 924 2436 cantus
957 2400 997 2435 et
1033 2386 1138 2434 levis
1175 2398 1303 2450 aptus
1343 2404 1492 2439 amor,

247 2483 395 2530 4'5Sed
434 2481 541 2527 varii
575 2480 705 2527 flores
743 2492 783 2527 et
816 2480 941 2527 frons
972 2479 1176 2528 redimita
1208 2475 1458 2542 corymbis,

368 2574 484 2619 Fusa
522 2572 599 2618 sed
639 2572 694 2618 ad
729 2584 902 2618 teneros
940 2570 1054 2618 lutea
1089 2569 1201 2634 palla
1235 2568 1370 2632 pedes
