<?xml version="1.0" encoding="UTF-8"?>
<!DOCTYPE html PUBLIC "-//W3C//DTD XHTML 1.0 Transitional//EN"
    "http://www.w3.org/TR/xhtml1/DTD/xhtml1-transitional.dtd">
<html xmlns="http://www.w3.org/1999/xhtml" xml:lang="en" lang="en">
 <head>
  <title>
</title>
<meta http-equiv="Content-Type" content="text/html;charset=utf-8" />
  <meta name='ocr-system' content='tesseract 3.04.00' />
  <meta name='ocr-capabilities' content='ocr_page ocr_carea ocr_par ocr_line ocrx_word'/>
</head>
<body>
  <div class='ocr_page' id='page_1' title='image "./carminaexrecensi00tibuuoft_0557.png"; bbox 0 0 1721 2953; ppageno 0'>
   <div class='ocr_carea' id='block_1_1' title="bbox 0 0 26 1322">
    <p class='ocr_par' dir='ltr' id='par_1_1' title="bbox 0 0 26 1322">
     <span class='ocr_line' id='line_1_1' title="bbox 0 0 26 1322; baseline 0 0"><span class='ocrx_word' id='word_1_1' title='bbox 0 0 26 1322; x_wconf 95' lang='lat' dir='ltr'><strong> </strong></span> 
     </span>
    </p>
   </div>
   <div class='ocr_carea' id='block_1_2' title="bbox 509 100 1432 144">
    <p class='ocr_par' dir='ltr' id='par_1_2' title="bbox 509 100 1432 144">
     <span class='ocr_line' id='line_1_2' title="bbox 509 100 1432 144; baseline 0.003 -3"><span class='ocrx_word' id='word_1_2' title='bbox 509 102 653 142; x_wconf 83' lang='lat' dir='ltr'><strong>LIBR.</strong></span> <span class='ocrx_word' id='word_1_3' title='bbox 683 103 734 141; x_wconf 80' lang='grc' dir='ltr'><strong>Π.</strong></span> <span class='ocrx_word' id='word_1_4' title='bbox 792 100 951 141; x_wconf 89' lang='lat' dir='ltr'><strong>ELEG.</strong></span> <span class='ocrx_word' id='word_1_5' title='bbox 982 104 1032 143; x_wconf 85' lang='grc' dir='ltr'><strong>ΙΙ.</strong></span> <span class='ocrx_word' id='word_1_6' title='bbox 1357 109 1432 144; x_wconf 72' lang='lat'><strong>231</strong></span> 
     </span>
    </p>
   </div>
   <div class='ocr_carea' id='block_1_3' title="bbox 66 215 1434 2636">
    <p class='ocr_par' dir='ltr' id='par_1_3' title="bbox 79 215 1434 1185">
     <span class='ocr_line' id='line_1_3' title="bbox 95 215 1433 262; baseline -0.001 -11"><span class='ocrx_word' id='word_1_7' title='bbox 95 218 124 252; x_wconf 70' lang='lat' dir='ltr'><strong>ln.</strong></span> <span class='ocrx_word' id='word_1_8' title='bbox 153 228 181 252; x_wconf 91' lang='lat' dir='ltr'><strong>e.</strong></span> <span class='ocrx_word' id='word_1_9' title='bbox 217 222 284 253; x_wconf 85' lang='lat' dir='ltr'><strong>tam</strong></span> <span class='ocrx_word' id='word_1_10' title='bbox 320 228 423 262; x_wconf 86' lang='lat' dir='ltr'>saepe</span> <span class='ocrx_word' id='word_1_11' title='bbox 455 218 542 251; x_wconf 90' lang='lat' dir='ltr'><strong>enim</strong></span> <span class='ocrx_word' id='word_1_12' title='bbox 570 220 605 250; x_wconf 90' lang='lat' dir='ltr'><strong>et</strong></span> <span class='ocrx_word' id='word_1_13' title='bbox 630 215 791 250; x_wconf 82' lang='lat' dir='ltr'>ardenter</span> <span class='ocrx_word' id='word_1_14' title='bbox 821 218 953 260; x_wconf 76' lang='lat' dir='ltr'><strong>expetis</strong></span> <span class='ocrx_word' id='word_1_15' title='bbox 981 217 1064 252; x_wconf 72' lang='lat' dir='ltr'><strong>lianc</strong></span> <span class='ocrx_word' id='word_1_16' title='bbox 1092 229 1159 251; x_wconf 77' lang='lat' dir='ltr'><strong>rem</strong></span> <span class='ocrx_word' id='word_1_17' title='bbox 1187 218 1298 250; x_wconf 76' lang='lat' dir='ltr'><strong>tacitis</strong></span> <span class='ocrx_word' id='word_1_18' title='bbox 1324 219 1433 260; x_wconf 79' lang='lat' dir='ltr'><strong>preci-</strong></span> 
     </span>
     <span class='ocr_line' id='line_1_4' title="bbox 93 281 1434 327; baseline -0.001 -9"><span class='ocrx_word' id='word_1_19' title='bbox 93 285 154 318; x_wconf 90' lang='lat' dir='ltr'><strong>bus</strong></span> <span class='ocrx_word' id='word_1_20' title='bbox 178 296 198 318; x_wconf 83' lang='lat' dir='ltr'><strong>a</strong></span> <span class='ocrx_word' id='word_1_21' title='bbox 223 284 307 326; x_wconf 89' lang='lat' dir='ltr'><strong>diis,</strong></span> <span class='ocrx_word' id='word_1_22' title='bbox 341 293 407 327; x_wconf 84' lang='lat' dir='ltr'><strong>qua</strong></span> <span class='ocrx_word' id='word_1_23' title='bbox 433 281 513 316; x_wconf 86' lang='lat' dir='ltr'><strong>nihil</strong></span> <span class='ocrx_word' id='word_1_24' title='bbox 538 282 646 325; x_wconf 86' lang='lat' dir='ltr'><strong>magis</strong></span> <span class='ocrx_word' id='word_1_25' title='bbox 676 282 739 315; x_wconf 91' lang='lat' dir='ltr'><strong>tibi</strong></span> <span class='ocrx_word' id='word_1_26' title='bbox 772 281 867 315; x_wconf 89' lang='lat' dir='ltr'><strong>cordi</strong></span> <span class='ocrx_word' id='word_1_27' title='bbox 903 286 974 324; x_wconf 78' lang='lat' dir='ltr'><strong>est,</strong></span> <span class='ocrx_word' id='word_1_28' title='bbox 1012 288 1050 316; x_wconf 85' lang='lat' dir='ltr'><strong>nt</strong></span> <span class='ocrx_word' id='word_1_29' title='bbox 1075 284 1137 326; x_wconf 75' lang='lat' dir='ltr'><strong>ipsi</strong></span> <span class='ocrx_word' id='word_1_30' title='bbox 1166 284 1209 316; x_wconf 87' lang='lat' dir='ltr'><strong>dii</strong></span> <span class='ocrx_word' id='word_1_31' title='bbox 1236 283 1434 316; x_wconf 78' lang='lat' dir='ltr'>memoriter</span> 
     </span>
     <span class='ocr_line' id='line_1_5' title="bbox 90 347 1433 383; baseline -0.001 0"><span class='ocrx_word' id='word_1_32' title='bbox 90 353 227 383; x_wconf 81' lang='lat' dir='ltr'><strong>teneant</strong></span> <span class='ocrx_word' id='word_1_33' title='bbox 251 353 375 382; x_wconf 84' lang='lat' dir='ltr'><strong>votum.</strong></span> <span class='ocrx_word' id='word_1_34' title='bbox 399 365 446 374; x_wconf 90' lang='lat'>—</span> <span class='ocrx_word' id='word_1_35' title='bbox 470 348 513 382; x_wconf 91' lang='lat' dir='ltr'><strong>V.</strong></span> <span class='ocrx_word' id='word_1_36' title='bbox 539 350 595 382; x_wconf 85' lang='lat'><strong>13.</strong></span> <span class='ocrx_word' id='word_1_37' title='bbox 629 347 722 381; x_wconf 90' lang='lat' dir='ltr'><strong>Nec</strong></span> <span class='ocrx_word' id='word_1_38' title='bbox 746 348 833 381; x_wconf 90' lang='lat' dir='ltr'><strong>tibi</strong></span> <span class='ocrx_word' id='word_1_39' title='bbox 866 350 1083 383; x_wconf 84' lang='lat' dir='ltr'><strong>malueris</strong></span> <span class='ocrx_word' id='word_1_40' title='bbox 1109 355 1173 383; x_wconf 77' lang='lat' dir='ltr'><strong>etc.</strong></span> <span class='ocrx_word' id='word_1_41' title='bbox 1225 350 1433 383; x_wconf 80' lang='lat' dir='ltr'><strong>Observabis</strong></span> 
     </span>
     <span class='ocr_line' id='line_1_6' title="bbox 87 412 1433 457; baseline -0.001 -7"><span class='ocrx_word' id='word_1_42' title='bbox 87 417 209 450; x_wconf 89' lang='lat' dir='ltr'><strong>iterum</strong></span> <span class='ocrx_word' id='word_1_43' title='bbox 240 416 440 456; x_wconf 72' lang='grc' dir='ltr'><em>διχοτομίιιν</em></span> <span class='ocrx_word' id='word_1_44' title='bbox 471 412 656 447; x_wconf 86' lang='lat' dir='ltr'>adhibitam</span> <span class='ocrx_word' id='word_1_45' title='bbox 688 417 728 446; x_wconf 88' lang='lat' dir='ltr'><strong>ut</strong></span> <span class='ocrx_word' id='word_1_46' title='bbox 754 414 876 455; x_wconf 80' lang='lat' dir='ltr'><strong>toties3</strong></span> <span class='ocrx_word' id='word_1_47' title='bbox 910 425 986 448; x_wconf 86' lang='lat' dir='ltr'><strong>nam</strong></span> <span class='ocrx_word' id='word_1_48' title='bbox 1012 426 1089 448; x_wconf 76' lang='lat' dir='ltr'><strong>arva</strong></span> <span class='ocrx_word' id='word_1_49' title='bbox 1127 420 1160 448; x_wconf 84' lang='lat' dir='ltr'><strong>et</strong></span> <span class='ocrx_word' id='word_1_50' title='bbox 1188 425 1340 457; x_wconf 77' lang='lat' dir='ltr'><strong>gemmas</strong></span> <span class='ocrx_word' id='word_1_51' title='bbox 1371 424 1433 448; x_wconf 93' lang='lat' dir='ltr'><strong>no-</strong></span> 
     </span>
     <span class='ocr_line' id='line_1_7' title="bbox 88 479 1432 524; baseline 0.002 -12"><span class='ocrx_word' id='word_1_52' title='bbox 88 481 202 513; x_wconf 89' lang='lat' dir='ltr'><strong>minat.</strong></span> <span class='ocrx_word' id='word_1_53' title='bbox 259 479 412 513; x_wconf 84' lang='lat' dir='ltr'><strong>valido</strong></span> <span class='ocrx_word' id='word_1_54' title='bbox 446 479 579 522; x_wconf 88' lang='lat' dir='ltr'><strong>bove,</strong></span> <span class='ocrx_word' id='word_1_55' title='bbox 615 480 808 523; x_wconf 83' lang='lat' dir='ltr'><strong>explicante</strong></span> <span class='ocrx_word' id='word_1_56' title='bbox 843 481 993 523; x_wconf 74' lang='lat' dir='ltr'><strong>Vossro,</strong></span> <span class='ocrx_word' id='word_1_57' title='bbox 1028 492 1093 515; x_wconf 92' lang='lat' dir='ltr'><strong>non</strong></span> <span class='ocrx_word' id='word_1_58' title='bbox 1135 482 1292 515; x_wconf 82' lang='lat' dir='ltr'><strong>malueris</strong></span> <span class='ocrx_word' id='word_1_59' title='bbox 1327 492 1432 524; x_wconf 90' lang='lat' dir='ltr'><strong>quae--</strong></span> 
     </span>
     <span class='ocr_line' id='line_1_8' title="bbox 86 545 1433 592; baseline 0.001 -11"><span class='ocrx_word' id='word_1_60' title='bbox 86 551 219 591; x_wconf 84' lang='lat' dir='ltr'><strong>cun&#39;qne</strong></span> <span class='ocrx_word' id='word_1_61' title='bbox 254 545 392 592; x_wconf 86' lang='lat' dir='ltr'><strong>pinguia</strong></span> <span class='ocrx_word' id='word_1_62' title='bbox 422 558 502 581; x_wconf 81' lang='lat' dir='ltr'><strong>arva</strong></span> <span class='ocrx_word' id='word_1_63' title='bbox 536 551 675 580; x_wconf 85' lang='lat' dir='ltr'><strong>arantur</strong></span> <span class='ocrx_word' id='word_1_64' title='bbox 701 557 762 591; x_wconf 91' lang='lat' dir='ltr'><strong>per</strong></span> <span class='ocrx_word' id='word_1_65' title='bbox 793 546 932 588; x_wconf 71' lang='lat' dir='ltr'><strong>orbem,</strong></span> <span class='ocrx_word' id='word_1_66' title='bbox 970 548 1049 580; x_wconf 86' lang='lat' dir='ltr'><strong>talia</strong></span> <span class='ocrx_word' id='word_1_67' title='bbox 1083 550 1169 582; x_wconf 86' lang='lat' dir='ltr'><strong>enim</strong></span> <span class='ocrx_word' id='word_1_68' title='bbox 1197 548 1342 582; x_wconf 72' lang='lat' dir='ltr'><strong>validum</strong></span> <span class='ocrx_word' id='word_1_69' title='bbox 1368 548 1433 582; x_wconf 93' lang='lat' dir='ltr'><strong>bo-</strong></span> 
     </span>
     <span class='ocr_line' id='line_1_9' title="bbox 86 613 1430 658; baseline 0.001 -12"><span class='ocrx_word' id='word_1_70' title='bbox 86 623 159 646; x_wconf 71' lang='lat' dir='ltr'><strong>vem</strong></span> <span class='ocrx_word' id='word_1_71' title='bbox 193 614 368 656; x_wconf 81' lang='lat' dir='ltr'><strong>requirunt</strong></span> <span class='ocrx_word' id='word_1_72' title='bbox 401 617 436 647; x_wconf 90' lang='lat' dir='ltr'><strong>et</strong></span> <span class='ocrx_word' id='word_1_73' title='bbox 470 613 594 648; x_wconf 88' lang='lat' dir='ltr'><strong>fortem</strong></span> <span class='ocrx_word' id='word_1_74' title='bbox 621 617 801 648; x_wconf 86' lang='lat' dir='ltr'><strong>aratorem.</strong></span> <span class='ocrx_word' id='word_1_75' title='bbox 830 632 872 638; x_wconf 91' lang='lat'>-</span> <span class='ocrx_word' id='word_1_76' title='bbox 910 625 1174 656; x_wconf 84' lang='lat' dir='ltr'><strong>gemmarum</strong></span> <span class='ocrx_word' id='word_1_77' title='bbox 1211 615 1430 658; x_wconf 82' lang='lat' dir='ltr'><strong>quicquid</strong></span> 
     </span>
     <span class='ocr_line' id='line_1_10' title="bbox 82 680 1430 727; baseline 0.004 -14"><span class='ocrx_word' id='word_1_78' title='bbox 82 680 302 714; x_wconf 77' lang='lat' dir='ltr'><strong>felicibus</strong></span> <span class='ocrx_word' id='word_1_79' title='bbox 336 680 462 714; x_wconf 86' lang='lat' dir='ltr'><strong>Indis</strong></span> <span class='ocrx_word' id='word_1_80' title='bbox 497 681 705 715; x_wconf 85' lang='lat' dir='ltr'><strong>nascitur</strong></span> <span class='ocrx_word' id='word_1_81' title='bbox 740 686 805 715; x_wconf 90' lang='lat' dir='ltr'><strong>etc.</strong></span> <span class='ocrx_word' id='word_1_82' title='bbox 867 681 932 715; x_wconf 87' lang='lat' dir='ltr'><strong>Est</strong></span> <span class='ocrx_word' id='word_1_83' title='bbox 963 681 1133 727; x_wconf 71' lang='lat' dir='ltr'><strong>felicibus</strong></span> <span class='ocrx_word' id='word_1_84' title='bbox 1175 694 1222 726; x_wconf 83' lang='lat' dir='ltr'><strong>pr.</strong></span> <span class='ocrx_word' id='word_1_85' title='bbox 1259 683 1430 718; x_wconf 82' lang='lat' dir='ltr'><strong>divitibus.</strong></span> 
     </span>
     <span class='ocr_line' id='line_1_11' title="bbox 86 747 1430 782; baseline 0.001 -2"><span class='ocrx_word' id='word_1_86' title='bbox 86 747 194 780; x_wconf 89' lang='lat' dir='ltr'><strong>Porro</strong></span> <span class='ocrx_word' id='word_1_87' title='bbox 229 750 343 780; x_wconf 89' lang='lat' dir='ltr'><strong>monet</strong></span> <span class='ocrx_word' id='word_1_88' title='bbox 370 748 521 781; x_wconf 81' lang='lat' dir='ltr'><strong>Vossms</strong></span> <span class='ocrx_word' id='word_1_89' title='bbox 556 749 734 782; x_wconf 81' lang='lat' dir='ltr'><strong>Oceanum</strong></span> <span class='ocrx_word' id='word_1_90' title='bbox 767 749 967 782; x_wconf 81' lang='lat' dir='ltr'><strong>orientalem</strong></span> <span class='ocrx_word' id='word_1_91' title='bbox 1004 749 1095 781; x_wconf 88' lang='lat' dir='ltr'><strong>circa</strong></span> <span class='ocrx_word' id='word_1_92' title='bbox 1130 748 1256 781; x_wconf 82' lang='lat' dir='ltr'><strong>Indiam</strong></span> <span class='ocrx_word' id='word_1_93' title='bbox 1284 752 1319 781; x_wconf 88' lang='lat' dir='ltr'><strong>et</strong></span> <span class='ocrx_word' id='word_1_94' title='bbox 1345 749 1430 782; x_wconf 85' lang='lat' dir='ltr'><strong>Ara-</strong></span> 
     </span>
     <span class='ocr_line' id='line_1_12' title="bbox 82 812 1430 856; baseline 0.003 -14"><span class='ocrx_word' id='word_1_95' title='bbox 82 812 170 845; x_wconf 82' lang='lat' dir='ltr'><strong>biam</strong></span> <span class='ocrx_word' id='word_1_96' title='bbox 196 813 361 855; x_wconf 84' lang='lat' dir='ltr'><strong>intelligi,</strong></span> <span class='ocrx_word' id='word_1_97' title='bbox 402 814 458 856; x_wconf 89' lang='lat' dir='ltr'><strong>qui</strong></span> <span class='ocrx_word' id='word_1_98' title='bbox 495 813 604 851; x_wconf 87' lang='lat' dir='ltr'><strong>ruber</strong></span> <span class='ocrx_word' id='word_1_99' title='bbox 638 824 713 847; x_wconf 89' lang='lat' dir='ltr'><strong>esse</strong></span> <span class='ocrx_word' id='word_1_100' title='bbox 745 813 949 847; x_wconf 80' lang='lat' dir='ltr'><strong>credebatur</strong></span> <span class='ocrx_word' id='word_1_101' title='bbox 982 824 1024 846; x_wconf 83' lang='lat' dir='ltr'><strong>ex</strong></span> <span class='ocrx_word' id='word_1_102' title='bbox 1059 814 1178 846; x_wconf 72' lang='lat' dir='ltr'><strong>vicinia</strong></span> <span class='ocrx_word' id='word_1_103' title='bbox 1212 813 1351 847; x_wconf 87' lang='lat' dir='ltr'><strong>orientis</strong></span> <span class='ocrx_word' id='word_1_104' title='bbox 1385 813 1430 846; x_wconf 91' lang='lat' dir='ltr'><strong>ibi</strong></span> 
     </span>
     <span class='ocr_line' id='line_1_13' title="bbox 80 877 1427 921; baseline 0.001 -12"><span class='ocrx_word' id='word_1_105' title='bbox 80 877 174 909; x_wconf 88' lang='lat' dir='ltr'><strong>solis.</strong></span> <span class='ocrx_word' id='word_1_106' title='bbox 223 878 260 910; x_wconf 90' lang='lat' dir='ltr'><strong>In</strong></span> <span class='ocrx_word' id='word_1_107' title='bbox 286 878 380 910; x_wconf 84' lang='lat' dir='ltr'><strong>littus</strong></span> <span class='ocrx_word' id='word_1_108' title='bbox 405 882 520 911; x_wconf 91' lang='lat' dir='ltr'><strong>autem</strong></span> <span class='ocrx_word' id='word_1_109' title='bbox 547 878 624 911; x_wconf 91' lang='lat' dir='ltr'><strong>eiiei</strong></span> <span class='ocrx_word' id='word_1_110' title='bbox 651 878 817 921; x_wconf 87' lang='lat' dir='ltr'><strong>putabant</strong></span> <span class='ocrx_word' id='word_1_111' title='bbox 843 878 940 911; x_wconf 84' lang='lat' dir='ltr'><strong>undis</strong></span> <span class='ocrx_word' id='word_1_112' title='bbox 968 878 1096 921; x_wconf 80' lang='lat' dir='ltr'><strong>lapides</strong></span> <span class='ocrx_word' id='word_1_113' title='bbox 1122 879 1310 921; x_wconf 82' lang='lat' dir='ltr'><strong>pretiosos,</strong></span> <span class='ocrx_word' id='word_1_114' title='bbox 1337 887 1427 911; x_wconf 89' lang='lat' dir='ltr'><strong>mar-</strong></span> 
     </span>
     <span class='ocr_line' id='line_1_14' title="bbox 79 943 1428 987; baseline 0.001 -11"><span class='ocrx_word' id='word_1_115' title='bbox 79 943 229 985; x_wconf 85' lang='lat' dir='ltr'><strong>garitas,</strong></span> <span class='ocrx_word' id='word_1_116' title='bbox 266 954 439 986; x_wconf 85' lang='lat' dir='ltr'><strong>gemmas,</strong></span> <span class='ocrx_word' id='word_1_117' title='bbox 473 944 694 986; x_wconf 86' lang='lat' dir='ltr'><strong>smaragdos,</strong></span> <span class='ocrx_word' id='word_1_118' title='bbox 731 955 817 987; x_wconf 88' lang='lat' dir='ltr'><strong>qnos</strong></span> <span class='ocrx_word' id='word_1_119' title='bbox 850 944 925 977; x_wconf 85' lang='lat' dir='ltr'><strong>Indi</strong></span> <span class='ocrx_word' id='word_1_120' title='bbox 960 945 1170 987; x_wconf 84' lang='lat' dir='ltr'><strong>colligerent.</strong></span> <span class='ocrx_word' id='word_1_121' title='bbox 1222 945 1308 978; x_wconf 76' lang='lat' dir='ltr'><strong>vide</strong></span> <span class='ocrx_word' id='word_1_122' title='bbox 1335 945 1428 978; x_wconf 88' lang='lat' dir='ltr'><strong>locos</strong></span> 
     </span>
     <span class='ocr_line' id='line_1_15' title="bbox 79 1009 1427 1053; baseline 0.002 -12"><span class='ocrx_word' id='word_1_123' title='bbox 79 1012 215 1041; x_wconf 86' lang='lat' dir='ltr'><strong>notatos</strong></span> <span class='ocrx_word' id='word_1_124' title='bbox 242 1019 345 1053; x_wconf 87' lang='lat' dir='ltr'><strong>supra</strong></span> <span class='ocrx_word' id='word_1_125' title='bbox 369 1009 413 1042; x_wconf 90' lang='lat' dir='ltr'><strong>ad</strong></span> <span class='ocrx_word' id='word_1_126' title='bbox 438 1010 467 1051; x_wconf 86' lang='lat' dir='ltr'><strong>I,</strong></span> <span class='ocrx_word' id='word_1_127' title='bbox 493 1012 526 1051; x_wconf 90' lang='lat'><strong>1,</strong></span> <span class='ocrx_word' id='word_1_128' title='bbox 551 1012 608 1043; x_wconf 87' lang='lat'><strong>51.</strong></span> <span class='ocrx_word' id='word_1_129' title='bbox 658 1011 718 1044; x_wconf 88' lang='lat' dir='ltr'><strong>Sic</strong></span> <span class='ocrx_word' id='word_1_130' title='bbox 742 1010 905 1045; x_wconf 67' lang='lat' dir='ltr'><strong>CUR&#39;rnts</strong></span> <span class='ocrx_word' id='word_1_131' title='bbox 931 1011 1024 1053; x_wconf 85' lang='lat' dir='ltr'><strong>VIII,</strong></span> <span class='ocrx_word' id='word_1_132' title='bbox 1051 1015 1085 1053; x_wconf 87' lang='lat'><strong>9,</strong></span> <span class='ocrx_word' id='word_1_133' title='bbox 1115 1015 1168 1044; x_wconf 86' lang='lat'><strong>19.</strong></span> <span class='ocrx_word' id='word_1_134' title='bbox 1198 1013 1298 1045; x_wconf 88' lang='lat' dir='ltr'><strong>dicit:</strong></span> <span class='ocrx_word' id='word_1_135' title='bbox 1327 1014 1427 1044; x_wconf 84' lang='lat' dir='ltr'><strong>Gem-</strong></span> 
     </span>
     <span class='ocr_line' id='line_1_16' title="bbox 79 1074 1426 1121; baseline 0.004 -16"><span class='ocrx_word' id='word_1_136' title='bbox 79 1085 154 1106; x_wconf 81' lang='lat' dir='ltr'><strong>mas</strong></span> <span class='ocrx_word' id='word_1_137' title='bbox 179 1074 466 1120; x_wconf 77' lang='lat' dir='ltr'><strong>margaritasque</strong></span> <span class='ocrx_word' id='word_1_138' title='bbox 495 1086 590 1107; x_wconf 82' lang='lat' dir='ltr'><strong>mare</strong></span> <span class='ocrx_word' id='word_1_139' title='bbox 623 1074 806 1108; x_wconf 80' lang='lat' dir='ltr'><strong>littoribus</strong></span> <span class='ocrx_word' id='word_1_140' title='bbox 837 1075 1013 1121; x_wconf 72' lang='lat' dir='ltr'><strong>infundit.</strong></span> <span class='ocrx_word' id='word_1_141' title='bbox 1064 1076 1190 1111; x_wconf 83' lang='lat' dir='ltr'><strong>Confer</strong></span> <span class='ocrx_word' id='word_1_142' title='bbox 1216 1077 1258 1111; x_wconf 79' lang='lat' dir='ltr'><strong>de</strong></span> <span class='ocrx_word' id='word_1_143' title='bbox 1284 1078 1426 1121; x_wconf 83' lang='lat' dir='ltr'><strong>gemmiS</strong></span> 
     </span>
     <span class='ocr_line' id='line_1_17' title="bbox 79 1140 948 1185; baseline 0.005 -14"><span class='ocrx_word' id='word_1_144' title='bbox 79 1140 341 1185; x_wconf 69' lang='lat' dir='ltr'><strong>(Edclsteinen)</strong></span> <span class='ocrx_word' id='word_1_145' title='bbox 368 1143 470 1175; x_wconf 89' lang='lat' dir='ltr'><strong>etiam</strong></span> <span class='ocrx_word' id='word_1_146' title='bbox 496 1141 581 1174; x_wconf 81' lang='lat' dir='ltr'><strong>infra</strong></span> <span class='ocrx_word' id='word_1_147' title='bbox 606 1142 648 1174; x_wconf 90' lang='lat' dir='ltr'><strong>ad</strong></span> <span class='ocrx_word' id='word_1_148' title='bbox 675 1142 735 1183; x_wconf 89' lang='lat' dir='ltr'><strong>IV,</strong></span> <span class='ocrx_word' id='word_1_149' title='bbox 760 1145 796 1184; x_wconf 79' lang='lat'><strong>2,</strong></span> <span class='ocrx_word' id='word_1_150' title='bbox 822 1145 876 1175; x_wconf 88' lang='grc'><strong>19.</strong></span> <span class='ocrx_word' id='word_1_151' title='bbox 904 1161 948 1167; x_wconf 93' lang='grc'>-</span> 
     </span>
    </p>

    <p class='ocr_par' dir='ltr' id='par_1_4' title="bbox 172 1199 1154 1243">
     <span class='ocr_line' id='line_1_18' title="bbox 172 1199 1154 1243; baseline -0.001 0"><span class='ocrx_word' id='word_1_152' title='bbox 172 1209 214 1243; x_wconf 91' lang='lat' dir='ltr'><strong>V.</strong></span> <span class='ocrx_word' id='word_1_153' title='bbox 241 1199 361 1242; x_wconf 70' lang='lat' dir='ltr'><strong>lr-a&#39;d</strong></span> <span class='ocrx_word' id='word_1_154' title='bbox 385 1209 497 1242; x_wconf 91' lang='lat' dir='ltr'><strong>finem.</strong></span> <span class='ocrx_word' id='word_1_155' title='bbox 548 1208 723 1241; x_wconf 78' lang='lat' dir='ltr'><strong>Exitus,</strong></span> <span class='ocrx_word' id='word_1_156' title='bbox 772 1209 891 1241; x_wconf 82' lang='lat' dir='ltr'><strong>Rata</strong></span> <span class='ocrx_word' id='word_1_157' title='bbox 918 1208 1014 1241; x_wconf 84' lang='lat' dir='ltr'><strong>fore</strong></span> <span class='ocrx_word' id='word_1_158' title='bbox 1042 1214 1154 1242; x_wconf 78' lang='lat' dir='ltr'><strong>vota.</strong></span> 
     </span>
    </p>

    <p class='ocr_par' dir='ltr' id='par_1_5' title="bbox 66 1273 1424 2636">
     <span class='ocr_line' id='line_1_19' title="bbox 175 1273 1424 1317; baseline 0.002 -10"><span class='ocrx_word' id='word_1_159' title='bbox 175 1274 217 1308; x_wconf 93' lang='lat' dir='ltr'><strong>V.</strong></span> <span class='ocrx_word' id='word_1_160' title='bbox 247 1276 291 1306; x_wconf 79' lang='lat'><strong>17</strong></span> <span class='ocrx_word' id='word_1_161' title='bbox 316 1284 390 1316; x_wconf 80' lang='lat' dir='ltr'><strong>sqq.</strong></span> <span class='ocrx_word' id='word_1_162' title='bbox 430 1274 543 1307; x_wconf 88' lang='lat' dir='ltr'><strong>Vota</strong></span> <span class='ocrx_word' id='word_1_163' title='bbox 577 1273 764 1315; x_wconf 89' lang='lat' dir='ltr'><strong>eadunt,</strong></span> <span class='ocrx_word' id='word_1_164' title='bbox 801 1273 831 1307; x_wconf 80' lang='lat' dir='ltr'><strong>n.</strong></span> <span class='ocrx_word' id='word_1_165' title='bbox 857 1285 886 1308; x_wconf 92' lang='lat' dir='ltr'><strong>e.</strong></span> <span class='ocrx_word' id='word_1_166' title='bbox 914 1276 1091 1316; x_wconf 81' lang='lat' dir='ltr'><strong>eveniunt,</strong></span> <span class='ocrx_word' id='word_1_167' title='bbox 1118 1276 1159 1309; x_wconf 87' lang='lat' dir='ltr'><strong>cl&#39;.</strong></span> <span class='ocrx_word' id='word_1_168' title='bbox 1186 1276 1229 1308; x_wconf 85' lang='lat' dir='ltr'><strong>ad</strong></span> <span class='ocrx_word' id='word_1_169' title='bbox 1255 1276 1282 1316; x_wconf 75' lang='grc' dir='ltr'><strong>Ι,</strong></span> <span class='ocrx_word' id='word_1_170' title='bbox 1307 1279 1340 1317; x_wconf 83' lang='grc'><strong>6,</strong></span> <span class='ocrx_word' id='word_1_171' title='bbox 1365 1278 1424 1309; x_wconf 82' lang='lat'><strong>85.</strong></span> 
     </span>
     <span class='ocr_line' id='line_1_20' title="bbox 77 1330 1424 1384; baseline 0.002 -13"><span class='ocrx_word' id='word_1_172' title='bbox 77 1338 175 1371; x_wconf 88' lang='lat' dir='ltr'><strong>Unde</strong></span> <span class='ocrx_word' id='word_1_173' title='bbox 200 1348 292 1378; x_wconf 82' lang='lat' dir='ltr'><strong>vero,</strong></span> <span class='ocrx_word' id='word_1_174' title='bbox 317 1338 421 1378; x_wconf 85' lang='lat' dir='ltr'><strong>dices,</strong></span> <span class='ocrx_word' id='word_1_175' title='bbox 445 1338 538 1370; x_wconf 77' lang='lat' dir='ltr'><strong>novit</strong></span> <span class='ocrx_word' id='word_1_176' title='bbox 562 1337 626 1371; x_wconf 90' lang='lat' dir='ltr'><strong>hoc</strong></span> <span class='ocrx_word' id='word_1_177' title='bbox 651 1338 714 1371; x_wconf 83' lang='lat' dir='ltr'><strong>nisi</strong></span> <span class='ocrx_word' id='word_1_178' title='bbox 739 1339 839 1381; x_wconf 77' lang='lat' dir='ltr'><strong>signe</strong></span> <span class='ocrx_word' id='word_1_179' title='bbox 864 1339 973 1373; x_wconf 75' lang='lat' dir='ltr'><strong>dato?</strong></span> <span class='ocrx_word' id='word_1_180' title='bbox 1012 1340 1128 1373; x_wconf 81' lang='lat' dir='ltr'><strong>Veluti</strong></span> <span class='ocrx_word' id='word_1_181' title='bbox 1147 1351 1249 1384; x_wconf 65' lang='lat' dir='ltr'><strong>supta</strong></span> <span class='ocrx_word' id='word_1_182' title='bbox 1270 1342 1296 1383; x_wconf 83' lang='lat' dir='ltr'><strong>I,</strong></span> <span class='ocrx_word' id='word_1_183' title='bbox 1313 1344 1346 1382; x_wconf 88' lang='lat'><strong>5,</strong></span> <span class='ocrx_word' id='word_1_184' title='bbox 1367 1330 1424 1374; x_wconf 70' lang='lat'><strong>5&#39;7.</strong></span> 
     </span>
     <span class='ocr_line' id='line_1_21' title="bbox 73 1402 1422 1449; baseline 0.003 -12"><span class='ocrx_word' id='word_1_185' title='bbox 73 1404 142 1437; x_wconf 81' lang='lat' dir='ltr'><strong>ait:</strong></span> <span class='ocrx_word' id='word_1_186' title='bbox 184 1403 375 1440; x_wconf 80' lang='lat' dir='ltr'><strong>Evenient,</strong></span> <span class='ocrx_word' id='word_1_187' title='bbox 409 1402 473 1435; x_wconf 80' lang='lat' dir='ltr'><strong>dat</strong></span> <span class='ocrx_word' id='word_1_188' title='bbox 494 1403 599 1449; x_wconf 77' lang='lat' dir='ltr'><strong>signa</strong></span> <span class='ocrx_word' id='word_1_189' title='bbox 625 1403 723 1437; x_wconf 73' lang='lat' dir='ltr'><strong>cleas.</strong></span> <span class='ocrx_word' id='word_1_190' title='bbox 771 1405 859 1438; x_wconf 90' lang='lat' dir='ltr'><strong>Add.</strong></span> <span class='ocrx_word' id='word_1_191' title='bbox 887 1406 931 1447; x_wconf 90' lang='lat' dir='ltr'><strong>II,</strong></span> <span class='ocrx_word' id='word_1_192' title='bbox 960 1408 991 1447; x_wconf 87' lang='lat'><strong>1,</strong></span> <span class='ocrx_word' id='word_1_193' title='bbox 1014 1408 1072 1440; x_wconf 79' lang='lat'><strong>25.</strong></span> <span class='ocrx_word' id='word_1_194' title='bbox 1121 1407 1243 1440; x_wconf 84' lang='lat' dir='ltr'><strong>Recte.</strong></span> <span class='ocrx_word' id='word_1_195' title='bbox 1296 1408 1422 1441; x_wconf 85' lang='lat' dir='ltr'><strong>Videa-</strong></span> 
     </span>
     <span class='ocr_line' id='line_1_22' title="bbox 73 1470 1422 1515; baseline 0.002 -12"><span class='ocrx_word' id='word_1_196' title='bbox 73 1480 149 1504; x_wconf 86' lang='lat' dir='ltr'><strong>mus</strong></span> <span class='ocrx_word' id='word_1_197' title='bbox 182 1480 266 1513; x_wconf 86' lang='lat' dir='ltr'><strong>ergo</strong></span> <span class='ocrx_word' id='word_1_198' title='bbox 301 1470 490 1513; x_wconf 82' lang='lat' dir='ltr'><strong>sequentia.</strong></span> <span class='ocrx_word' id='word_1_199' title='bbox 523 1489 571 1495; x_wconf 93' lang='lat'><strong>—</strong></span> <span class='ocrx_word' id='word_1_200' title='bbox 618 1471 787 1504; x_wconf 89' lang='lat' dir='ltr'><strong>utinam</strong></span> <span class='ocrx_word' id='word_1_201' title='bbox 829 1472 1193 1515; x_wconf 81' lang='lat' dir='ltr'><strong>strepitantibus</strong></span> <span class='ocrx_word' id='word_1_202' title='bbox 1238 1473 1422 1507; x_wconf 79' lang='lat' dir='ltr'><strong>advolet</strong></span> 
     </span>
     <span class='ocr_line' id='line_1_23' title="bbox 72 1533 1421 1579; baseline 0.004 -12"><span class='ocrx_word' id='word_1_203' title='bbox 72 1535 161 1568; x_wconf 84' lang='lat' dir='ltr'><strong>alis</strong></span> <span class='ocrx_word' id='word_1_204' title='bbox 186 1538 252 1568; x_wconf 87' lang='lat' dir='ltr'><strong>etc.</strong></span> <span class='ocrx_word' id='word_1_205' title='bbox 298 1535 352 1568; x_wconf 89' lang='lat' dir='ltr'><strong>Ita</strong></span> <span class='ocrx_word' id='word_1_206' title='bbox 383 1533 486 1568; x_wconf 85' lang='lat' dir='ltr'><strong>habet</strong></span> <span class='ocrx_word' id='word_1_207' title='bbox 518 1535 621 1568; x_wconf 89' lang='lat' dir='ltr'><strong>lectio</strong></span> <span class='ocrx_word' id='word_1_208' title='bbox 638 1536 821 1570; x_wconf 73' lang='lat' dir='ltr'><strong>librorum.</strong></span> <span class='ocrx_word' id='word_1_209' title='bbox 871 1537 942 1569; x_wconf 89' lang='lat' dir='ltr'><strong>Sed</strong></span> <span class='ocrx_word' id='word_1_210' title='bbox 967 1536 1048 1579; x_wconf 90' lang='lat' dir='ltr'><strong>quid</strong></span> <span class='ocrx_word' id='word_1_211' title='bbox 1075 1536 1139 1571; x_wconf 83' lang='lat' dir='ltr'><strong>hoe</strong></span> <span class='ocrx_word' id='word_1_212' title='bbox 1165 1540 1248 1572; x_wconf 72' lang='lat' dir='ltr'><strong>est?</strong></span> <span class='ocrx_word' id='word_1_213' title='bbox 1296 1540 1421 1573; x_wconf 83' lang='lat' dir='ltr'><strong>Ratio-</strong></span> 
     </span>
     <span class='ocr_line' id='line_1_24' title="bbox 71 1602 1418 1646; baseline 0.004 -12"><span class='ocrx_word' id='word_1_214' title='bbox 71 1611 148 1634; x_wconf 91' lang='lat' dir='ltr'><strong>nem</strong></span> <span class='ocrx_word' id='word_1_215' title='bbox 172 1602 393 1644; x_wconf 85' lang='lat' dir='ltr'><strong>requirimus,</strong></span> <span class='ocrx_word' id='word_1_216' title='bbox 418 1602 508 1634; x_wconf 88' lang='lat' dir='ltr'><strong>unde</strong></span> <span class='ocrx_word' id='word_1_217' title='bbox 533 1603 714 1636; x_wconf 86' lang='lat' dir='ltr'><strong>concludat</strong></span> <span class='ocrx_word' id='word_1_218' title='bbox 739 1608 842 1646; x_wconf 84' lang='lat' dir='ltr'><strong>poeta</strong></span> <span class='ocrx_word' id='word_1_219' title='bbox 868 1607 941 1636; x_wconf 87' lang='lat' dir='ltr'><strong>rata</strong></span> <span class='ocrx_word' id='word_1_220' title='bbox 966 1604 1040 1638; x_wconf 82' lang='lat' dir='ltr'><strong>fore</strong></span> <span class='ocrx_word' id='word_1_221' title='bbox 1065 1609 1165 1646; x_wconf 83' lang='lat' dir='ltr'><strong>vota,</strong></span> <span class='ocrx_word' id='word_1_222' title='bbox 1190 1616 1279 1639; x_wconf 87' lang='lat' dir='ltr'><strong>nunc</strong></span> <span class='ocrx_word' id='word_1_223' title='bbox 1304 1611 1418 1640; x_wconf 85' lang='lat' dir='ltr'><strong>autem</strong></span> 
     </span>
     <span class='ocr_line' id='line_1_25' title="bbox 71 1665 1419 1712; baseline 0.002 -12"><span class='ocrx_word' id='word_1_224' title='bbox 71 1677 195 1700; x_wconf 84' lang='lat' dir='ltr'><strong>novum</strong></span> <span class='ocrx_word' id='word_1_225' title='bbox 220 1671 336 1699; x_wconf 79' lang='lat' dir='ltr'><strong>votum</strong></span> <span class='ocrx_word' id='word_1_226' title='bbox 362 1665 463 1707; x_wconf 88' lang='lat' dir='ltr'><strong>facit,</strong></span> <span class='ocrx_word' id='word_1_227' title='bbox 489 1665 581 1708; x_wconf 90' lang='lat' dir='ltr'><strong>quod</strong></span> <span class='ocrx_word' id='word_1_228' title='bbox 607 1667 660 1698; x_wconf 89' lang='lat' dir='ltr'><strong>cui</strong></span> <span class='ocrx_word' id='word_1_229' title='bbox 686 1677 751 1698; x_wconf 89' lang='lat' dir='ltr'><strong>non</strong></span> <span class='ocrx_word' id='word_1_230' title='bbox 780 1671 915 1709; x_wconf 84' lang='lat' dir='ltr'><strong>praeter</strong></span> <span class='ocrx_word' id='word_1_231' title='bbox 939 1669 1230 1712; x_wconf 82' lang='lat' dir='ltr'><strong>exspectationem</strong></span> <span class='ocrx_word' id='word_1_232' title='bbox 1256 1671 1348 1703; x_wconf 79' lang='lat' dir='ltr'><strong>venit</strong></span> <span class='ocrx_word' id='word_1_233' title='bbox 1371 1672 1419 1703; x_wconf 69' lang='lat' dir='ltr'><strong>sic</strong></span> 
     </span>
     <span class='ocr_line' id='line_1_26' title="bbox 71 1729 1416 1775; baseline 0.002 -10"><span class='ocrx_word' id='word_1_234' title='bbox 71 1735 213 1775; x_wconf 89' lang='lat' dir='ltr'><strong>repente</strong></span> <span class='ocrx_word' id='word_1_235' title='bbox 235 1730 453 1764; x_wconf 68' lang='lat' dir='ltr'><strong>subiectum?</strong></span> <span class='ocrx_word' id='word_1_236' title='bbox 502 1729 634 1763; x_wconf 87' lang='lat' dir='ltr'><strong>Deinde</strong></span> <span class='ocrx_word' id='word_1_237' title='bbox 669 1730 780 1762; x_wconf 82' lang='lat' dir='ltr'><strong>ieiune</strong></span> <span class='ocrx_word' id='word_1_238' title='bbox 814 1730 958 1765; x_wconf 88' lang='lat' dir='ltr'><strong>dicitur:</strong></span> <span class='ocrx_word' id='word_1_239' title='bbox 993 1734 1120 1766; x_wconf 89' lang='lat' dir='ltr'><strong>utinam</strong></span> <span class='ocrx_word' id='word_1_240' title='bbox 1146 1734 1304 1768; x_wconf 87' lang='lat' dir='ltr'><strong>celeriter</strong></span> <span class='ocrx_word' id='word_1_241' title='bbox 1328 1740 1416 1769; x_wconf 82' lang='lat' dir='ltr'><strong>stre-</strong></span> 
     </span>
     <span class='ocr_line' id='line_1_27' title="bbox 71 1796 1417 1845; baseline 0.004 -15"><span class='ocrx_word' id='word_1_242' title='bbox 71 1797 256 1841; x_wconf 85' lang='lat' dir='ltr'><strong>pitantibus</strong></span> <span class='ocrx_word' id='word_1_243' title='bbox 280 1800 339 1829; x_wconf 90' lang='lat' dir='ltr'><strong>aut</strong></span> <span class='ocrx_word' id='word_1_244' title='bbox 364 1796 610 1840; x_wconf 82' lang='lat' dir='ltr'><strong>trepidantibus</strong></span> <span class='ocrx_word' id='word_1_245' title='bbox 634 1797 696 1829; x_wconf 87' lang='lat' dir='ltr'><strong>alis</strong></span> <span class='ocrx_word' id='word_1_246' title='bbox 717 1797 853 1831; x_wconf 81' lang='lat' dir='ltr'><strong>advolet</strong></span> <span class='ocrx_word' id='word_1_247' title='bbox 879 1799 996 1832; x_wconf 89' lang='lat' dir='ltr'><strong>Amor.</strong></span> <span class='ocrx_word' id='word_1_248' title='bbox 1046 1799 1100 1833; x_wconf 89' lang='lat' dir='ltr'><strong>Ne</strong></span> <span class='ocrx_word' id='word_1_249' title='bbox 1124 1801 1252 1843; x_wconf 83' lang='lat' dir='ltr'><strong>multa3</strong></span> <span class='ocrx_word' id='word_1_250' title='bbox 1278 1801 1417 1845; x_wconf 80' lang='lat' dir='ltr'><strong>pulchra</strong></span> 
     </span>
     <span class='ocr_line' id='line_1_28' title="bbox 71 1863 1416 1911; baseline 0.003 -13"><span class='ocrx_word' id='word_1_251' title='bbox 71 1865 204 1898; x_wconf 87' lang='lat' dir='ltr'><strong>videtur</strong></span> <span class='ocrx_word' id='word_1_252' title='bbox 233 1865 431 1898; x_wconf 86' lang='lat' dir='ltr'><strong>coniectura</strong></span> <span class='ocrx_word' id='word_1_253' title='bbox 455 1865 581 1897; x_wconf 69' lang='lat' dir='ltr'><strong>Grss&#39;rr</strong></span> <span class='ocrx_word' id='word_1_254' title='bbox 609 1868 643 1897; x_wconf 89' lang='lat' dir='ltr'><strong>et</strong></span> <span class='ocrx_word' id='word_1_255' title='bbox 668 1863 817 1899; x_wconf 71' lang='lat' dir='ltr'><strong>Humsn</strong></span> <span class='ocrx_word' id='word_1_256' title='bbox 845 1865 948 1898; x_wconf 74' lang='lat' dir='ltr'><strong>viden</strong></span> <span class='ocrx_word' id='word_1_257' title='bbox 973 1872 1034 1904; x_wconf 80' lang='lat' dir='ltr'><strong>ut,</strong></span> <span class='ocrx_word' id='word_1_258' title='bbox 1069 1867 1213 1911; x_wconf 84' lang='lat' dir='ltr'><strong>probata</strong></span> <span class='ocrx_word' id='word_1_259' title='bbox 1244 1869 1416 1902; x_wconf 69' lang='lat' dir='ltr'><strong>BRoucx-</strong></span> 
     </span>
     <span class='ocr_line' id='line_1_29' title="bbox 70 1928 1415 1978; baseline 0.003 -14"><span class='ocrx_word' id='word_1_260' title='bbox 70 1941 194 1972; x_wconf 73' lang='lat' dir='ltr'><strong>uusro,</strong></span> <span class='ocrx_word' id='word_1_261' title='bbox 219 1930 381 1971; x_wconf 73' lang='lat' dir='ltr'><strong>Vumo,</strong></span> <span class='ocrx_word' id='word_1_262' title='bbox 414 1928 585 1971; x_wconf 72' lang='lat' dir='ltr'><strong>HEYNIO,</strong></span> <span class='ocrx_word' id='word_1_263' title='bbox 619 1929 769 1972; x_wconf 81' lang='lat' dir='ltr'><strong>Vossm,</strong></span> <span class='ocrx_word' id='word_1_264' title='bbox 804 1930 994 1965; x_wconf 70' lang='lat' dir='ltr'><strong>Huscmcro</strong></span> <span class='ocrx_word' id='word_1_265' title='bbox 1021 1936 1057 1965; x_wconf 89' lang='lat' dir='ltr'><strong>et</strong></span> <span class='ocrx_word' id='word_1_266' title='bbox 1081 1934 1217 1967; x_wconf 92' lang='lat' dir='ltr'><strong>omnino</strong></span> <span class='ocrx_word' id='word_1_267' title='bbox 1244 1934 1415 1978; x_wconf 86' lang='lat' dir='ltr'><strong>plerisque</strong></span> 
     </span>
     <span class='ocr_line' id='line_1_30' title="bbox 69 1994 1412 2038; baseline 0.005 -10"><span class='ocrx_word' id='word_1_268' title='bbox 69 1996 233 2028; x_wconf 85' lang='lat' dir='ltr'><strong>omnibus.</strong></span> <span class='ocrx_word' id='word_1_269' title='bbox 282 1995 430 2038; x_wconf 86' lang='lat' dir='ltr'><strong>Legitur</strong></span> <span class='ocrx_word' id='word_1_270' title='bbox 453 1994 539 2027; x_wconf 88' lang='lat' dir='ltr'><strong>infra</strong></span> <span class='ocrx_word' id='word_1_271' title='bbox 564 1994 608 2036; x_wconf 81' lang='grc' dir='ltr'><strong>ΙΙ,</strong></span> <span class='ocrx_word' id='word_1_272' title='bbox 637 1997 666 2036; x_wconf 85' lang='lat' dir='ltr'><strong>l,</strong></span> <span class='ocrx_word' id='word_1_273' title='bbox 691 1996 748 2028; x_wconf 78' lang='lat'><strong>25.</strong></span> <span class='ocrx_word' id='word_1_274' title='bbox 779 1999 813 2028; x_wconf 88' lang='lat' dir='ltr'><strong>et</strong></span> <span class='ocrx_word' id='word_1_275' title='bbox 847 1997 930 2029; x_wconf 89' lang='lat' dir='ltr'><strong>satis</strong></span> <span class='ocrx_word' id='word_1_276' title='bbox 962 2002 1043 2031; x_wconf 83' lang='lat' dir='ltr'><strong>nota</strong></span> <span class='ocrx_word' id='word_1_277' title='bbox 1078 2003 1131 2032; x_wconf 86' lang='lat' dir='ltr'><strong>est</strong></span> <span class='ocrx_word' id='word_1_278' title='bbox 1165 1999 1319 2033; x_wconf 87' lang='lat' dir='ltr'><strong>formula.</strong></span> <span class='ocrx_word' id='word_1_279' title='bbox 1373 2001 1412 2036; x_wconf 90' lang='lat' dir='ltr'><strong>V.</strong></span> 
     </span>
     <span class='ocr_line' id='line_1_31' title="bbox 67 2059 1413 2107; baseline 0.003 -12"><span class='ocrx_word' id='word_1_280' title='bbox 67 2060 341 2106; x_wconf 51' lang='lat' dir='ltr'><strong>strepitantibus</strong></span> <span class='ocrx_word' id='word_1_281' title='bbox 366 2061 441 2094; x_wconf 85' lang='lat' dir='ltr'><strong>Itali</strong></span> <span class='ocrx_word' id='word_1_282' title='bbox 467 2062 498 2094; x_wconf 90' lang='lat' dir='ltr'><strong>in</strong></span> <span class='ocrx_word' id='word_1_283' title='bbox 525 2059 787 2105; x_wconf 76' lang='lat' dir='ltr'><strong>trepidantibus</strong></span> <span class='ocrx_word' id='word_1_284' title='bbox 812 2067 995 2105; x_wconf 84' lang='lat' dir='ltr'><strong>mutarunt,</strong></span> <span class='ocrx_word' id='word_1_285' title='bbox 1020 2065 1110 2107; x_wconf 89' lang='lat' dir='ltr'><strong>quod</strong></span> <span class='ocrx_word' id='word_1_286' title='bbox 1131 2069 1184 2099; x_wconf 86' lang='lat' dir='ltr'><strong>est</strong></span> <span class='ocrx_word' id='word_1_287' title='bbox 1203 2066 1413 2099; x_wconf 81' lang='lat' dir='ltr'><strong>notissimum</strong></span> 
     </span>
     <span class='ocr_line' id='line_1_32' title="bbox 67 2127 1410 2174; baseline 0.004 -13"><span class='ocrx_word' id='word_1_288' title='bbox 67 2128 230 2171; x_wconf 86' lang='lat' dir='ltr'><strong>agilitatis</strong></span> <span class='ocrx_word' id='word_1_289' title='bbox 255 2131 289 2161; x_wconf 86' lang='lat' dir='ltr'><strong>et</strong></span> <span class='ocrx_word' id='word_1_290' title='bbox 314 2127 538 2160; x_wconf 82' lang='lat' dir='ltr'><strong>festinationis</strong></span> <span class='ocrx_word' id='word_1_291' title='bbox 572 2127 732 2170; x_wconf 84' lang='lat' dir='ltr'><strong>verbnm,</strong></span> <span class='ocrx_word' id='word_1_292' title='bbox 765 2127 809 2162; x_wconf 89' lang='lat' dir='ltr'><strong>cf.</strong></span> <span class='ocrx_word' id='word_1_293' title='bbox 834 2130 1000 2163; x_wconf 76' lang='lat' dir='ltr'><strong>GRONov.</strong></span> <span class='ocrx_word' id='word_1_294' title='bbox 1034 2130 1076 2163; x_wconf 84' lang='lat' dir='ltr'><strong>ad</strong></span> <span class='ocrx_word' id='word_1_295' title='bbox 1102 2131 1178 2165; x_wconf 84' lang='lat' dir='ltr'><strong>Liv.</strong></span> <span class='ocrx_word' id='word_1_296' title='bbox 1204 2132 1350 2174; x_wconf 74' lang='lat' dir='ltr'><strong>XXVII,</strong></span> <span class='ocrx_word' id='word_1_297' title='bbox 1383 2136 1410 2166; x_wconf 91' lang='lat'><strong>1.</strong></span> 
     </span>
     <span class='ocr_line' id='line_1_33' title="bbox 67 2193 1409 2242; baseline 0.002 -14"><span class='ocrx_word' id='word_1_298' title='bbox 67 2195 114 2228; x_wconf 86' lang='lat' dir='ltr'><strong>Et</strong></span> <span class='ocrx_word' id='word_1_299' title='bbox 140 2194 266 2238; x_wconf 83' lang='lat' dir='ltr'><strong>placuit</strong></span> <span class='ocrx_word' id='word_1_300' title='bbox 289 2193 353 2227; x_wconf 87' lang='lat' dir='ltr'><strong>hoc</strong></span> <span class='ocrx_word' id='word_1_301' title='bbox 380 2194 484 2236; x_wconf 74' lang='lat' dir='ltr'><strong>vulgo</strong></span> <span class='ocrx_word' id='word_1_302' title='bbox 512 2194 613 2227; x_wconf 82' lang='lat' dir='ltr'><strong>etiam</strong></span> <span class='ocrx_word' id='word_1_303' title='bbox 639 2199 778 2238; x_wconf 86' lang='lat' dir='ltr'><strong>propter</strong></span> <span class='ocrx_word' id='word_1_304' title='bbox 808 2195 909 2228; x_wconf 69' lang='lat' dir='ltr'><strong>viden</strong></span> <span class='ocrx_word' id='word_1_305' title='bbox 937 2203 991 2228; x_wconf 78' lang='lat' dir='ltr'><strong>ut.</strong></span> <span class='ocrx_word' id='word_1_306' title='bbox 1039 2197 1109 2230; x_wconf 87' lang='lat' dir='ltr'><strong>Sed</strong></span> <span class='ocrx_word' id='word_1_307' title='bbox 1135 2197 1270 2231; x_wconf 82' lang='lat' dir='ltr'><strong>defendi</strong></span> <span class='ocrx_word' id='word_1_308' title='bbox 1296 2202 1409 2242; x_wconf 64' lang='lat' dir='ltr'><strong>potest</strong></span> 
     </span>
     <span class='ocr_line' id='line_1_34' title="bbox 66 2259 1408 2306; baseline 0.004 -12"><span class='ocrx_word' id='word_1_309' title='bbox 66 2260 188 2301; x_wconf 88' lang='lat' dir='ltr'><strong>lectio,</strong></span> <span class='ocrx_word' id='word_1_310' title='bbox 227 2263 263 2292; x_wconf 92' lang='lat' dir='ltr'><strong>ut</strong></span> <span class='ocrx_word' id='word_1_311' title='bbox 295 2269 374 2292; x_wconf 77' lang='lat' dir='ltr'><strong>mox</strong></span> <span class='ocrx_word' id='word_1_312' title='bbox 406 2259 526 2293; x_wconf 83' lang='lat' dir='ltr'><strong>dicam.</strong></span> <span class='ocrx_word' id='word_1_313' title='bbox 578 2261 668 2294; x_wconf 86' lang='lat' dir='ltr'><strong>Usus</strong></span> <span class='ocrx_word' id='word_1_314' title='bbox 702 2265 754 2295; x_wconf 87' lang='lat' dir='ltr'><strong>est</strong></span> <span class='ocrx_word' id='word_1_315' title='bbox 788 2273 872 2296; x_wconf 84' lang='lat' dir='ltr'><strong>voce</strong></span> <span class='ocrx_word' id='word_1_316' title='bbox 897 2263 1054 2296; x_wconf 75' lang='lat' dir='ltr'><strong>Tibullus·</strong></span> <span class='ocrx_word' id='word_1_317' title='bbox 1088 2265 1189 2297; x_wconf 78' lang='lat' dir='ltr'><strong>etiam</strong></span> <span class='ocrx_word' id='word_1_318' title='bbox 1220 2264 1264 2305; x_wconf 84' lang='lat' dir='ltr'><strong>II,</strong></span> <span class='ocrx_word' id='word_1_319' title='bbox 1288 2267 1408 2306; x_wconf 80' lang='lat'><strong>5‚.73.</strong></span> 
     </span>
     <span class='ocr_line' id='line_1_35' title="bbox 66 2325 1409 2376; baseline 0.001 -16"><span class='ocrx_word' id='word_1_320' title='bbox 66 2326 112 2360; x_wconf 91' lang='lat' dir='ltr'><strong>Et</strong></span> <span class='ocrx_word' id='word_1_321' title='bbox 141 2325 241 2360; x_wconf 84' lang='lat' dir='ltr'><strong>habet</strong></span> <span class='ocrx_word' id='word_1_322' title='bbox 267 2326 381 2359; x_wconf 84' lang='lat' dir='ltr'><strong>nescio</strong></span> <span class='ocrx_word' id='word_1_323' title='bbox 407 2326 485 2368; x_wconf 85' lang='lat' dir='ltr'><strong>qnid</strong></span> <span class='ocrx_word' id='word_1_324' title='bbox 522 2331 658 2369; x_wconf 86' lang='lat' dir='ltr'><strong>praeter</strong></span> <span class='ocrx_word' id='word_1_325' title='bbox 681 2328 816 2376; x_wconf 44' lang='lat' dir='ltr'><strong>solitu-m</strong></span> <span class='ocrx_word' id='word_1_326' title='bbox 844 2328 924 2361; x_wconf 86' lang='lat' dir='ltr'><strong>laeti</strong></span> <span class='ocrx_word' id='word_1_327' title='bbox 953 2329 1078 2362; x_wconf 86' lang='lat' dir='ltr'><strong>locutio</strong></span> <span class='ocrx_word' id='word_1_328' title='bbox 1105 2328 1186 2372; x_wconf 85' lang='lat' dir='ltr'><strong>(mit</strong></span> <span class='ocrx_word' id='word_1_329' title='bbox 1213 2330 1409 2363; x_wconf 65' lang='lat' dir='ltr'><strong>maschen-</strong></span> 
     </span>
     <span class='ocr_line' id='line_1_36' title="bbox 67 2392 1406 2439; baseline 0.004 -14"><span class='ocrx_word' id='word_1_330' title='bbox 67 2393 141 2425; x_wconf 81' lang='lat' dir='ltr'><strong>dem</strong></span> <span class='ocrx_word' id='word_1_331' title='bbox 155 2392 437 2439; x_wconf 74' lang='lat' dir='ltr'><strong>Fliigelschlag).</strong></span> <span class='ocrx_word' id='word_1_332' title='bbox 478 2393 631 2436; x_wconf 85' lang='lat' dir='ltr'><strong>Denique</strong></span> <span class='ocrx_word' id='word_1_333' title='bbox 648 2394 785 2427; x_wconf 77' lang='lat' dir='ltr'><strong>Flava</strong></span> <span class='ocrx_word' id='word_1_334' title='bbox 813 2394 989 2428; x_wconf 84' lang='lat' dir='ltr'><strong>vincula</strong></span> <span class='ocrx_word' id='word_1_335' title='bbox 1011 2400 1089 2428; x_wconf 85' lang='lat' dir='ltr'><strong>sunt</strong></span> <span class='ocrx_word' id='word_1_336' title='bbox 1107 2396 1256 2430; x_wconf 83' lang='lat' dir='ltr'><strong>ardentis</strong></span> <span class='ocrx_word' id='word_1_337' title='bbox 1274 2401 1307 2430; x_wconf 87' lang='lat' dir='ltr'><strong>et</strong></span> <span class='ocrx_word' id='word_1_338' title='bbox 1328 2408 1406 2430; x_wconf 82' lang='lat' dir='ltr'><strong>con—</strong></span> 
     </span>
     <span class='ocr_line' id='line_1_37' title="bbox 66 2457 1409 2503; baseline 0.003 -12"><span class='ocrx_word' id='word_1_339' title='bbox 66 2459 185 2491; x_wconf 77' lang='lat' dir='ltr'><strong>stantis</strong></span> <span class='ocrx_word' id='word_1_340' title='bbox 208 2459 332 2492; x_wconf 79' lang='lat' dir='ltr'><strong>amoris</strong></span> <span class='ocrx_word' id='word_1_341' title='bbox 357 2458 561 2500; x_wconf 69' lang='lat' dir='ltr'><strong>symbolum.</strong></span> <span class='ocrx_word' id='word_1_342' title='bbox 608 2457 696 2492; x_wconf 75' lang='lat' dir='ltr'><strong>Nam</strong></span> <span class='ocrx_word' id='word_1_343' title='bbox 722 2460 811 2502; x_wconf 82' lang='lat' dir='ltr'><strong>quod</strong></span> <span class='ocrx_word' id='word_1_344' title='bbox 837 2460 919 2492; x_wconf 77' lang='lat' dir='ltr'><strong>satis</strong></span> <span class='ocrx_word' id='word_1_345' title='bbox 943 2465 1095 2503; x_wconf 85' lang='lat' dir='ltr'><strong>constat,</strong></span> <span class='ocrx_word' id='word_1_346' title='bbox 1121 2462 1227 2495; x_wconf 72' lang='lat' dir='ltr'><strong>flavus</strong></span> <span class='ocrx_word' id='word_1_347' title='bbox 1252 2463 1347 2495; x_wconf 85' lang='lat' dir='ltr'><strong>color</strong></span> <span class='ocrx_word' id='word_1_348' title='bbox 1375 2467 1409 2495; x_wconf 84' lang='lat' dir='ltr'><strong>ut</strong></span> 
     </span>
     <span class='ocr_line' id='line_1_38' title="bbox 67 2526 1407 2572; baseline 0.002 -15"><span class='ocrx_word' id='word_1_349' title='bbox 67 2526 200 2559; x_wconf 90' lang='lat' dir='ltr'><strong>omnino</strong></span> <span class='ocrx_word' id='word_1_350' title='bbox 226 2527 386 2568; x_wconf 82' lang='lat' dir='ltr'><strong>laetitiae,</strong></span> <span class='ocrx_word' id='word_1_351' title='bbox 413 2528 459 2559; x_wconf 89' lang='lat' dir='ltr'><strong>ita</strong></span> <span class='ocrx_word' id='word_1_352' title='bbox 484 2526 677 2570; x_wconf 82' lang='lat' dir='ltr'><strong>nuptiarum</strong></span> <span class='ocrx_word' id='word_1_353' title='bbox 702 2532 788 2569; x_wconf 87' lang='lat' dir='ltr'><strong>erat,</strong></span> <span class='ocrx_word' id='word_1_354' title='bbox 815 2528 1008 2562; x_wconf 81' lang='lat' dir='ltr'><strong>notantibus</strong></span> <span class='ocrx_word' id='word_1_355' title='bbox 1032 2529 1274 2572; x_wconf 82' lang='lat' dir='ltr'><strong>interpretibus</strong></span> <span class='ocrx_word' id='word_1_356' title='bbox 1298 2530 1407 2571; x_wconf 74' lang='lat' dir='ltr'><strong>vulgo.</strong></span> 
     </span>
     <span class='ocr_line' id='line_1_39' title="bbox 68 2591 1408 2636; baseline 0.001 -13"><span class='ocrx_word' id='word_1_357' title='bbox 68 2591 155 2624; x_wconf 81' lang='lat' dir='ltr'><strong>ilinc</strong></span> <span class='ocrx_word' id='word_1_358' title='bbox 183 2602 305 2625; x_wconf 81' lang='lat' dir='ltr'><strong>crocco</strong></span> <span class='ocrx_word' id='word_1_359' title='bbox 330 2593 454 2626; x_wconf 78' lang='lat' dir='ltr'><strong>amictu</strong></span> <span class='ocrx_word' id='word_1_360' title='bbox 481 2592 611 2626; x_wconf 73' lang='lat' dir='ltr'><strong>velatur</strong></span> <span class='ocrx_word' id='word_1_361' title='bbox 639 2592 855 2635; x_wconf 60' lang='lat' dir='ltr'><strong>I‘lyunenaeus</strong></span> <span class='ocrx_word' id='word_1_362' title='bbox 882 2595 987 2628; x_wconf 82' lang='lat' dir='ltr'><strong>Ovm.</strong></span> <span class='ocrx_word' id='word_1_363' title='bbox 1016 2595 1099 2629; x_wconf 81' lang='lat' dir='ltr'><strong>Met.</strong></span> <span class='ocrx_word' id='word_1_364' title='bbox 1128 2595 1169 2636; x_wconf 79' lang='lat' dir='ltr'><strong>X,</strong></span> <span class='ocrx_word' id='word_1_365' title='bbox 1203 2597 1248 2636; x_wconf 61' lang='grc'><strong>1.,</strong></span> <span class='ocrx_word' id='word_1_366' title='bbox 1285 2595 1340 2628; x_wconf 80' lang='lat' dir='ltr'><strong>nbi</strong></span> <span class='ocrx_word' id='word_1_367' title='bbox 1368 2595 1408 2627; x_wconf 81' lang='grc' dir='ltr'>(·Ι’.</span> 
     </span>
    </p>
   </div>
  </div>
 </body>
</html>
