1721 2953
254 120 329 158 132
566 109 938 152 COMMENTAR.
964 113 1024 154 IN
1055 113 1283 153 TlBULLl

248 234 392 265 nocente
419 237 492 261 eam
518 224 652 268 habeat,
678 243 723 251 —
746 226 824 259 sed
849 231 975 260 etc.-
1002 226 1086 259 Mox
1112 226 1308 260 credere
1335 226 1490 260 durum
1517 232 1598 268 est,

245 292 395 339 χαλεπὸν
421 292 612 325 πιστεῦσαι.
663 290 826 324 Ceterum
861 290 945 324 llaec
971 295 1005 324 et
1031 292 1150 353 multa·
1167 302 1210 324 ex
1237 292 1458 334 sequentibus
1483 291 1598 324 reddi-

250 362 300 395 dit
331 362 438 393 Ovn).
463 357 568 391 Trist.
592 356 637 398 ΙΙ,
663 358 833 389 447-462.
874 375 918 380 -
960 356 1012 390 Ad
1050 368 1080 390 v.
1109 359 1141 389 9.
1182 357 1269 390 conf.
1308 358 1450 390 similem
1486 358 1598 391 locum

249 430 358 462 Ovm.
381 426 516 458 Amorr.
541 423 605 465 ΙΙΙ,
631 425 662 464 1,
681 424 737 455 49.
764 441 803 447 —
833 423 875 457 V.
903 426 943 456 11
966 435 1040 466 sqq.
1066 434 1247 465 causas,
1274 422 1304 457 11.
1328 434 1357 456 e.
1386 427 1598 467 praetextus.

248 492 419 525 Tenum.
438 487 593 521 Eunucli.
610 488 637 530 Ι,
658 489 693 528 2,
711 490 777 520 57:
801 488 1000 533 Postquam
1025 488 1134 521 sensit
1158 501 1209 520 me
1234 495 1348 521 tecum
1370 501 1505 534 qaoque
1526 501 1597 521 rem

247 556 394 594 hahere,
411 555 526 602 fingit
553 565 702 590 causas,
725 564 767 585 ne
792 552 869 590 det,
895 553 1026 587 sedulo.
1077 554 1194 589 Quare
1219 559 1313 588 recte
1339 554 1440 588 habet
1466 559 1523 588 ut.
1550 573 1595 578 —

247 624 432 658 cardine
455 622 618 662 tacito,
645 620 774 653 suffusa
795 630 893 662 aqua,
918 621 966 653 ait
986 621 1171 663 Humerus,
1191 625 1229 654 ut
1248 622 1387 656 PLAu'r.
1410 622 1546 654 Curcul.
1568 622 1596 663 l,

247 695 280 735 3,
305 695 351 734 3.,
377 700 578 735 quamquam
606 689 722 732 plures
748 687 884 721 fraudes
910 689 1059 731 viguisse
1086 690 1183 722 facile
1209 690 1338 723 credas.
1365 708 1411 715 -—
1438 700 1596 724 succos

247 758 522 799 herbasque,
559 764 620 788 cur
652 753 685 785 ἓν
719 749 778 785 aaz
817 753 914 785 δυοῖν
940 757 1087 787 statuam
1118 765 1184 787 non
1210 755 1319 788 video.
1371 755 1474 789 Dedit
1498 756 1529 788 ei
1554 755 1597 788 li-

245 833 369 866 quores
394 820 601 865 (Spiritus),
627 823 660 853 et
686 819 780 853 dedit
805 819 939 862 herbas,
969 831 1054 863 quas
1079 822 1304 855 comminutas
1329 825 1364 855 et
1388 822 1595 855 madefactas

246 889 423 924 adhiberet
449 893 619 930 tamquam
641 883 784 931 χριστὸν
809 884 986 932 φάρμακον
1013 887 1168 932 (Salhe).
1219 890 1379 922 Ceterum
1408 890 1512 922 multa
1538 900 1597 922 re·-

245 955 357 989 media
383 954 554 988 livoris
579 953 733 986 Pmmus
760 951 905 994 indicat,
948 963 1033 995 quos
1059 954 1153 987 locos
1177 954 1461 987 Bnoucxunsms
1487 955 1596 988 colle-

244 1024 306 1066 git.
327 1039 370 1048 —
397 1022 620 1064 impresso
646 1019 806 1061 dente,
833 1020 874 1053 cf.
901 1021 1008 1054 Ovm.
1036 1023 1166 1055 Amorr.
1192 1021 1219 1062 Ι,
1244 1025 1276 1063 7,
1302 1023 1358 1054 41.
1398 1021 1541 1056 Honm.
1565 1023 1592 1065 Ι,

245 1092 300 1131 13,
327 1090 384 1121 15.
414 1087 493 1129 ibiq.
520 1086 681 1118 Limum.
708 1102 753 1108 —
793 1085 907 1126 Atque
941 1084 1023 1118 llaec
1051 1085 1224 1119 hactenus.
1275 1086 1346 1119 lam
1384 1087 1465 1129 quid
1500 1097 1596 1120 com-

245 1157 429 1190 miniscitur
463 1159 587 1198 poeta,
620 1156 658 1185 ut
693 1156 894 1186 coerceatur
927 1153 991 1186 ista
1025 1153 1248 1186 intolerabilis
1281 1155 1444 1197 perfidia,
1479 1159 1514 1188 et
1548 1155 1590 1188 ad

245 1224 420 1257 meliorem
444 1220 577 1263 frugem
604 1219 719 1264 puella
745 1219 893 1252 redeat?

341 1288 384 1322 V.
411 1288 536 1319 15-42.
587 1284 784 1318 Medium
821 1294 1013 1317 carmen.
1062 1285 1207 1318 Prima
1243 1297 1355 1329 pars.
1403 1287 1594 1320 Primum

246 1351 499 1385 custodiam
526 1350 624 1383 vult
649 1360 854 1383 severam
880 1362 994 1383 esse.
1047 1351 1215 1385 Hortatur
1243 1353 1348 1394 igitur
1372 1355 1528 1386 maritum
1556 1358 1594 1387 ut

245 1422 357 1452 servet
383 1417 565 1459 diligenter
589 1426 752 1458 uxorem,
779 1421 997 1460 assumatque
1022 1417 1125 1451 etiam
1154 1428 1230 1451 sese
1256 1418 1432 1451 custodem
1457 1419 1591 1461 suadet,

244 1494 321 1518 cum
346 1484 421 1527 ipse
445 1483 528 1517 satis
554 1482 728 1517 custodire
755 1493 830 1517 eam
857 1494 924 1517 non
951 1486 1070 1528 possit.

338 1549 384 1583 V.
412 1551 467 1582 15.
505 1548 689 1581 incaute
715 1550 894 1582 coniux.
930 1550 1039 1583 Ovm.
1065 1551 1197 1584 Amorr.
1224 1551 1268 1592 11,
1295 1554 1351 1594 19,
1375 1555 1443 1585 37:
1469 1552 1523 1585 At
1547 1558 1590 1584 tu

235 1614 419 1660 formosae
455 1613 600 1646 nimium
631 1624 751 1645 secure
782 1612 938 1656 puellae.
1001 1614 1141 1648 Videbis
1177 1616 1223 1648 ibi
1262 1618 1426 1659 ampliora
1464 1618 1593 1650 monita

243 1680 416 1721 eiusdem,
439 1678 529 1721 quod
556 1677 609 1711 hic
635 1678 846 1719 tractabitur,
871 1680 1072 1721 argumenti.
1098 1698 1142 1704 -—-
1183 1680 1252 1713 Me
1286 1692 1467 1724 quoque
1500 1693 1593 1716 ser-

242 1749 354 1779 vato.
414 1745 589 1785 Observa,
625 1743 692 1784 ait,
727 1753 865 1785 omnes,
900 1747 935 1777 et
967 1745 1048 1777 licet
1083 1745 1155 1788 ipse
1187 1746 1288 1779 etiam
1315 1747 1476 1780 observer
1500 1759 1519 1780 a
1546 1752 1591 1789 te,

241 1811 355 1844 malim
390 1809 454 1844 boc
490 1811 638 1843 tolerare
673 1821 773 1853 quam
807 1811 959 1844 rivalem·
1008 1811 1074 1844 Est
1108 1813 1236 1856 primus
1269 1812 1416 1857 impetus
1450 1814 1590 1856 doloris,

241 1877 299 1918 qui
324 1875 408 1909 haec
436 1876 540 1909 verba
565 1876 706 1917 docuit,
740 1886 822 1908 mox
848 1880 957 1910 mutat
982 1878 1159 1911 consilium
1184 1883 1221 1911 ut
1249 1879 1378 1912 videbis
1405 1883 1439 1912 et
1464 1890 1502 1912 se
1528 1889 1590 1912 ex-

240 1943 306 1985 cipi
332 1943 413 1976 vult.
463 1942 672 1975 Suavissima
713 1946 765 1975 est
791 1945 932 1977 mutatio
956 1945 1138 1978 affectuum
1171 1945 1260 1989 apud
1286 1946 1471 1978 Tibullum.
1522 1945 1591 1978 Ce-

240 2013 350 2042 terum
375 2020 516 2041 servare
543 2015 614 2042 est:
640 2009 834 2051 ohservare,
860 2012 1050 2054 custodire,
1077 2009 1279 2052 ᾳιιλιὲττειν,
1305 2020 1438 2057 τηρεῖν,
1466 2016 1502 2044 ut
1526 2022 1589 2045 no-

240 2079 322 2107 tum.
344 2093 389 2098 —
415 2075 456 2108 V.
485 2078 527 2108 17
554 2086 629 2117 sqq.
678 2076 854 2109 Recenset
881 2087 969 2110 nunc
994 2082 1085 2110 artes
1111 2082 1145 2111 et
1169 2078 1321 2110 fallacias
1348 2079 1492 2111 lascivae
1517 2078 1588 2110 De-

239 2142 317 2183 liae,
343 2142 376 2174 in
399 2152 467 2183 quo
491 2141 567 2174 vide
592 2152 731 2178 suavem
754 2153 866 2176 rerum
894 2154 1126 2187 progressum,
1174 2145 1291 2179 Primo
1318 2142 1462 2177 disticho
1489 2144 1590 2175 affert

239 2210 350 2244 artes,
386 2206 508 2247 quibus
534 2207 672 2240 omnino
698 2206 804 2241 allicit
829 2209 967 2242 iuvenes
994 2211 1128 2252 puella,
1156 2210 1306 2243 secundo
1335 2211 1431 2252 signa
1457 2209 1588 2242 descri-

241 2271 300 2310 bit,
325 2271 445 2314 quibus
471 2282 546 2304 cum
574 2275 708 2305 amante
735 2273 874 2305 invento
901 2274 1119 2316 colloquitur,
1146 2276 1256 2308 locum
1285 2279 1318 2308 et
1345 2279 1478 2317 tenipus
1503 2283 1586 2306 con-

241 2340 361 2368 ventus
388 2336 551 2378 indicans,
583 2338 685 2369 tertio
712 2342 895 2370 exeuntem
921 2338 1027 2381 sides,
1063 2345 1099 2372 ut
1125 2340 1258 2383 copiam
1282 2341 1333 2372 sui
1361 2339 1472 2371 faciat.
1523 2338 1587 2368 At-

241 2413 307 2445 que
332 2403 377 2435 ita
404 2407 504 2445 poeta
531 2404 643 2446 posuit
668 2407 788 2436 totum.
815 2422 861 2427 —
886 2404 992 2438 Neu.
1038 2405 1181 2437 Monent
1208 2405 1523 2437 memmmcnius
1552 2404 1586 2433 ct

239 2470 474 2510 noscamus,
509 2471 710 2512 particulam
737 2481 804 2503 non
829 2472 872 2504 ad
899 2472 1157 2506 antecedentem
1183 2481 1338 2511 versum,
1373 2471 1433 2502 scd
1460 2469 1502 2501 ad
1528 2480 1584 2501 sc-

239 2535 377 2577 quentia
403 2533 624 2576 referendam,
651 2540 811 2569 caveto
836 2547 918 2569 neu
946 2538 1214 2570 celebret-
1239 2546 1348 2568 nevc
1376 2535 1513 2568 cubet
1539 2554 1584 2559 -—-

239 2612 320 2635 neu
355 2601 574 2645 decipiat,
617 2613 693 2635 culn
728 2609 949 2647 pracceptum
975 2604 1135 2646 gencrale
1161 2603 1203 2636 dc
1228 2603 1450 2636 custodienda
1479 2612 1584 2634 uxore

1260 2649 1300 2691 2

1709 952 1716 1039 -4-.
1714 935 1715 939 „
