1721 2953
278 169 353 194 cru
818 159 893 197 DE
927 159 1084 202 POESI

385 267 457 305 Illa
487 266 578 306 viro
612 280 750 306 coram
783 276 909 309 nutus
939 272 1128 310 conferre
1158 273 1374 324 loquaces,

445 341 688 394 Blandaque
719 344 956 395 compositis
987 345 1138 386 abdere
1169 349 1296 388 verba
1331 347 1452 387 notis.

386 454 475 492 Sola
507 460 645 492 tenere
676 457 802 496 malas
831 456 1003 497 Medeae
1038 455 1189 498 dicitur
1220 459 1391 508 herbas,

441 529 530 566 Sola
562 528 668 569 seraS
697 526 871 572 HGCQteS
906 530 1189 584 perdomuisse
1221 546 1355 572 Canes.

393 642 447 680 Τιι
475 643 577 682 mihi
608 658 800 683 curarum
831 646 1019 697 requies,
1057 653 1098 684 tu
1130 652 1250 685 nocte
1281 646 1347 684 vel
1379 651 1467 684 atra

445 717 630 767 Lumen,
672 727 711 757 et
739 719 782 758 in
814 721 909 760 solis
937 728 977 759 tu
1007 721 1108 759 mihi
1142 721 1264 760 turba
1293 719 1407 760 locis.

275 805 403 844 Notat
441 806 785 847 Wunderlichius
832 807 884 848 ad
925 809 965 858 Ι,
1005 813 1054 860 2,
1094 810 1162 848 48.
1207 817 1246 848 et
1291 809 1390 848 alias
1437 809 1627 847 ultimum

278 882 508 921 membrum
538 883 686 934 passim
719 897 794 936 per
824 885 1048 936 simplicem
1084 887 1275 937 copulam
1311 884 1488 924 annecti.
1546 884 1628 924 Sed

278 968 363 994 non
402 965 588 997 accurate
628 957 755 1008 dixit,
805 973 897 998 cum
935 961 1074 1000 variae
1113 961 1274 1012 possint
1311 973 1399 1000 esse
1439 960 1629 999 locorum

276 1031 471 1071 rationes.
526 1034 697 1072 Primum
722 1034 821 1073 haec
847 1042 981 1086 potest
1011 1048 1098 1073 esse
1125 1048 1267 1083 causa,
1298 1043 1343 1074 ut
1373 1033 1628 1074 commodius

278 1116 318 1146 et
346 1106 567 1146 rotundius
602 1107 818 1147 claudatur
848 1108 1073 1159 distichon,
1112 1125 1153 1150 v.
1178 1125 1211 1149 c.
1242 1110 1283 1159 Ι,
1315 1110 1467 1158 8‚·14:

391 1197 565 1237 Frustra
594 1199 676 1237 iam
707 1206 858 1248 vestes,
896 1199 1049 1237 frustra
1080 1206 1295 1237 mutantur
1325 1198 1516 1246 amictus,

444 1274 639 1326 Ansaque
671 1284 925 1325 ,compressos
963 1274 1115 1324 colligit
1144 1282 1232 1312 arta
1265 1272 1402 1325 pedes.

278 1359 356 1398 Hic
394 1373 470 1411 per
505 1360 677 1410 logicam
719 1360 932 1411 anaphora
971 1360 1104 1410 repeti
1143 1367 1324 1411 poterat;
1375 1372 1470 1397 nam
1509 1358 1630 1396 etiam

280 1435 358 1484 ibi,
397 1435 469 1473 ubi
499 1433 743 1474 antecedens
774 1447 917 1475 versus
950 1432 1148 1473 dividitur
1176 1433 1391 1481 membris,
1424 1446 1529 1485 quae
1558 1431 1630 1470 tali

281 1510 528 1561 compositae
568 1510 793 1549 sententiae
835 1509 1051 1552 subiicitur
1089 1509 1166 1546 alia
1208 1507 1252 1546 viv
1291 1520 1458 1557 compar
1495 1513 1630 1557 potest

282 1585 537 1636 anaphoram
566 1584 742 1632 habere,
783 1590 827 1621 ut
854 1582 1015 1623 videbis
1047 1583 1107 1631 H,
1142 1585 1184 1632 1,
1215 1582 1267 1620 43
1301 1595 1414 1634 sqq.:

389 1692 786 1700 —————
823 1677 909 1708 lunc
940 1669 1095 1710 consita
1122 1682 1295 1720 pomus,

449 1746 548 1785 Tunc
578 1745 683 1784 bibit
712 1745 884 1796 irriguas
915 1745 1058 1783 fertilis
1092 1745 1237 1783 hortus
1269 1754 1420 1797 aquas,

389 1821 527 1860 Aurea
558 1828 642 1859 tunc
675 1833 836 1872 pressos
865 1818 1041 1872 pedibus
1072 1818 1184 1858 dedit
1215 1834 1296 1859 uva
1325 1820 1508 1872 liquores

445 1896 660 1948 Mixtaque
697 1910 840 1935 securo
871 1903 929 1934 est
958 1895 1097 1934 sobria
1123 1896 1293 1947 lympha
1321 1908 1458 1944 mero,

282 1982 355 2023 ubi
382 1982 425 2021 in
454 1983 592 2034 priore
622 1981 793 2021 disticho
825 1980 874 2020 de
905 1983 996 2021 cibo
1024 1982 1234 2034 loquitur,
1268 1995 1439 2033 pomum
1470 1980 1559 2021 dico
1591 1988 1630 2020 et

261 2054 396 2099 'olera
431 2057 564 2107 horti,
601 2057 645 2096 in
674 2058 803 2096 altero
835 2055 884 2095 de
915 2065 1030 2109 potu.
1096 2055 1178 2095 Sed
1209 2057 1269 2095 ibi
1296 2057 1501 2109 repetitur
1531 2071 1630 2095 ana-

282 2136 415 2187 phora
454 2147 546 2173 cum
585 2146 741 2172 novum
773 2131 974 2171 distichon
1009 2146 1093 2171 non
1123 2140 1262 2184 posset
1291 2145 1431 2171 carere
1462 2133 1549 2172 eius
1578 2132 1631 2180 vi,

284 2219 324 2249 at
354 2211 393 2260 Ι,
423 2214 466 2257 8,
497 2210 560 2248 14.
594 2210 727 2257 abest,
769 2222 861 2247 cum
890 2207 1105 2248 claudatur
1135 2206 1354 2247 distichon.
1377 2230 1433 2237 —
1489 2209 1632 2248 Deinde

283 2284 371 2324 ‘lieri
412 2292 565 2336 potest,
610 2292 654 2322 ut
692 2297 835 2322 sensus
868 2292 907 2322 et
939 2283 1156 2322 consilium
1193 2283 1273 2322 loci
1311 2281 1500 2322 excludat
1534 2297 1630 2321 ana-

286 2362 483 2413 phoram,
534 2361 607 2398 ubi
646 2374 750 2412 quae
791 2360 932 2398 insunt
971 2361 1155 2398 membra
1195 2357 1246 2397 ad
1284 2358 1480 2397 maiorem
1521 2372 1629 2397 nunc

286 2438 481 2475 unitatem
511 2435 697 2475 rex-ocari
727 2433 889 2474 debent.
946 2434 1013 2474 Sic
1044 2432 1246 2473 distichon
1277 2433 1315 2482 Ι,
1337 2438 1383 2483 2,
1416 2433 1484 2472 47.
1508 2433 1584 2472 48:

394 2522 505 2560 llaec
537 2529 657 2559 cautu
694 2519 892 2574 finditque
924 2522 1058 2560 solum
1088 2520 1317 2573 Manesque
1351 2519 1548 2572 sepulcris

453 2596 571 2634 Elicit
602 2604 639 2634 et
670 2595 807 2647 tepido
839 2595 1007 2635 devocat
1040 2609 1131 2635 ossa
1160 2607 1284 2646 rogo:
