<?xml version="1.0" encoding="UTF-8"?>
<!DOCTYPE html PUBLIC "-//W3C//DTD XHTML 1.0 Transitional//EN"
    "http://www.w3.org/TR/xhtml1/DTD/xhtml1-transitional.dtd">
<html xmlns="http://www.w3.org/1999/xhtml" xml:lang="en" lang="en">
 <head>
  <title>
</title>
<meta http-equiv="Content-Type" content="text/html;charset=utf-8" />
  <meta name='ocr-system' content='tesseract 3.04.00' />
  <meta name='ocr-capabilities' content='ocr_page ocr_carea ocr_par ocr_line ocrx_word'/>
</head>
<body>
  <div class='ocr_page' id='page_1' title='image "./carminaexrecensi00tibuuoft_0671.png"; bbox 0 0 1721 2953; ppageno 0'>
   <div class='ocr_carea' id='block_1_1' title="bbox 0 1729 5 2230">
    <p class='ocr_par' dir='ltr' id='par_1_1' title="bbox 0 1729 5 2230">
     <span class='ocr_line' id='line_1_1' title="bbox 0 1729 5 2230; baseline 0 0"><span class='ocrx_word' id='word_1_1' title='bbox 0 1729 5 2230; x_wconf 95' lang='lat' dir='ltr'> </span> 
     </span>
    </p>
   </div>
   <div class='ocr_carea' id='block_1_2' title="bbox 470 157 1414 202">
    <p class='ocr_par' dir='ltr' id='par_1_2' title="bbox 470 157 1414 202">
     <span class='ocr_line' id='line_1_2' title="bbox 470 157 1414 202; baseline -0.006 0"><span class='ocrx_word' id='word_1_2' title='bbox 470 162 613 202; x_wconf 87' lang='lat' dir='ltr'><strong>LlssR.</strong></span> <span class='ocrx_word' id='word_1_3' title='bbox 642 159 714 200; x_wconf 88' lang='lat' dir='ltr'><strong>III.</strong></span> <span class='ocrx_word' id='word_1_4' title='bbox 770 157 928 200; x_wconf 86' lang='lat' dir='ltr'><strong>ELEG.</strong></span> <span class='ocrx_word' id='word_1_5' title='bbox 958 159 1029 200; x_wconf 88' lang='lat' dir='ltr'>IV.</span> <span class='ocrx_word' id='word_1_6' title='bbox 1169 164 1175 171; x_wconf 84' lang='lat'><strong>‘</strong></span> <span class='ocrx_word' id='word_1_7' title='bbox 1333 158 1414 196; x_wconf 66' lang='lat'>345</span> 
     </span>
    </p>
   </div>
   <div class='ocr_carea' id='block_1_3' title="bbox 76 271 1433 2616">
    <p class='ocr_par' dir='ltr' id='par_1_3' title="bbox 76 271 1433 2616">
     <span class='ocr_line' id='line_1_3' title="bbox 78 271 1410 318; baseline -0.002 -11"><span class='ocrx_word' id='word_1_8' title='bbox 78 274 291 309; x_wconf 74' lang='lat' dir='ltr'>CYLLENIUS</span> <span class='ocrx_word' id='word_1_9' title='bbox 317 274 451 318; x_wconf 86' lang='lat' dir='ltr'>aliique,</span> <span class='ocrx_word' id='word_1_10' title='bbox 475 277 554 307; x_wconf 88' lang='lat' dir='ltr'>sunt</span> <span class='ocrx_word' id='word_1_11' title='bbox 579 282 660 307; x_wconf 85' lang='lat' dir='ltr'>vero</span> <span class='ocrx_word' id='word_1_12' title='bbox 685 282 761 306; x_wconf 88' lang='lat' dir='ltr'>cum</span> <span class='ocrx_word' id='word_1_13' title='bbox 786 277 870 304; x_wconf 74' lang='lat' dir='ltr'>exta</span> <span class='ocrx_word' id='word_1_14' title='bbox 895 272 1076 315; x_wconf 85' lang='lat' dir='ltr'>iungenda.</span> <span class='ocrx_word' id='word_1_15' title='bbox 1125 271 1175 307; x_wconf 81' lang='lat' dir='ltr'>Ac</span> <span class='ocrx_word' id='word_1_16' title='bbox 1200 280 1242 306; x_wconf 85' lang='lat' dir='ltr'>ne</span> <span class='ocrx_word' id='word_1_17' title='bbox 1269 282 1410 315; x_wconf 61' lang='lat' dir='ltr'>quaerasv</span> 
     </span>
     <span class='ocr_line' id='line_1_4' title="bbox 78 338 1411 383; baseline -0.001 -11"><span class='ocrx_word' id='word_1_18' title='bbox 78 350 139 372; x_wconf 86' lang='lat' dir='ltr'>cur</span> <span class='ocrx_word' id='word_1_19' title='bbox 173 341 206 372; x_wconf 90' lang='lat' dir='ltr'>in</span> <span class='ocrx_word' id='word_1_20' title='bbox 241 341 350 373; x_wconf 89' lang='lat' dir='ltr'>altero</span> <span class='ocrx_word' id='word_1_21' title='bbox 382 338 533 373; x_wconf 90' lang='lat' dir='ltr'>membro</span> <span class='ocrx_word' id='word_1_22' title='bbox 568 338 720 382; x_wconf 76' lang='lat' dir='ltr'>posuerit</span> <span class='ocrx_word' id='word_1_23' title='bbox 755 342 858 381; x_wconf 80' lang='lat' dir='ltr'>poeta</span> <span class='ocrx_word' id='word_1_24' title='bbox 889 339 979 381; x_wconf 85' lang='lat' dir='ltr'>quod</span> <span class='ocrx_word' id='word_1_25' title='bbox 1014 343 1126 372; x_wconf 87' lang='lat' dir='ltr'>tamen</span> <span class='ocrx_word' id='word_1_26' title='bbox 1161 349 1221 383; x_wconf 91' lang='lat' dir='ltr'>per</span> <span class='ocrx_word' id='word_1_27' title='bbox 1246 349 1284 372; x_wconf 86' lang='lat' dir='ltr'>se</span> <span class='ocrx_word' id='word_1_28' title='bbox 1310 339 1411 372; x_wconf 84' lang='lat' dir='ltr'>etiam</span> 
     </span>
     <span class='ocr_line' id='line_1_5' title="bbox 79 403 1407 449; baseline 0 -10"><span class='ocrx_word' id='word_1_29' title='bbox 79 407 183 449; x_wconf 82' lang='lat' dir='ltr'>priori</span> <span class='ocrx_word' id='word_1_30' title='bbox 209 407 405 439; x_wconf 86' lang='lat' dir='ltr'>conveniret</span> <span class='ocrx_word' id='word_1_31' title='bbox 428 405 638 446; x_wconf 85' lang='lat' dir='ltr'>sententiae,</span> <span class='ocrx_word' id='word_1_32' title='bbox 671 403 815 437; x_wconf 77' lang='lat' dir='ltr'>vidimus</span> <span class='ocrx_word' id='word_1_33' title='bbox 841 403 882 437; x_wconf 87' lang='lat' dir='ltr'>de</span> <span class='ocrx_word' id='word_1_34' title='bbox 908 403 971 439; x_wconf 82' lang='lat' dir='ltr'>lioc</span> <span class='ocrx_word' id='word_1_35' title='bbox 1003 416 1066 439; x_wconf 82' lang='lat' dir='ltr'>usu</span> <span class='ocrx_word' id='word_1_36' title='bbox 1094 415 1196 449; x_wconf 83' lang='lat' dir='ltr'>supra</span> <span class='ocrx_word' id='word_1_37' title='bbox 1219 405 1263 446; x_wconf 87' lang='grc' dir='ltr'>ΙΙ,</span> <span class='ocrx_word' id='word_1_38' title='bbox 1291 407 1325 447; x_wconf 86' lang='grc'>3,</span> <span class='ocrx_word' id='word_1_39' title='bbox 1351 408 1407 439; x_wconf 81' lang='grc'>68.</span> 
     </span>
     <span class='ocr_line' id='line_1_6' title="bbox 78 468 1414 513; baseline 0 -10"><span class='ocrx_word' id='word_1_40' title='bbox 78 471 262 503; x_wconf 86' lang='lat' dir='ltr'>Praeterea</span> <span class='ocrx_word' id='word_1_41' title='bbox 295 470 442 504; x_wconf 73' lang='lat' dir='ltr'>Vossms</span> <span class='ocrx_word' id='word_1_42' title='bbox 476 471 651 513; x_wconf 85' lang='lat' dir='ltr'>postulans</span> <span class='ocrx_word' id='word_1_43' title='bbox 683 473 720 501; x_wconf 93' lang='lat' dir='ltr'>ut</span> <span class='ocrx_word' id='word_1_44' title='bbox 753 468 855 502; x_wconf 77' lang='lat' dir='ltr'>verba</span> <span class='ocrx_word' id='word_1_45' title='bbox 889 471 1052 513; x_wconf 89' lang='lat' dir='ltr'>repetita:</span> <span class='ocrx_word' id='word_1_46' title='bbox 1092 482 1176 504; x_wconf 71' lang='lat' dir='ltr'>rera</span> <span class='ocrx_word' id='word_1_47' title='bbox 1211 475 1348 503; x_wconf 80' lang='lat' dir='ltr'>monent</span> <span class='ocrx_word' id='word_1_48' title='bbox 1382 471 1414 504; x_wconf 89' lang='lat' dir='ltr'>iu</span> 
     </span>
     <span class='ocr_line' id='line_1_7' title="bbox 79 533 1416 579; baseline 0 -11"><span class='ocrx_word' id='word_1_49' title='bbox 79 536 246 579; x_wconf 86' lang='lat' dir='ltr'>principio</span> <span class='ocrx_word' id='word_1_50' title='bbox 271 535 339 569; x_wconf 91' lang='lat' dir='ltr'>sint</span> <span class='ocrx_word' id='word_1_51' title='bbox 363 535 503 569; x_wconf 89' lang='lat' dir='ltr'>secundi</span> <span class='ocrx_word' id='word_1_52' title='bbox 528 534 681 576; x_wconf 89' lang='lat' dir='ltr'>membri,</span> <span class='ocrx_word' id='word_1_53' title='bbox 706 533 835 567; x_wconf 89' lang='lat' dir='ltr'>fallitur</span> <span class='ocrx_word' id='word_1_54' title='bbox 859 535 960 567; x_wconf 90' lang='lat' dir='ltr'>etiam</span> <span class='ocrx_word' id='word_1_55' title='bbox 985 535 1017 568; x_wconf 91' lang='lat' dir='ltr'>iu</span> <span class='ocrx_word' id='word_1_56' title='bbox 1044 534 1118 570; x_wconf 76' lang='lat' dir='ltr'>lioc.</span> <span class='ocrx_word' id='word_1_57' title='bbox 1167 536 1301 578; x_wconf 81' lang='lat' dir='ltr'>Logica</span> <span class='ocrx_word' id='word_1_58' title='bbox 1328 536 1416 569; x_wconf 86' lang='lat' dir='ltr'>ratio</span> 
     </span>
     <span class='ocr_line' id='line_1_8' title="bbox 78 601 1416 647; baseline 0 -11"><span class='ocrx_word' id='word_1_59' title='bbox 78 603 214 647; x_wconf 83' lang='lat' dir='ltr'>proprie</span> <span class='ocrx_word' id='word_1_60' title='bbox 249 601 332 637; x_wconf 88' lang='lat' dir='ltr'>haec</span> <span class='ocrx_word' id='word_1_61' title='bbox 365 607 435 636; x_wconf 89' lang='lat' dir='ltr'>est:</span> <span class='ocrx_word' id='word_1_62' title='bbox 482 603 556 636; x_wconf 81' lang='lat' dir='ltr'>Divi</span> <span class='ocrx_word' id='word_1_63' title='bbox 591 613 672 636; x_wconf 80' lang='lat' dir='ltr'>vera</span> <span class='ocrx_word' id='word_1_64' title='bbox 707 605 865 644; x_wconf 89' lang='lat' dir='ltr'>monent,</span> <span class='ocrx_word' id='word_1_65' title='bbox 907 606 987 635; x_wconf 82' lang='lat' dir='ltr'>exta</span> <span class='ocrx_word' id='word_1_66' title='bbox 1019 614 1099 636; x_wconf 79' lang='lat' dir='ltr'>vera</span> <span class='ocrx_word' id='word_1_67' title='bbox 1132 608 1289 645; x_wconf 71' lang='lat' dir='ltr'>monentg</span> <span class='ocrx_word' id='word_1_68' title='bbox 1327 614 1416 637; x_wconf 87' lang='lat' dir='ltr'>nunc</span> 
     </span>
     <span class='ocr_line' id='line_1_9' title="bbox 80 668 1418 713; baseline -0.001 -10"><span class='ocrx_word' id='word_1_69' title='bbox 80 674 181 713; x_wconf 90' lang='lat' dir='ltr'>poeta</span> <span class='ocrx_word' id='word_1_70' title='bbox 207 680 270 713; x_wconf 92' lang='lat' dir='ltr'>pro</span> <span class='ocrx_word' id='word_1_71' title='bbox 297 673 452 703; x_wconf 84' lang='lat' dir='ltr'>extorum</span> <span class='ocrx_word' id='word_1_72' title='bbox 476 670 611 702; x_wconf 89' lang='lat' dir='ltr'>nomine</span> <span class='ocrx_word' id='word_1_73' title='bbox 636 668 869 713; x_wconf 87' lang='lat' dir='ltr'>praedicatum</span> <span class='ocrx_word' id='word_1_74' title='bbox 896 673 1051 701; x_wconf 80' lang='lat' dir='ltr'>extorum</span> <span class='ocrx_word' id='word_1_75' title='bbox 1071 669 1105 702; x_wconf 89' lang='lat' dir='ltr'>in</span> <span class='ocrx_word' id='word_1_76' title='bbox 1125 669 1290 713; x_wconf 87' lang='lat' dir='ltr'>principio</span> <span class='ocrx_word' id='word_1_77' title='bbox 1309 679 1418 702; x_wconf 89' lang='lat' dir='ltr'>mem-</span> 
     </span>
     <span class='ocr_line' id='line_1_10' title="bbox 78 733 1412 779; baseline -0.001 -11"><span class='ocrx_word' id='word_1_78' title='bbox 78 735 129 768; x_wconf 85' lang='lat' dir='ltr'>bri</span> <span class='ocrx_word' id='word_1_79' title='bbox 163 736 296 779; x_wconf 84' lang='lat' dir='ltr'><strong>posuit,</strong></span> <span class='ocrx_word' id='word_1_80' title='bbox 333 735 424 778; x_wconf 88' lang='lat' dir='ltr'>quod</span> <span class='ocrx_word' id='word_1_81' title='bbox 457 745 576 769; x_wconf 79' lang='lat' dir='ltr'>revera</span> <span class='ocrx_word' id='word_1_82' title='bbox 608 734 697 769; x_wconf 88' lang='lat' dir='ltr'>idem</span> <span class='ocrx_word' id='word_1_83' title='bbox 733 737 768 767; x_wconf 87' lang='lat' dir='ltr'>et</span> <span class='ocrx_word' id='word_1_84' title='bbox 800 734 982 769; x_wconf 81' lang='lat' dir='ltr'>innumeris</span> <span class='ocrx_word' id='word_1_85' title='bbox 1016 734 1100 767; x_wconf 86' lang='lat' dir='ltr'>locis</span> <span class='ocrx_word' id='word_1_86' title='bbox 1134 734 1258 767; x_wconf 85' lang='lat' dir='ltr'>factum</span> <span class='ocrx_word' id='word_1_87' title='bbox 1291 733 1412 767; x_wconf 89' lang='lat' dir='ltr'>eodem</span> 
     </span>
     <span class='ocr_line' id='line_1_11' title="bbox 76 798 1412 844; baseline 0 -11"><span class='ocrx_word' id='word_1_88' title='bbox 76 800 189 834; x_wconf 85' lang='lat' dir='ltr'>modo.</span> <span class='ocrx_word' id='word_1_89' title='bbox 204 819 249 826; x_wconf 94' lang='lat'>-</span> <span class='ocrx_word' id='word_1_90' title='bbox 272 800 436 833; x_wconf 88' lang='lat' dir='ltr'>Tuscis</span> <span class='ocrx_word' id='word_1_91' title='bbox 459 800 649 844; x_wconf 84' lang='lat' dir='ltr'>probata</span> <span class='ocrx_word' id='word_1_92' title='bbox 674 798 704 833; x_wconf 86' lang='lat' dir='ltr'>h.</span> <span class='ocrx_word' id='word_1_93' title='bbox 721 810 752 834; x_wconf 84' lang='lat' dir='ltr'>e.</span> <span class='ocrx_word' id='word_1_94' title='bbox 776 799 966 833; x_wconf 84' lang='lat' dir='ltr'>examinata</span> <span class='ocrx_word' id='word_1_95' title='bbox 989 800 1118 841; x_wconf 87' lang='lat' dir='ltr'>viris,</span> <span class='ocrx_word' id='word_1_96' title='bbox 1144 810 1286 842; x_wconf 89' lang='lat' dir='ltr'>quorum</span> <span class='ocrx_word' id='word_1_97' title='bbox 1307 799 1412 833; x_wconf 85' lang='lat' dir='ltr'>fuisse</span> 
     </span>
     <span class='ocr_line' id='line_1_12' title="bbox 78 863 1412 909; baseline -0.001 -11"><span class='ocrx_word' id='word_1_98' title='bbox 78 865 163 899; x_wconf 79' lang='lat' dir='ltr'>lianc</span> <span class='ocrx_word' id='word_1_99' title='bbox 200 865 412 909; x_wconf 79' lang='lat' dir='ltr'>disciplinam</span> <span class='ocrx_word' id='word_1_100' title='bbox 449 865 583 898; x_wconf 82' lang='lat' dir='ltr'>abunde</span> <span class='ocrx_word' id='word_1_101' title='bbox 619 868 771 905; x_wconf 86' lang='lat' dir='ltr'>constat,</span> <span class='ocrx_word' id='word_1_102' title='bbox 810 863 886 897; x_wconf 75' lang='lat' dir='ltr'>vide</span> <span class='ocrx_word' id='word_1_103' title='bbox 925 864 1138 897; x_wconf 61' lang='lat' dir='ltr'>Mttmmmt</span> <span class='ocrx_word' id='word_1_104' title='bbox 1176 864 1209 897; x_wconf 91' lang='lat' dir='ltr'>in</span> <span class='ocrx_word' id='word_1_105' title='bbox 1244 865 1331 897; x_wconf 90' lang='lat' dir='ltr'>libro</span> <span class='ocrx_word' id='word_1_106' title='bbox 1369 863 1412 897; x_wconf 89' lang='lat' dir='ltr'>de</span> 
     </span>
     <span class='ocr_line' id='line_1_13' title="bbox 77 929 1414 973; baseline 0 -10"><span class='ocrx_word' id='word_1_107' title='bbox 77 930 232 963; x_wconf 85' lang='lat' dir='ltr'>Etruscis</span> <span class='ocrx_word' id='word_1_108' title='bbox 257 930 356 962; x_wconf 90' lang='lat' dir='ltr'>Tom.</span> <span class='ocrx_word' id='word_1_109' title='bbox 381 929 425 962; x_wconf 92' lang='lat' dir='ltr'>II.</span> <span class='ocrx_word' id='word_1_110' title='bbox 452 941 483 973; x_wconf 92' lang='lat' dir='ltr'>p.</span> <span class='ocrx_word' id='word_1_111' title='bbox 506 932 574 962; x_wconf 88' lang='grc'>180</span> <span class='ocrx_word' id='word_1_112' title='bbox 597 940 672 973; x_wconf 88' lang='lat' dir='ltr'>sqq.</span> <span class='ocrx_word' id='word_1_113' title='bbox 722 929 883 962; x_wconf 84' lang='lat' dir='ltr'>Ceterum</span> <span class='ocrx_word' id='word_1_114' title='bbox 907 929 1028 962; x_wconf 88' lang='lat' dir='ltr'>mirum</span> <span class='ocrx_word' id='word_1_115' title='bbox 1055 929 1159 962; x_wconf 87' lang='lat' dir='ltr'>videri</span> <span class='ocrx_word' id='word_1_116' title='bbox 1185 934 1299 973; x_wconf 86' lang='lat' dir='ltr'>potest</span> <span class='ocrx_word' id='word_1_117' title='bbox 1323 930 1414 972; x_wconf 91' lang='lat' dir='ltr'>quod</span> 
     </span>
     <span class='ocr_line' id='line_1_14' title="bbox 76 993 1418 1039; baseline 0.002 -12"><span class='ocrx_word' id='word_1_118' title='bbox 76 996 149 1028; x_wconf 88' lang='lat' dir='ltr'>sola</span> <span class='ocrx_word' id='word_1_119' title='bbox 183 993 396 1039; x_wconf 82' lang='lat' dir='ltr'>haruspicina</span> <span class='ocrx_word' id='word_1_120' title='bbox 421 996 631 1038; x_wconf 87' lang='lat' dir='ltr'>nominatur,</span> <span class='ocrx_word' id='word_1_121' title='bbox 668 1007 746 1030; x_wconf 92' lang='lat' dir='ltr'>cum</span> <span class='ocrx_word' id='word_1_122' title='bbox 772 996 872 1029; x_wconf 82' lang='lat' dir='ltr'>etiam</span> <span class='ocrx_word' id='word_1_123' title='bbox 899 996 963 1028; x_wconf 84' lang='lat' dir='ltr'>alia</span> <span class='ocrx_word' id='word_1_124' title='bbox 988 1005 1114 1037; x_wconf 81' lang='lat' dir='ltr'>genera</span> <span class='ocrx_word' id='word_1_125' title='bbox 1140 1000 1272 1038; x_wconf 83' lang='lat' dir='ltr'>essent,</span> <span class='ocrx_word' id='word_1_126' title='bbox 1305 997 1418 1030; x_wconf 80' lang='lat' dir='ltr'>nomi-</span> 
     </span>
     <span class='ocr_line' id='line_1_15' title="bbox 79 1059 1419 1103; baseline 0.001 -11"><span class='ocrx_word' id='word_1_127' title='bbox 79 1060 184 1093; x_wconf 89' lang='lat' dir='ltr'>natim</span> <span class='ocrx_word' id='word_1_128' title='bbox 210 1064 319 1094; x_wconf 85' lang='lat' dir='ltr'>sortes</span> <span class='ocrx_word' id='word_1_129' title='bbox 344 1064 379 1093; x_wconf 88' lang='lat' dir='ltr'>et</span> <span class='ocrx_word' id='word_1_130' title='bbox 403 1071 492 1094; x_wconf 80' lang='lat' dir='ltr'>aves.</span> <span class='ocrx_word' id='word_1_131' title='bbox 541 1060 611 1094; x_wconf 86' lang='lat' dir='ltr'>Sed</span> <span class='ocrx_word' id='word_1_132' title='bbox 638 1059 688 1093; x_wconf 86' lang='lat' dir='ltr'>his</span> <span class='ocrx_word' id='word_1_133' title='bbox 713 1070 779 1093; x_wconf 90' lang='lat' dir='ltr'>non</span> <span class='ocrx_word' id='word_1_134' title='bbox 804 1059 914 1093; x_wconf 87' lang='lat' dir='ltr'>credit</span> <span class='ocrx_word' id='word_1_135' title='bbox 939 1060 1138 1102; x_wconf 81' lang='lat' dir='ltr'>Lygdamus</span> <span class='ocrx_word' id='word_1_136' title='bbox 1167 1071 1277 1103; x_wconf 86' lang='lat' dir='ltr'>neque</span> <span class='ocrx_word' id='word_1_137' title='bbox 1308 1072 1419 1103; x_wconf 83' lang='lat' dir='ltr'>agno-</span> 
     </span>
     <span class='ocr_line' id='line_1_16' title="bbox 77 1125 1420 1168; baseline 0 -11"><span class='ocrx_word' id='word_1_138' title='bbox 77 1125 142 1158; x_wconf 86' lang='lat' dir='ltr'>scit</span> <span class='ocrx_word' id='word_1_139' title='bbox 168 1135 221 1158; x_wconf 88' lang='lat' dir='ltr'>ea.</span> <span class='ocrx_word' id='word_1_140' title='bbox 270 1125 436 1159; x_wconf 87' lang='lat' dir='ltr'>Dissentit</span> <span class='ocrx_word' id='word_1_141' title='bbox 459 1125 563 1168; x_wconf 82' lang='lat' dir='ltr'>igitur</span> <span class='ocrx_word' id='word_1_142' title='bbox 586 1135 606 1157; x_wconf 88' lang='lat' dir='ltr'>a</span> <span class='ocrx_word' id='word_1_143' title='bbox 632 1125 791 1166; x_wconf 85' lang='lat' dir='ltr'>Tibullo,</span> <span class='ocrx_word' id='word_1_144' title='bbox 827 1125 924 1158; x_wconf 89' lang='lat' dir='ltr'>cuius</span> <span class='ocrx_word' id='word_1_145' title='bbox 955 1126 1155 1159; x_wconf 86' lang='lat' dir='ltr'>sententiam</span> <span class='ocrx_word' id='word_1_146' title='bbox 1191 1126 1300 1158; x_wconf 86' lang='lat' dir='ltr'>discas</span> <span class='ocrx_word' id='word_1_147' title='bbox 1333 1125 1361 1166; x_wconf 87' lang='lat' dir='ltr'>I,</span> <span class='ocrx_word' id='word_1_148' title='bbox 1386 1128 1420 1167; x_wconf 83' lang='lat'>8,</span> 
     </span>
     <span class='ocr_line' id='line_1_17' title="bbox 79 1190 1421 1236; baseline 0.001 -14"><span class='ocrx_word' id='word_1_149' title='bbox 79 1193 114 1222; x_wconf 86' lang='lat'>3.</span> <span class='ocrx_word' id='word_1_150' title='bbox 139 1192 171 1223; x_wconf 84' lang='lat'>4.</span> <span class='ocrx_word' id='word_1_151' title='bbox 199 1194 234 1224; x_wconf 91' lang='lat' dir='ltr'>et</span> <span class='ocrx_word' id='word_1_152' title='bbox 265 1191 310 1232; x_wconf 84' lang='grc' dir='ltr'>ΙΙ,</span> <span class='ocrx_word' id='word_1_153' title='bbox 336 1194 369 1233; x_wconf 84' lang='grc'>5,</span> <span class='ocrx_word' id='word_1_154' title='bbox 396 1194 438 1224; x_wconf 84' lang='lat'>11</span> <span class='ocrx_word' id='word_1_155' title='bbox 466 1202 560 1234; x_wconf 87' lang='lat' dir='ltr'>sqq.‚</span> <span class='ocrx_word' id='word_1_156' title='bbox 595 1195 714 1234; x_wconf 87' lang='lat' dir='ltr'>estque</span> <span class='ocrx_word' id='word_1_157' title='bbox 749 1190 802 1224; x_wconf 79' lang='lat' dir='ltr'>hic</span> <span class='ocrx_word' id='word_1_158' title='bbox 836 1191 931 1224; x_wconf 90' lang='lat' dir='ltr'>locus</span> <span class='ocrx_word' id='word_1_159' title='bbox 964 1192 1124 1225; x_wconf 90' lang='lat' dir='ltr'>notabilis</span> <span class='ocrx_word' id='word_1_160' title='bbox 1159 1196 1298 1236; x_wconf 90' lang='lat' dir='ltr'>propter</span> <span class='ocrx_word' id='word_1_161' title='bbox 1332 1191 1421 1225; x_wconf 82' lang='lat' dir='ltr'>hunc</span> 
     </span>
     <span class='ocr_line' id='line_1_18' title="bbox 79 1254 1422 1299; baseline 0.002 -11"><span class='ocrx_word' id='word_1_162' title='bbox 79 1254 281 1289; x_wconf 84' lang='lat' dir='ltr'>dissensum.</span> <span class='ocrx_word' id='word_1_163' title='bbox 303 1274 348 1280; x_wconf 92' lang='lat'>—</span> <span class='ocrx_word' id='word_1_164' title='bbox 373 1256 459 1289; x_wconf 81' lang='lat' dir='ltr'>Mox</span> <span class='ocrx_word' id='word_1_165' title='bbox 483 1257 662 1289; x_wconf 88' lang='lat' dir='ltr'>Somnia</span> <span class='ocrx_word' id='word_1_166' title='bbox 687 1256 865 1298; x_wconf 86' lang='lat' dir='ltr'>ludunt,</span> <span class='ocrx_word' id='word_1_167' title='bbox 890 1267 957 1289; x_wconf 76' lang='lat' dir='ltr'>vox</span> <span class='ocrx_word' id='word_1_168' title='bbox 981 1257 1106 1290; x_wconf 85' lang='lat' dir='ltr'>usitata</span> <span class='ocrx_word' id='word_1_169' title='bbox 1131 1257 1173 1290; x_wconf 87' lang='lat' dir='ltr'>de</span> <span class='ocrx_word' id='word_1_170' title='bbox 1198 1258 1356 1299; x_wconf 88' lang='lat' dir='ltr'>somniis,</span> <span class='ocrx_word' id='word_1_171' title='bbox 1383 1261 1422 1290; x_wconf 82' lang='lat' dir='ltr'>ut</span> 
     </span>
     <span class='ocr_line' id='line_1_19' title="bbox 80 1321 1422 1365; baseline 0 -10"><span class='ocrx_word' id='word_1_172' title='bbox 80 1321 225 1355; x_wconf 68' lang='lat' dir='ltr'>Hom&#39;r.</span> <span class='ocrx_word' id='word_1_173' title='bbox 251 1322 312 1363; x_wconf 89' lang='lat'>111,</span> <span class='ocrx_word' id='word_1_174' title='bbox 334 1325 392 1364; x_wconf 75' lang='lat'>27,</span> <span class='ocrx_word' id='word_1_175' title='bbox 416 1325 473 1356; x_wconf 76' lang='lat'>40.</span> <span class='ocrx_word' id='word_1_176' title='bbox 507 1323 584 1355; x_wconf 89' lang='lat' dir='ltr'>loco</span> <span class='ocrx_word' id='word_1_177' title='bbox 614 1326 692 1355; x_wconf 84' lang='lat' dir='ltr'>ante</span> <span class='ocrx_word' id='word_1_178' title='bbox 721 1322 879 1363; x_wconf 87' lang='lat' dir='ltr'>laudato,</span> <span class='ocrx_word' id='word_1_179' title='bbox 912 1322 1054 1363; x_wconf 89' lang='lat' dir='ltr'>aliisque</span> <span class='ocrx_word' id='word_1_180' title='bbox 1079 1322 1168 1365; x_wconf 89' lang='lat' dir='ltr'>apud</span> <span class='ocrx_word' id='word_1_181' title='bbox 1195 1322 1422 1355; x_wconf 73' lang='lat' dir='ltr'>Bnoucrfflu-</span> 
     </span>
     <span class='ocr_line' id='line_1_20' title="bbox 81 1377 1425 1429; baseline 0 -10"><span class='ocrx_word' id='word_1_182' title='bbox 81 1397 166 1419; x_wconf 74' lang='lat' dir='ltr'>sum</span> <span class='ocrx_word' id='word_1_183' title='bbox 194 1377 288 1421; x_wconf 78' lang='lat' dir='ltr'>locis.</span> <span class='ocrx_word' id='word_1_184' title='bbox 312 1405 360 1412; x_wconf 92' lang='lat'>—</span> <span class='ocrx_word' id='word_1_185' title='bbox 395 1386 660 1426; x_wconf 87' lang='lat' dir='ltr'>temeraria,</span> <span class='ocrx_word' id='word_1_186' title='bbox 695 1396 782 1428; x_wconf 85' lang='lat' dir='ltr'>quae</span> <span class='ocrx_word' id='word_1_187' title='bbox 807 1390 936 1417; x_wconf 88' lang='lat' dir='ltr'>temere</span> <span class='ocrx_word' id='word_1_188' title='bbox 961 1386 1138 1427; x_wconf 84' lang='lat' dir='ltr'>accidunt,</span> <span class='ocrx_word' id='word_1_189' title='bbox 1164 1387 1198 1418; x_wconf 92' lang='lat' dir='ltr'>in</span> <span class='ocrx_word' id='word_1_190' title='bbox 1223 1387 1345 1429; x_wconf 89' lang='lat' dir='ltr'>quibus</span> <span class='ocrx_word' id='word_1_191' title='bbox 1369 1386 1425 1418; x_wconf 74' lang='lat' dir='ltr'>ni-</span> 
     </span>
     <span class='ocr_line' id='line_1_21' title="bbox 82 1451 1424 1496; baseline -0.001 -11"><span class='ocrx_word' id='word_1_192' title='bbox 82 1451 125 1485; x_wconf 86' lang='lat' dir='ltr'>hil</span> <span class='ocrx_word' id='word_1_193' title='bbox 159 1453 290 1485; x_wconf 89' lang='lat' dir='ltr'>consilii</span> <span class='ocrx_word' id='word_1_194' title='bbox 324 1456 358 1486; x_wconf 91' lang='lat' dir='ltr'>et</span> <span class='ocrx_word' id='word_1_195' title='bbox 392 1452 634 1496; x_wconf 73' lang='lat' dir='ltr'>providentiae.</span> <span class='ocrx_word' id='word_1_196' title='bbox 667 1469 714 1475; x_wconf 91' lang='lat'>——</span> <span class='ocrx_word' id='word_1_197' title='bbox 759 1451 919 1484; x_wconf 88' lang='lat' dir='ltr'>fallaci</span> <span class='ocrx_word' id='word_1_198' title='bbox 956 1454 1111 1492; x_wconf 88' lang='lat' dir='ltr'>nocte,</span> <span class='ocrx_word' id='word_1_199' title='bbox 1152 1461 1238 1493; x_wconf 87' lang='lat' dir='ltr'>quae</span> <span class='ocrx_word' id='word_1_200' title='bbox 1274 1451 1424 1484; x_wconf 84' lang='lat' dir='ltr'>tenebris</span> 
     </span>
     <span class='ocr_line' id='line_1_22' title="bbox 81 1517 1424 1561; baseline 0.001 -11"><span class='ocrx_word' id='word_1_201' title='bbox 81 1518 151 1550; x_wconf 88' lang='lat' dir='ltr'>suis</span> <span class='ocrx_word' id='word_1_202' title='bbox 175 1518 312 1551; x_wconf 82' lang='lat' dir='ltr'>adiuvat</span> <span class='ocrx_word' id='word_1_203' title='bbox 336 1519 429 1552; x_wconf 88' lang='lat' dir='ltr'>lusus</span> <span class='ocrx_word' id='word_1_204' title='bbox 452 1529 611 1552; x_wconf 82' lang='lat' dir='ltr'>vanarum</span> <span class='ocrx_word' id='word_1_205' title='bbox 637 1518 841 1561; x_wconf 80' lang='lat' dir='ltr'>imaginum,</span> <span class='ocrx_word' id='word_1_206' title='bbox 878 1521 917 1551; x_wconf 89' lang='lat' dir='ltr'>ut</span> <span class='ocrx_word' id='word_1_207' title='bbox 951 1517 1024 1550; x_wconf 85' lang='lat' dir='ltr'>dies</span> <span class='ocrx_word' id='word_1_208' title='bbox 1051 1521 1086 1550; x_wconf 91' lang='lat' dir='ltr'>et</span> <span class='ocrx_word' id='word_1_209' title='bbox 1119 1518 1169 1550; x_wconf 92' lang='lat' dir='ltr'>sol</span> <span class='ocrx_word' id='word_1_210' title='bbox 1205 1518 1337 1550; x_wconf 87' lang='lat' dir='ltr'>veritati</span> <span class='ocrx_word' id='word_1_211' title='bbox 1371 1517 1424 1551; x_wconf 83' lang='lat' dir='ltr'>fa-</span> 
     </span>
     <span class='ocr_line' id='line_1_23' title="bbox 81 1582 1425 1627; baseline -0.001 -10"><span class='ocrx_word' id='word_1_212' title='bbox 81 1588 172 1617; x_wconf 81' lang='lat' dir='ltr'>vent·</span> <span class='ocrx_word' id='word_1_213' title='bbox 196 1602 242 1608; x_wconf 93' lang='lat'>—</span> <span class='ocrx_word' id='word_1_214' title='bbox 284 1584 327 1619; x_wconf 89' lang='lat' dir='ltr'>V.</span> <span class='ocrx_word' id='word_1_215' title='bbox 349 1587 370 1617; x_wconf 89' lang='lat'>9</span> <span class='ocrx_word' id='word_1_216' title='bbox 396 1595 447 1627; x_wconf 89' lang='lat' dir='ltr'>sq.</span> <span class='ocrx_word' id='word_1_217' title='bbox 495 1583 551 1616; x_wconf 89' lang='lat' dir='ltr'>Et</span> <span class='ocrx_word' id='word_1_218' title='bbox 583 1588 727 1616; x_wconf 82' lang='lat' dir='ltr'>natum</span> <span class='ocrx_word' id='word_1_219' title='bbox 759 1583 800 1616; x_wconf 90' lang='lat' dir='ltr'>in</span> <span class='ocrx_word' id='word_1_220' title='bbox 832 1593 958 1616; x_wconf 86' lang='lat' dir='ltr'>curas</span> <span class='ocrx_word' id='word_1_221' title='bbox 991 1586 1058 1615; x_wconf 86' lang='lat' dir='ltr'>etc.</span> <span class='ocrx_word' id='word_1_222' title='bbox 1106 1584 1246 1615; x_wconf 84' lang='lat' dir='ltr'>Statues</span> <span class='ocrx_word' id='word_1_223' title='bbox 1278 1582 1425 1616; x_wconf 83' lang='lat' dir='ltr'>sortasse</span> 
     </span>
     <span class='ocr_line' id='line_1_24' title="bbox 82 1645 1423 1692; baseline -0.001 -10"><span class='ocrx_word' id='word_1_224' title='bbox 82 1650 354 1692; x_wconf 82' lang='lat' dir='ltr'>obiurgationem</span> <span class='ocrx_word' id='word_1_225' title='bbox 374 1650 495 1690; x_wconf 80' lang='lat' dir='ltr'>inesse,</span> <span class='ocrx_word' id='word_1_226' title='bbox 521 1648 693 1691; x_wconf 75' lang='lat' dir='ltr'>explicans</span> <span class='ocrx_word' id='word_1_227' title='bbox 718 1647 786 1680; x_wconf 89' lang='lat' dir='ltr'>sic:</span> <span class='ocrx_word' id='word_1_228' title='bbox 812 1647 858 1679; x_wconf 82' lang='lat' dir='ltr'>Et</span> <span class='ocrx_word' id='word_1_229' title='bbox 882 1645 1097 1679; x_wconf 82' lang='lat' dir='ltr'>nihilominus</span> <span class='ocrx_word' id='word_1_230' title='bbox 1124 1647 1279 1689; x_wconf 80' lang='lat' dir='ltr'>placant!</span> <span class='ocrx_word' id='word_1_231' title='bbox 1322 1648 1423 1682; x_wconf 82' lang='lat' dir='ltr'>Quae</span> 
     </span>
     <span class='ocr_line' id='line_1_25' title="bbox 83 1710 1427 1755; baseline -0.001 -8"><span class='ocrx_word' id='word_1_232' title='bbox 83 1715 169 1748; x_wconf 89' lang='lat' dir='ltr'>ratio</span> <span class='ocrx_word' id='word_1_233' title='bbox 195 1726 214 1747; x_wconf 91' lang='lat' dir='ltr'>a</span> <span class='ocrx_word' id='word_1_234' title='bbox 239 1715 473 1747; x_wconf 51' lang='lat' dir='ltr'>Licfflrffixo</span> <span class='ocrx_word' id='word_1_235' title='bbox 509 1712 669 1755; x_wconf 84' lang='lat' dir='ltr'>adoptata</span> <span class='ocrx_word' id='word_1_236' title='bbox 702 1710 854 1752; x_wconf 73' lang='lat' dir='ltr'>videtur,</span> <span class='ocrx_word' id='word_1_237' title='bbox 888 1711 946 1753; x_wconf 91' lang='lat' dir='ltr'>qui</span> <span class='ocrx_word' id='word_1_238' title='bbox 983 1711 1258 1753; x_wconf 79' lang='lat' dir='ltr'>interrogationis</span> <span class='ocrx_word' id='word_1_239' title='bbox 1292 1713 1427 1754; x_wconf 84' lang='lat' dir='ltr'>signum</span> 
     </span>
     <span class='ocr_line' id='line_1_26' title="bbox 82 1777 1425 1822; baseline -0.002 -8"><span class='ocrx_word' id='word_1_240' title='bbox 82 1781 286 1822; x_wconf 84' lang='lat' dir='ltr'>subiecerit,</span> <span class='ocrx_word' id='word_1_241' title='bbox 311 1780 370 1814; x_wconf 85' lang='lat' dir='ltr'>sed</span> <span class='ocrx_word' id='word_1_242' title='bbox 397 1790 473 1814; x_wconf 90' lang='lat' dir='ltr'>meo</span> <span class='ocrx_word' id='word_1_243' title='bbox 507 1779 632 1813; x_wconf 86' lang='lat' dir='ltr'>iudicio</span> <span class='ocrx_word' id='word_1_244' title='bbox 667 1778 784 1820; x_wconf 87' lang='lat' dir='ltr'>nequit</span> <span class='ocrx_word' id='word_1_245' title='bbox 808 1777 889 1810; x_wconf 87' lang='lat' dir='ltr'>ferri</span> <span class='ocrx_word' id='word_1_246' title='bbox 915 1781 1054 1821; x_wconf 88' lang='lat' dir='ltr'>propter</span> <span class='ocrx_word' id='word_1_247' title='bbox 1087 1777 1240 1811; x_wconf 82' lang='lat' dir='ltr'>adiecta:</span> <span class='ocrx_word' id='word_1_248' title='bbox 1276 1782 1425 1811; x_wconf 88' lang='lat' dir='ltr'>natum</span> 
     </span>
     <span class='ocr_line' id='line_1_27' title="bbox 83 1843 1427 1887; baseline -0.003 -6"><span class='ocrx_word' id='word_1_249' title='bbox 83 1849 124 1881; x_wconf 88' lang='lat' dir='ltr'>iu</span> <span class='ocrx_word' id='word_1_250' title='bbox 160 1858 313 1887; x_wconf 79' lang='lat' dir='ltr'>curas,</span> <span class='ocrx_word' id='word_1_251' title='bbox 352 1846 383 1880; x_wconf 89' lang='lat' dir='ltr'>h.</span> <span class='ocrx_word' id='word_1_252' title='bbox 419 1857 451 1880; x_wconf 88' lang='lat' dir='ltr'>e.</span> <span class='ocrx_word' id='word_1_253' title='bbox 494 1845 777 1880; x_wconf 85' lang='lat' dir='ltr'>sollicitudinibus</span> <span class='ocrx_word' id='word_1_254' title='bbox 813 1844 997 1878; x_wconf 77' lang='lat' dir='ltr'>obnoxium</span> <span class='ocrx_word' id='word_1_255' title='bbox 1035 1854 1142 1887; x_wconf 82' lang='lat' dir='ltr'>genus</span> <span class='ocrx_word' id='word_1_256' title='bbox 1181 1843 1352 1877; x_wconf 84' lang='lat' dir='ltr'>homiuum</span> <span class='ocrx_word' id='word_1_257' title='bbox 1391 1847 1427 1877; x_wconf 81' lang='lat' dir='ltr'>el:</span> 
     </span>
     <span class='ocr_line' id='line_1_28' title="bbox 84 1911 1426 1956; baseline -0.004 -9"><span class='ocrx_word' id='word_1_258' title='bbox 84 1914 242 1956; x_wconf 81' lang='lat' dir='ltr'>anxium,</span> <span class='ocrx_word' id='word_1_259' title='bbox 280 1914 323 1947; x_wconf 89' lang='lat' dir='ltr'>ad</span> <span class='ocrx_word' id='word_1_260' title='bbox 354 1917 465 1947; x_wconf 89' lang='lat' dir='ltr'>metus</span> <span class='ocrx_word' id='word_1_261' title='bbox 500 1913 624 1947; x_wconf 86' lang='lat' dir='ltr'>sactum</span> <span class='ocrx_word' id='word_1_262' title='bbox 659 1917 694 1946; x_wconf 88' lang='lat' dir='ltr'>et</span> <span class='ocrx_word' id='word_1_263' title='bbox 728 1913 878 1956; x_wconf 77' lang='lat' dir='ltr'>proclive</span> <span class='ocrx_word' id='word_1_264' title='bbox 912 1915 1052 1955; x_wconf 87' lang='lat' dir='ltr'>propter</span> <span class='ocrx_word' id='word_1_265' title='bbox 1085 1911 1279 1944; x_wconf 89' lang='lat' dir='ltr'>innumeros</span> <span class='ocrx_word' id='word_1_266' title='bbox 1313 1921 1426 1952; x_wconf 84' lang='lat' dir='ltr'>casus,</span> 
     </span>
     <span class='ocr_line' id='line_1_29' title="bbox 85 1976 1428 2023; baseline -0.002 -11"><span class='ocrx_word' id='word_1_267' title='bbox 85 1980 206 2023; x_wconf 86' lang='lat' dir='ltr'>quibus</span> <span class='ocrx_word' id='word_1_268' title='bbox 231 1981 300 2012; x_wconf 77' lang='lat' dir='ltr'>vita</span> <span class='ocrx_word' id='word_1_269' title='bbox 325 1978 468 2012; x_wconf 85' lang='lat' dir='ltr'>bumana</span> <span class='ocrx_word' id='word_1_270' title='bbox 493 1979 661 2022; x_wconf 81' lang='lat' dir='ltr'>exposita.</span> <span class='ocrx_word' id='word_1_271' title='bbox 720 1977 812 2013; x_wconf 82' lang='lat' dir='ltr'>Quid</span> <span class='ocrx_word' id='word_1_272' title='bbox 839 1977 927 2010; x_wconf 92' lang='lat' dir='ltr'>enim</span> <span class='ocrx_word' id='word_1_273' title='bbox 954 1977 1158 2018; x_wconf 82' lang='lat' dir='ltr'>significabit</span> <span class='ocrx_word' id='word_1_274' title='bbox 1182 1976 1265 2010; x_wconf 87' lang='lat' dir='ltr'>haec</span> <span class='ocrx_word' id='word_1_275' title='bbox 1289 1980 1428 2009; x_wconf 87' lang='lat' dir='ltr'>senten-</span> 
     </span>
     <span class='ocr_line' id='line_1_30' title="bbox 85 2041 1425 2086; baseline -0.004 -7"><span class='ocrx_word' id='word_1_276' title='bbox 85 2047 153 2079; x_wconf 87' lang='lat' dir='ltr'>tia:</span> <span class='ocrx_word' id='word_1_277' title='bbox 195 2046 242 2079; x_wconf 84' lang='lat' dir='ltr'>Et</span> <span class='ocrx_word' id='word_1_278' title='bbox 275 2045 488 2078; x_wconf 79' lang='lat' dir='ltr'>nihilominus</span> <span class='ocrx_word' id='word_1_279' title='bbox 520 2045 611 2077; x_wconf 81' lang='lat' dir='ltr'>auxii</span> <span class='ocrx_word' id='word_1_280' title='bbox 645 2042 796 2077; x_wconf 87' lang='lat' dir='ltr'>homines</span> <span class='ocrx_word' id='word_1_281' title='bbox 831 2043 964 2086; x_wconf 90' lang='lat' dir='ltr'>placant</span> <span class='ocrx_word' id='word_1_282' title='bbox 998 2041 1156 2074; x_wconf 67' lang='lat' dir='ltr'>somnia?</span> <span class='ocrx_word' id='word_1_283' title='bbox 1204 2041 1312 2074; x_wconf 88' lang='lat' dir='ltr'>Immo</span> <span class='ocrx_word' id='word_1_284' title='bbox 1347 2042 1425 2084; x_wconf 81' lang='lat' dir='ltr'>quia</span> 
     </span>
     <span class='ocr_line' id='line_1_31' title="bbox 86 2110 1427 2154; baseline -0.004 -8"><span class='ocrx_word' id='word_1_285' title='bbox 86 2113 178 2146; x_wconf 82' lang='lat' dir='ltr'>anxii</span> <span class='ocrx_word' id='word_1_286' title='bbox 214 2116 312 2154; x_wconf 88' lang='lat' dir='ltr'>sunt,</span> <span class='ocrx_word' id='word_1_287' title='bbox 350 2117 424 2145; x_wconf 86' lang='lat' dir='ltr'>eam</span> <span class='ocrx_word' id='word_1_288' title='bbox 461 2112 568 2154; x_wconf 84' lang='lat' dir='ltr'>ipsam</span> <span class='ocrx_word' id='word_1_289' title='bbox 605 2111 648 2144; x_wconf 91' lang='lat' dir='ltr'>ob</span> <span class='ocrx_word' id='word_1_290' title='bbox 687 2121 820 2144; x_wconf 84' lang='lat' dir='ltr'>causam</span> <span class='ocrx_word' id='word_1_291' title='bbox 857 2110 992 2153; x_wconf 83' lang='lat' dir='ltr'>placant</span> <span class='ocrx_word' id='word_1_292' title='bbox 1030 2110 1133 2142; x_wconf 87' lang='lat' dir='ltr'>etiam</span> <span class='ocrx_word' id='word_1_293' title='bbox 1171 2119 1258 2151; x_wconf 89' lang='lat' dir='ltr'>quae</span> <span class='ocrx_word' id='word_1_294' title='bbox 1295 2119 1356 2152; x_wconf 89' lang='lat' dir='ltr'>per</span> <span class='ocrx_word' id='word_1_295' title='bbox 1390 2118 1427 2141; x_wconf 81' lang='lat' dir='ltr'>se</span> 
     </span>
     <span class='ocr_line' id='line_1_32' title="bbox 87 2172 1426 2220; baseline -0.004 -9"><span class='ocrx_word' id='word_1_296' title='bbox 87 2189 183 2212; x_wconf 78' lang='lat' dir='ltr'>vana.</span> <span class='ocrx_word' id='word_1_297' title='bbox 230 2178 393 2211; x_wconf 84' lang='lat' dir='ltr'>Praefero</span> <span class='ocrx_word' id='word_1_298' title='bbox 419 2178 522 2220; x_wconf 82' lang='lat' dir='ltr'>igitur</span> <span class='ocrx_word' id='word_1_299' title='bbox 547 2175 634 2210; x_wconf 86' lang='lat' dir='ltr'>hunc</span> <span class='ocrx_word' id='word_1_300' title='bbox 659 2186 814 2209; x_wconf 86' lang='lat' dir='ltr'>sensum:</span> <span class='ocrx_word' id='word_1_301' title='bbox 851 2176 992 2208; x_wconf 88' lang='lat' dir='ltr'>Somnia</span> <span class='ocrx_word' id='word_1_302' title='bbox 1016 2185 1096 2207; x_wconf 74' lang='lat' dir='ltr'>vero</span> <span class='ocrx_word' id='word_1_303' title='bbox 1130 2174 1250 2207; x_wconf 88' lang='lat' dir='ltr'>ludunt</span> <span class='ocrx_word' id='word_1_304' title='bbox 1276 2172 1426 2206; x_wconf 78' lang='lat' dir='ltr'>homines</span> 
     </span>
     <span class='ocr_line' id='line_1_33' title="bbox 88 2239 1429 2286; baseline -0.004 -10"><span class='ocrx_word' id='word_1_305' title='bbox 88 2248 284 2286; x_wconf 86' lang='lat' dir='ltr'>terrentque</span> <span class='ocrx_word' id='word_1_306' title='bbox 315 2244 402 2276; x_wconf 82' lang='lat' dir='ltr'>salso</span> <span class='ocrx_word' id='word_1_307' title='bbox 433 2244 575 2283; x_wconf 86' lang='lat' dir='ltr'>timore,</span> <span class='ocrx_word' id='word_1_308' title='bbox 610 2245 645 2275; x_wconf 88' lang='lat' dir='ltr'>et</span> <span class='ocrx_word' id='word_1_309' title='bbox 678 2240 830 2274; x_wconf 86' lang='lat' dir='ltr'>homiues</span> <span class='ocrx_word' id='word_1_310' title='bbox 856 2241 991 2273; x_wconf 86' lang='lat' dir='ltr'>solliciti</span> <span class='ocrx_word' id='word_1_311' title='bbox 1017 2244 1136 2272; x_wconf 88' lang='lat' dir='ltr'>natura</span> <span class='ocrx_word' id='word_1_312' title='bbox 1170 2239 1328 2281; x_wconf 78' lang='lat' dir='ltr'>anxiique</span> <span class='ocrx_word' id='word_1_313' title='bbox 1355 2239 1429 2281; x_wconf 41' lang='lat' dir='ltr'>pla*</span> 
     </span>
     <span class='ocr_line' id='line_1_34' title="bbox 88 2304 1432 2350; baseline -0.004 -8"><span class='ocrx_word' id='word_1_314' title='bbox 88 2314 167 2342; x_wconf 86' lang='lat' dir='ltr'>cant</span> <span class='ocrx_word' id='word_1_315' title='bbox 200 2319 260 2350; x_wconf 88' lang='lat' dir='ltr'>ea,</span> <span class='ocrx_word' id='word_1_316' title='bbox 297 2309 377 2341; x_wconf 88' lang='lat' dir='ltr'>licet</span> <span class='ocrx_word' id='word_1_317' title='bbox 404 2318 523 2341; x_wconf 79' lang='lat' dir='ltr'>revera</span> <span class='ocrx_word' id='word_1_318' title='bbox 554 2308 665 2340; x_wconf 82' lang='lat' dir='ltr'>inania</span> <span class='ocrx_word' id='word_1_319' title='bbox 698 2308 766 2339; x_wconf 87' lang='lat' dir='ltr'>sint</span> <span class='ocrx_word' id='word_1_320' title='bbox 801 2315 863 2338; x_wconf 90' lang='lat' dir='ltr'>nec</span> <span class='ocrx_word' id='word_1_321' title='bbox 892 2305 1085 2347; x_wconf 87' lang='lat' dir='ltr'>requiratur</span> <span class='ocrx_word' id='word_1_322' title='bbox 1110 2306 1268 2349; x_wconf 88' lang='lat' dir='ltr'>placatio.</span> <span class='ocrx_word' id='word_1_323' title='bbox 1318 2304 1432 2337; x_wconf 83' lang='lat' dir='ltr'>Etiam</span> 
     </span>
     <span class='ocr_line' id='line_1_35' title="bbox 87 2369 1433 2416; baseline -0.001 -9"><span class='ocrx_word' id='word_1_324' title='bbox 87 2374 137 2408; x_wconf 90' lang='lat' dir='ltr'>sic</span> <span class='ocrx_word' id='word_1_325' title='bbox 173 2373 365 2407; x_wconf 85' lang='lat' dir='ltr'>defenditur</span> <span class='ocrx_word' id='word_1_326' title='bbox 398 2373 452 2406; x_wconf 92' lang='lat' dir='ltr'>Et</span> <span class='ocrx_word' id='word_1_327' title='bbox 489 2373 580 2416; x_wconf 93' lang='lat' dir='ltr'>quod</span> <span class='ocrx_word' id='word_1_328' title='bbox 614 2373 647 2405; x_wconf 88' lang='lat' dir='ltr'>iu</span> <span class='ocrx_word' id='word_1_329' title='bbox 675 2372 786 2412; x_wconf 89' lang='lat' dir='ltr'>libris,</span> <span class='ocrx_word' id='word_1_330' title='bbox 821 2381 884 2404; x_wconf 87' lang='lat' dir='ltr'>nec</span> <span class='ocrx_word' id='word_1_331' title='bbox 910 2372 1136 2405; x_wconf 88' lang='lat' dir='ltr'>necessarium</span> <span class='ocrx_word' id='word_1_332' title='bbox 1172 2371 1340 2404; x_wconf 78' lang='lat' dir='ltr'>videbitur</span> <span class='ocrx_word' id='word_1_333' title='bbox 1364 2369 1433 2405; x_wconf 59' lang='lat' dir='ltr'>Ab</span> 
     </span>
     <span class='ocr_line' id='line_1_36' title="bbox 89 2438 1429 2482; baseline -0.001 -10"><span class='ocrx_word' id='word_1_334' title='bbox 89 2450 110 2473; x_wconf 86' lang='lat' dir='ltr'>a</span> <span class='ocrx_word' id='word_1_335' title='bbox 133 2439 295 2473; x_wconf 71' lang='lat' dir='ltr'>Munss&#39;ro</span> <span class='ocrx_word' id='word_1_336' title='bbox 328 2440 555 2473; x_wconf 88' lang='lat' dir='ltr'>coniectatum</span> <span class='ocrx_word' id='word_1_337' title='bbox 588 2443 623 2474; x_wconf 87' lang='lat' dir='ltr'>et</span> <span class='ocrx_word' id='word_1_338' title='bbox 655 2440 688 2472; x_wconf 92' lang='lat' dir='ltr'>in</span> <span class='ocrx_word' id='word_1_339' title='bbox 720 2439 893 2473; x_wconf 86' lang='lat' dir='ltr'>codicibus</span> <span class='ocrx_word' id='word_1_340' title='bbox 923 2439 1053 2481; x_wconf 88' lang='lat' dir='ltr'>aliquot</span> <span class='ocrx_word' id='word_1_341' title='bbox 1084 2443 1268 2482; x_wconf 87' lang='lat' dir='ltr'>repertum.</span> <span class='ocrx_word' id='word_1_342' title='bbox 1317 2438 1429 2480; x_wconf 81' lang='lat' dir='ltr'>Atque</span> 
     </span>
     <span class='ocr_line' id='line_1_37' title="bbox 90 2502 1431 2547; baseline -0.003 -8"><span class='ocrx_word' id='word_1_343' title='bbox 90 2504 174 2539; x_wconf 82' lang='lat' dir='ltr'>haec</span> <span class='ocrx_word' id='word_1_344' title='bbox 209 2505 383 2539; x_wconf 85' lang='lat' dir='ltr'>hacteuus.</span> <span class='ocrx_word' id='word_1_345' title='bbox 411 2524 458 2530; x_wconf 89' lang='lat'>-—-</span> <span class='ocrx_word' id='word_1_346' title='bbox 500 2506 815 2539; x_wconf 88' lang='lat' dir='ltr'>Constructionem:</span> <span class='ocrx_word' id='word_1_347' title='bbox 854 2514 993 2547; x_wconf 81' lang='lat' dir='ltr'>genus</span> <span class='ocrx_word' id='word_1_348' title='bbox 1027 2502 1245 2537; x_wconf 83' lang='lat' dir='ltr'>hominum</span> <span class='ocrx_word' id='word_1_349' title='bbox 1269 2521 1316 2528; x_wconf 90' lang='lat'>-</span> <span class='ocrx_word' id='word_1_350' title='bbox 1340 2504 1431 2546; x_wconf 85' lang='lat' dir='ltr'>pla-</span> 
     </span>
     <span class='ocr_line' id='line_1_38' title="bbox 92 2568 1428 2616; baseline -0.004 -12"><span class='ocrx_word' id='word_1_351' title='bbox 92 2575 211 2613; x_wconf 84' lang='lat' dir='ltr'>cant,</span> <span class='ocrx_word' id='word_1_352' title='bbox 246 2572 380 2605; x_wconf 81' lang='lat' dir='ltr'>notabis</span> <span class='ocrx_word' id='word_1_353' title='bbox 416 2582 483 2605; x_wconf 92' lang='lat' dir='ltr'>non</span> <span class='ocrx_word' id='word_1_354' title='bbox 522 2572 664 2615; x_wconf 86' lang='lat' dir='ltr'>reperiri</span> <span class='ocrx_word' id='word_1_355' title='bbox 702 2571 792 2616; x_wconf 89' lang='lat' dir='ltr'>apud</span> <span class='ocrx_word' id='word_1_356' title='bbox 829 2571 1014 2604; x_wconf 89' lang='lat' dir='ltr'>Tibullum.</span> <span class='ocrx_word' id='word_1_357' title='bbox 1047 2589 1092 2595; x_wconf 89' lang='lat'>-—</span> <span class='ocrx_word' id='word_1_358' title='bbox 1139 2570 1249 2604; x_wconf 86' lang='lat' dir='ltr'>Porro</span> <span class='ocrx_word' id='word_1_359' title='bbox 1287 2568 1428 2601; x_wconf 73' lang='lat' dir='ltr'>omina</span> 
     </span>
    </p>
   </div>
   <div class='ocr_carea' id='block_1_4' title="bbox 92 2635 1428 2680">
    <p class='ocr_par' dir='ltr' id='par_1_4' title="bbox 92 2635 1428 2680">
     <span class='ocr_line' id='line_1_39' title="bbox 92 2635 1428 2680; baseline -0.006 -8"><span class='ocrx_word' id='word_1_360' title='bbox 92 2638 258 2679; x_wconf 78' lang='lat' dir='ltr'>noetis,</span> <span class='ocrx_word' id='word_1_361' title='bbox 284 2642 321 2672; x_wconf 88' lang='lat' dir='ltr'>ut</span> <span class='ocrx_word' id='word_1_362' title='bbox 344 2639 580 2672; x_wconf 73' lang='lat' dir='ltr'>I&#39;Rorunrws</span> <span class='ocrx_word' id='word_1_363' title='bbox 607 2638 666 2680; x_wconf 79' lang='lat' dir='ltr'>lv,</span> <span class='ocrx_word' id='word_1_364' title='bbox 696 2638 728 2672; x_wconf 73' lang='lat'>4.</span> <span class='ocrx_word' id='word_1_365' title='bbox 753 2638 810 2670; x_wconf 83' lang='lat'>23.</span> <span class='ocrx_word' id='word_1_366' title='bbox 837 2635 917 2670; x_wconf 84' lang='lat' dir='ltr'>dicit</span> <span class='ocrx_word' id='word_1_367' title='bbox 943 2635 1099 2669; x_wconf 80' lang='lat' dir='ltr'>laudatus</span> <span class='ocrx_word' id='word_1_368' title='bbox 1122 2647 1142 2669; x_wconf 82' lang='lat' dir='ltr'>a</span> <span class='ocrx_word' id='word_1_369' title='bbox 1167 2635 1428 2669; x_wconf 62' lang='lat' dir='ltr'>Bnoucxuusn·</span> 
     </span>
    </p>
   </div>
  </div>
 </body>
</html>
