1721 2953
592 113 836 156 TIBULLI.
1263 130 1385 157 ccxix

45 231 183 268 9-18.
211 235 279 268 aut
309 229 408 267 haec
435 227 514 272 III,
544 228 613 277 14,
642 231 782 267 1-10.
813 227 1033 281 Propertii.
1088 227 1222 267 Multo
1250 228 1385 269 minus

42 302 152 342 hunc
182 301 380 356 Lygdami
407 301 545 341 locum
575 304 755 342 scribere
785 303 921 356 potuit
950 303 1030 354 III,
1059 307 1104 353 3,
1132 302 1245 343 inin:

155 375 267 425 Quid
294 375 466 428 prodest
495 378 652 418 caelum
682 379 789 420 votis
817 379 1027 431 implesse,
1066 379 1252 428 Neaera,

209 450 454 505 Blandaque
484 467 575 492 cum
607 455 736 494 multa
764 460 859 493 tura
891 453 1048 494 dedisse
1078 467 1222 507 prece,

153 524 252 566 Non
282 534 328 566 ut
359 528 581 568 marmorei
609 527 822 582 prodirem
854 544 874 568 e
903 530 1044 569 limine
1075 530 1189 579 tecti,

210 602 385 653 Insignis
416 605 526 643 clara
557 605 886 658 conspicuusque
919 604 1065 653 domo,

155 676 238 716 Aut
270 685 314 717 ut
342 679 470 718 multa
497 680 580 719 mei
608 688 861 722 renovarent
888 681 1031 732 iugera
1059 679 1171 718 tauri

211 751 264 792 Et
294 766 458 805 magnas
490 768 641 794 messes
676 764 784 796 terra
813 757 990 807 benigna
1021 753 1155 803 daret,

157 825 240 867 Sed
270 836 405 868 tecum
435 838 480 869 ut
508 832 655 881 longae
687 830 884 870 sociarem
915 828 1064 882 gaudia
1092 829 1219 878 vitae,

208 904 342 956 Inque
374 913 445 944 tuo
477 904 639 946 caderet
669 914 809 946 nostra
841 915 1005 946 senecta
1034 905 1149 953 sinu,

157 978 275 1018 Tunc
306 994 397 1019 cum
427 995 645 1033 permenso
678 980 894 1022 defunctus
927 990 1113 1034 tempore
1141 978 1244 1019 lucis

211 1053 360 1095 Nudus
389 1055 571 1096 Lethaea
602 1071 772 1109 cogerer
798 1058 859 1096 ire
890 1054 1009 1097 rate?

45 1126 161 1176 Quae
188 1132 440 1172 continuatio
466 1133 658 1185 obliquae
683 1132 998 1172 constructionis
1028 1145 1051 1170 a
1073 1128 1230 1170 Tibulli
1256 1127 1397 1179 vigore

44 1207 218 1245 multum
261 1206 398 1247 distat.
468 1207 685 1261 Excipitur
725 1209 980 1248 enumeratio
1022 1221 1099 1260 per
1139 1206 1296 1256 singula
1337 1202 1398 1242 di-

46 1283 194 1330 sticha,
235 1290 279 1321 ut
306 1283 337 1332 I,
365 1288 402 1332 7,
431 1286 480 1322 15
507 1297 621 1336 sqq.;
659 1298 754 1323 nam
781 1284 825 1322 in
853 1284 925 1322 tali
955 1282 1266 1323 continuatione
1294 1279 1399 1318 inest

45 1357 295 1395 luculentior
316 1355 536 1397 declaratio
557 1357 843 1398 multitudinis.
901 1356 1137 1411 Lygdamus
1156 1370 1256 1397 vero
1280 1354 1400 1394 etiam

48 1429 146 1469 alias
190 1428 386 1483 periodos
429 1432 636 1484 longiores
679 1433 804 1472 habet
847 1447 871 1471 a
910 1432 954 1473 vi
995 1432 1255 1472 Tibullianae
1305 1428 1400 1468 artiS

48 1505 225 1555 alienas,
268 1513 312 1545 ut
349 1506 429 1557 III,
458 1509 506 1558 4,
537 1511 709 1562 51-sqq.
741 1508 812 1548 ubi
845 1508 979 1548 statim
1015 1507 1179 1546 initium
1208 1506 1400 1545 Tibullus

49 1580 265 1620 nervosius
295 1580 350 1621 sic
382 1584 702 1634 composuisset:
743 1581 859 1631 Quae
889 1590 972 1622 tam
1002 1596 1096 1622 cara
1124 1581 1200 1621 tibi
1228 1603 1286 1610 -
1313 1588 1403 1619 tum

51 1655 258 1695 clausisset
286 1657 424 1696 locum
455 1666 562 1696 certe
594 1659 673 1698 sic:
712 1658 891 1697 AlterIus
916 1659 1004 1699 vult
1027 1659 1128 1697 haec
1155 1669 1242 1696 esse
1266 1656 1405 1708 puella

50 1728 149 1778 viri,
180 1730 214 1768 si
234 1732 404 1770 omnino
428 1733 661 1783 probasset,
693 1731 807 1785 quod
830 1745 916 1771 non
938 1732 1053 1782 fecit,
1083 1739 1222 1771 tantae
1245 1730 1403 1782 magni-

51 1802 207 1844 tudinis
241 1804 473 1857 periodum.
528 1806 640 1845 Haec
672 1807 885 1846 hactenus.

137 1879 420 1932 Explicuimus
461 1880 624 1933 potiora
665 1882 856 1930 artificia,
913 1881 1064 1935 quibus
1103 1881 1166 1921 vis
1210 1889 1250 1920 et
1288 1881 1406 1932 vigor

52 1953 221 2005 insignis
253 1954 450 1994 orationis
481 1955 740 1996 Tibullianae
777 1957 944 2005 nititur,
988 1957 1060 2010 qui
1098 1970 1191 1996 cum
1228 1955 1405 2010 denique

53 2031 175 2069 etiam
200 2044 248 2070 eo
274 2045 523 2083 magnopere
549 2031 784 2082 adiuvetur,
816 2031 929 2086 quod
953 2032 1122 2072 omnino
1145 2033 1248 2072 nihil
1275 2033 1407 2082 otiosi,

53 2105 254 2157 languidi,
290 2106 395 2145 nihil
417 2107 562 2146 inutile
587 2108 693 2147 inest
719 2108 762 2146 in
787 2109 851 2148 his
876 2107 1077 2158 distichis,
1109 2108 1152 2147 in
1178 2108 1259 2148 fine
1282 2109 1406 2148 huius

55 2180 344 2234 disputationis
382 2181 431 2223 de
463 2185 700 2237 epitheiorum
734 2187 876 2224 ratione
914 2185 1115 2225 nonnulla
1146 2183 1316 2236 addam,
1358 2184 1406 2224 de

57 2271 139 2311 qua
166 2259 291 2310 vulgo
319 2271 404 2298 non
433 2267 619 2299 accurate
642 2258 825 2299 iudicare
851 2258 971 2300 video
996 2259 1258 2312 interpretes.
1302 2259 1409 2300 Sunt

58 2334 260 2387 epitheta,
301 2342 346 2373 ut
382 2334 490 2373 inter
525 2348 666 2374 omnes
703 2343 881 2385 constat,
928 2336 1006 2374 alia
1041 2343 1407 2394 perpetuahquae

58 2411 269 2462 propriam
315 2417 507 2449 naturam
553 2417 595 2449 et
639 2408 822 2449 indolem
863 2423 1005 2448 rerum
1047 2417 1086 2449 et
1133 2424 1405 2462 personarum

61 2484 289 2535 declarant,
330 2484 408 2525 alia
439 2485 632 2535 fortuita,
673 2485 930 2534 transitoria,
970 2499 1075 2538 quae
1107 2499 1184 2539 pro
1222 2495 1407 2540 tempore

62 2562 300 2601 tribuuntur
325 2575 399 2601 nec
426 2562 505 2601 nisi
532 2563 649 2602 certis
678 2562 719 2601 in
746 2562 844 2602 locis
870 2560 1088 2615 quadrant.
1147 2563 1282 2617 Atque
1307 2564 1407 2603 haec
