1721 2953
317 175 397 213 350
626 165 999 213 COMMENTAR.
1025 171 1085 214 IN
1116 172 1344 215 TIBULLI

314 284 562 326 Stillabat,
597 287 635 318 ut
660 284 790 318 Tibull.
814 284 841 327 Ι,
865 288 899 329 7,
923 289 981 322 51.
1019 287 1065 330 ΙΙ,
1089 289 1125 332 2,
1149 291 1183 323 7.
1234 289 1332 325 Adde
1365 291 1592 327 Cannium.
1628 295 1661 328 in

312 354 424 398 Apoll.
457 363 488 387 v.
514 354 573 387 38.
609 351 690 395 ibiq.
725 353 916 389 Smmnffl.
950 358 985 388 et
1018 354 1151 392 Ham-s.
1186 356 1228 390 ad
1264 357 1365 392 Ovid.
1399 359 1546 395 Heroid.
1582 360 1661 403 XV,

312 423 367 454 72.
391 438 439 445 —
463 419 602 462 Syrio
628 429 750 462 rore,
777 430 796 453 e
821 420 922 462 Syria
946 421 1110 465 advecto,
1135 427 1173 456 ut
1198 423 1262 457 fuit
1286 425 1556 469 malobathrum,
1582 438 1662 461 nar-—

310 487 394 529 (lus,
430 486 508 520 alia.
567 486 627 519 Sic
657 497 734 518 rore
767 484 903 519 Sabaeo
938 488 1081 522 VAnssn.
1108 488 1242 522 chc·
1271 491 1328 533 VI,
1352 494 1433 525 709.
1470 496 1506 526 et
1537 491 1662 526 Arabo

309 564 386 586 rore
411 553 518 586 Ovm.
543 552 686 586 Heroid.
711 552 790 595 XV,
814 556 870 587 76.
895 554 954 588 ubi
981 555 1047 589 vid.
1073 554 1204 589 Hssms.
1255 555 1398 590 Notavit
1423 557 1525 592 etiam
1554 558 1659 592 Hur-

308 630 406 656 NIUS.
455 619 527 654 Sed
552 620 694 653 miratur
716 621 867 654 Vossms
894 625 929 655 et
954 623 1076 655 mirum
1101 621 1204 655 debet
1227 622 1353 665 videri,
1378 623 1468 666 quod
1494 634 1562 657 non
1587 635 1660 658 am-

308 689 423 722 brosia
447 688 605 722 madeant
629 688 795 731 Apollinis
819 688 940 722 crines.
989 688 1124 732 Nempe
1157 692 1291 722 constat
1325 689 1405 723 olim
1438 686 1541 726 ξόανα
1574 690 1659 724 ‹leo-

308 765 383 788 rum
410 754 512 787 etiam
537 757 659 794 uncta,
683 756 722 785 ut
746 753 879 786 Romae
905 753 1089 797 Capitolini
1115 754 1161 787 dii
1187 765 1264 788 cum
1290 755 1375 789 alios
1402 755 1444 789 nd
1472 756 1659 790 ornandum

307 820 480 854 ministros
503 822 576 852 tum
601 822 761 851 unctores
787 817 976 860 habebant,
1013 818 1057 851 cf.
1085 819 1287 854 AUGUSTIN.
1313 820 1357 854 de
1383 821 1483 855 civit.
1508 822 1572 855 Dei
1599 822 1659 864 VI,

308 887 365 919 10.
414 885 474 918 Sic
497 883 570 917 fieri
597 884 708 927 potuit
733 887 769 916 ut
801 884 906 916 ctiam
932 885 1026 917 viros
1052 884 1156 927 deos,
1193 886 1301 919 sicubi
1326 887 1368 920 ad
1389 886 1542 921 homines
1566 888 1661 920 veni-

306 954 403 993 rent,
446 949 599 984 humanis
634 953 885 992 unguentorum
919 950 1103 993 generibus
1137 952 1187 984 uti
1222 952 1422 994 crederent,
1458 957 1561 995 atque
1595 952 1659 985 hoc

307 1027 396 1050 nunc
420 1016 638 1059 amplectitur
659 1014 880 1057 Lygdamus,
919 1025 1035 1048 amans
1061 1026 1169 1058 nova,
1206 1016 1351 1049 insolita.
1410 1016 1511 1059 Apud
1536 1016 1658 1049 Tibul-

304 1084 374 1117 lum
398 1083 443 1124 Π,
468 1086 502 1125 2,
527 1086 561 1115 7.
595 1082 725 1114 Genius
751 1081 857 1114 nardo
884 1085 1039 1124 tempora
1063 1082 1194 1114 stillans
1219 1082 1335 1115 venire
1366 1081 1521 1124 iubetur,
1561 1082 1658 1115 cuius

307 1152 422 1192 imago
448 1150 482 1183 in
508 1149 595 1182 atrio
621 1147 709 1181 haud
736 1147 839 1180 dubie
873 1147 1067 1189 ungebatur
1098 1147 1187 1181 festo
1219 1148 1296 1190 dIe,
1330 1148 1391 1182 sed
1425 1149 1544 1182 dubito
1568 1147 1656 1182 hunc

306 1215 349 1249 ad
376 1216 522 1248 maiores
548 1214 630 1248 deos
656 1224 727 1246 rem
754 1214 997 1248 translaturum
1021 1214 1137 1248 fuisse.
1188 1215 1344 1258 Denique
1377 1219 1544 1258 quaerunt
1568 1227 1654 1260 quo-

302 1282 405 1317 modo
427 1282 561 1315 noverit
587 1281 757 1314 dormiens
784 1280 1002 1323 Lygdamus,
1029 1281 1167 1323 Syrium
1195 1292 1270 1315 esse
1296 1286 1530 1324 unguentum,
1563 1282 1655 1325 quod

302 1349 447 1381 stillaret
478 1347 602 1390 capite.
652 1347 785 1390 Nempe
819 1348 909 1380 visus
944 1351 997 1380 est
1022 1348 1086 1381 sibi
1122 1348 1257 1381 odorari
1290 1352 1350 1381 aut
1374 1348 1509 1381 odorari
1543 1349 1654 1392 potuit

306 1426 384 1449 cum
410 1414 608 1447 discedente
636 1414 702 1446 deo
727 1414 1041 1456 expergisceretur.
1090 1415 1215 1447 Verius
1240 1418 1351 1447 tamen
1379 1415 1552 1456 dicemus,
1589 1416 1653 1449 lin-

302 1481 396 1514 xisse
430 1489 507 1513 eum
542 1477 606 1511 hoc
639 1478 768 1510 utalia
802 1478 906 1510 multa
942 1478 1197 1521 incogitantem.
1222 1497 1269 1503 —
1308 1480 1350 1513 V.
1376 1482 1422 1512 29
1448 1491 1497 1522 sq.
1525 1490 1651 1524 prue-

303 1545 411 1587 fert,
450 1544 610 1578 ostendit.
661 1544 822 1576 Ceterum
857 1546 1066 1588 comparatio
1099 1546 1339 1586 usitatissima,
1376 1550 1414 1578 ut
1447 1546 1651 1579 Timocmr.

301 1610 347 1652 II,
372 1612 431 1644 79.
457 1628 504 1634 —
532 1609 573 1642 V.
600 1610 642 1640 31
669 1618 743 1650 sqq.
779 1608 906 1640 Tribus
932 1608 1241 1650 comparationibus
1266 1610 1374 1642 utitur
1398 1615 1517 1644 ornate
1542 1612 1584 1644 ad
1610 1613 1650 1644 il-

302 1675 508 1710 lustrandam
543 1673 699 1707 candoris
734 1676 769 1705 et
796 1673 929 1705 ruboris
955 1674 1248 1717 coniunctionem,
1285 1677 1390 1709 veluti
1415 1678 1516 1711 etiam
1542 1679 1650 1713 Vmc.

300 1744 432 1784 Georg.
449 1741 508 1782 lv,
523 1743 592 1772 261
610 1750 683 1782 sqq.
708 1743 779 1773 tres
804 1742 882 1771 sunt
907 1740 1189 1782 comparationes,
1215 1745 1249 1773 et
1277 1741 1373 1776 Hom.
1390 1742 1429 1775 Il.
1451 1742 1546 1786 XIV,
1567 1747 1651 1778 394.

301 1812 336 1841 et
360 1808 455 1841 alias.
503 1806 611 1839 Abest
643 1816 725 1839 vero
760 1815 815 1839 res
851 1817 872 1839 a
905 1806 1034 1839 Tibulli
1068 1807 1296 1851 simplicitate.
1322 1826 1368 1832 —
1409 1809 1540 1852 virgo
1580 1811 1650 1845 de-

300 1873 432 1907 ducta
464 1873 637 1906 marito.
699 1872 845 1905 Nomina
879 1872 1031 1905 maritas
1069 1877 1104 1906 et
1139 1873 1293 1906 coniunx
1332 1875 1434 1908 etiam
1470 1879 1550 1909 ante
1587 1876 1648 1910 de-

299 1939 495 1973 ductionem
528 1937 684 1981 usurpari
717 1940 814 1970 notat
838 1937 1160 1971 Wuxnssnmcmns
1187 1949 1207 1972 e
1237 1939 1360 1972 Catull.
1386 1939 1480 1982 LXI,
1505 1943 1563 1973 32.
1586 1944 1646 1975 55.

301 2007 383 2038 157.
408 2022 452 2029 —
495 2002 720 2037 Inficitur
754 2011 832 2034 ore
865 2002 1079 2044 rubente,
1116 2002 1149 2036 h.
1175 2014 1205 2036 e.
1241 2004 1388 2037 inlicitur
1411 2004 1460 2037 sic
1494 2008 1531 2037 nt
1564 2016 1645 2038 eru-

299 2071 437 2112 bescat,
473 2080 533 2103 seu
568 2069 681 2113 potius
716 2068 862 2101 inlicitur
889 2069 968 2102 dum
1004 2069 1174 2103 erubescit
1207 2079 1256 2102 os.
1306 2069 1394 2103 Nam
1420 2068 1564 2102 rubente
1591 2076 1644 2104 est

300 2136 542 2176 erubescente,
577 2144 678 2177 quam
711 2135 994 2177 significationem
1020 2136 1294 2169 Foncssntmms
1318 2136 1483 2179 exemplis
1508 2135 1642 2180 probat.

299 2200 436 2235 Monuit
467 2200 789 2243 Wuxnnnfflcnms
826 2204 860 2233 et
892 2201 1064 2234 BAcums.
1114 2200 1185 2234 Sed
1217 2201 1368 2234 Vossms
1405 2206 1485 2233 tola
1519 2198 1644 2233 rubore

299 2265 342 2299 de
368 2266 564 2299 coniectura
590 2265 720 2306 intulit,
746 2265 777 2298 in
803 2275 871 2308 quo
898 2265 1030 2299 mireris
1055 2265 1200 2298 ieiunam
1227 2275 1348 2298 vocem
1374 2270 1452 2297 tota
1478 2265 1644 2312 placuisse

300 2329 450 2372 homini,
483 2330 540 2373 qui
567 2330 639 2374 ipse
665 2334 767 2373 poeta
792 2335 894 2365 esset.
921 2349 964 2354 —
997 2341 1089 2364 cum
1116 2334 1370 2365 contexunt
1394 2331 1643 2364 amarantis

301 2395 440 2436 Lilia,
477 2404 554 2428 cum
589 2405 732 2428 coronas
765 2398 905 2428 nectunt
938 2396 1119 2428 amarantis
1144 2399 1179 2429 et
1203 2396 1294 2430 liliis.
1341 2395 1566 2429 Amat-antus
1591 2399 1642 2428 est

300 2460 397 2494 nobis
418 2458 697 2497 Sammethlusna,
724 2465 760 2494 ut
784 2466 882 2495 notat
903 2462 1064 2496 Vossms.
1113 2463 1166 2496 De
1191 2473 1232 2497 eo
1253 2463 1360 2497 me.
1380 2461 1475 2503 XXI,
1495 2464 1516 2494 8
1539 2461 1641 2505 (23):

299 2524 387 2567 „Est
411 2526 503 2569 spica
530 2537 696 2570 purpurea
722 2528 835 2562 verius
861 2539 961 2572 quam
994 2530 1057 2562 llos
1091 2529 1211 2572 aliquis
1245 2532 1279 2562 et
1312 2529 1384 2571 ipse
1416 2528 1488 2561 sine
1523 2529 1639 2562 odore.

301 2590 427 2624 Mirum
449 2591 479 2623 in
504 2600 556 2632 oo,
583 2592 731 2634 gaudere
752 2593 889 2637 decerpi
915 2597 950 2627 et
969 2593 1089 2626 laetius
1115 2593 1254 2626 renasci.
1306 2593 1465 2626 l'rovcnit
1487 2595 1640 2636 Augusto

302 2667 435 2690 monce,
470 2657 567 2689 durat
602 2659 631 2689 in
661 2663 888 2694 nuotnmnnm.
947 2659 1174 2693 Alexandrino
1210 2659 1338 2699 palma.
1374 2659 1429 2700 qui
1460 2658 1639 2698 decerptus
