1721 2953
282 144 331 180 10
590 133 959 180 COMMENTAR.
990 135 1050 177 IN
1081 133 1310 176 TIBULLI

281 258 350 289 cat
376 254 478 296 dicit,
507 263 583 287 cum
609 253 787 286 militasset
820 252 919 285 antea
941 254 976 285 et
1000 261 1090 285 nnnc
1115 251 1259 284 transire
1284 250 1365 283 velit
1389 249 1432 283 ad
1457 249 1548 283 aliud
1575 249 1624 281 vi—

277 326 332 355 tae
359 331 477 364 genus.
528 320 580 352 De
614 318 866 352 constructione
899 328 981 352 vero
1016 317 1140 359 dativi,
1178 315 1296 350 confer
1321 313 1472 347 deducta
1498 313 1626 346 marito

278 387 361 419 inl'ra
386 386 448 426 ΙΙΙ,
475 387 507 426 4,
533 386 603 426 31.,
630 383 754 416 (lucere
780 381 858 416 vela
881 381 958 415 salo
982 383 1169 416 Pnopmw.
1195 381 1222 424 Ι,
1247 384 1280 423 6,
1303 383 1336 414 2.
1364 381 1476 415 collat.
1501 380 1624 413 Lacu—

277 462 395 484 MANNI
422 454 501 483 nota
526 450 605 484 ibid.
628 449 671 483 ad
696 450 757 492 IV,
780 453 835 492 ll,
861 453 939 484 102.
966 462 999 494 p·
1016 451 1096 483 403.
1147 449 1260 491 Atque
1285 448 1367 481 satis
1391 448 1528 489 cognita
1548 447 1626 486 alia,

276 520 313 548 ut
338 514 545 559 compulerit
569 516 670 561 gregi
702 515 849 551 Home.
874 515 901 558 I,
925 517 983 557 24,
1020 517 1095 556 18„
1130 513 1328 558 compellere
1360 512 1490 546 hibisco
1515 512 1627 547 VIRG-

274 583 396 625 Eclog.
423 583 468 625 ΙΙ,
493 586 569 625 30.,
594 584 652 616 ubi
677 583 719 617 cf.
747 584 928 625 VossmM,
954 593 998 616 ne
1025 583 1123 626 plura
1151 581 1286 616 addam.
1319 598 1359 606 -
1386 581 1429 615 V.
1455 583 1488 613 6.
1520 579 1624 611 Dum

274 660 398 683 meus
422 660 496 693 sqq.
532 649 717 683 dummodo
743 659 880 692 semper
904 648 1016 681 cibum
1050 647 1192 681 habeam
1217 650 1252 680 et
1284 647 1452 687 calorem,
1489 654 1624 688 semper

274 717 415 751 habeam
450 728 517 760 quo
555 717 675 751 vivam.
726 717 887 750 Suaviter
921 719 1035 748 autem
1070 715 1170 747 etiam
1203 717 1344 756 propter
1376 712 1624 755 oppositionem

273 783 547 818 antecedentium
574 783 686 817 focum
716 784 906 822 memorat3
943 780 1002 822 qui
1028 779 1116 813 enim
1140 778 1253 812 focum
1278 787 1376 811 suum
1401 776 1499 818 dicit,
1524 776 1624 808 simul

273 850 494 884 domesticam
518 850 552 883 in
577 850 687 894 patria
715 849 818 882 vitam
843 847 990 881 iucunde
1015 847 1206 890 significat,
1237 845 1296 879 ubi
1326 855 1393 878 non
1418 844 1501 877 foris
1529 847 1564 877 et
1589 843 1624 876 in

272 920 393 950 extero
417 917 490 950 solo
517 915 673 959 degatur.
699 932 744 940 ——
781 915 970 948 assiduo
995 914 1110 957 igne.
1161 912 1363 946 Defenditur
1395 910 1479 944 haec
1510 911 1624 952 lectio,

274 983 480 1027 optimorum
525 982 682 1016 codicum
726 984 762 1015 et
799 980 1097 1024 grammaticorum
1140 979 1344 1012 auctoritate
1386 977 1533 1018 munita,
1579 976 1622 1010 ab

275 1048 467 1081 Huscmuo
508 1047 586 1081 data
623 1057 749 1091 opera,
786 1045 952 1089 probante
992 1046 1094 1078 etiam
1131 1054 1275 1078 censore
1310 1044 1344 1076 in
1382 1041 1622 1086 Ephemeridd.

272 1114 422 1148 lenenss.
449 1116 552 1156 1815,
578 1124 627 1147 nr.
645 1116 727 1146 203.
753 1125 785 1157 p.
803 1115 884 1146 186.
937 1113 1065 1144 Focum
1086 1122 1271 1156 perennem
1295 1109 1410 1143 laudat
1435 1109 1622 1142 MARTIAL.

272 1180 336 1224 Ep.
359 1181 403 1223 X,
418 1182 474 1214 47.
524 1180 738 1213 Huscffluns
763 1179 860 1213 addit
885 1179 1043 1222 Inscript.
1065 1189 1118 1222 ap.
1137 1177 1339 1210 Fabrettum
1359 1187 1388 1209 c.
1403 1176 1463 1210 IV.
1483 1187 1516 1219 p.
1531 1176 1620 1208 283:

272 1257 377 1279 rvNc.
412 1257 517 1280 MEVS.
550 1256 709 1279 Assmvss.
747 1256 901 1278 samem.
935 1255 1044 1279 BENE.
1078 1253 1201 1278 varr.
1236 1252 1359 1275 Amrcss.
1385 1251 1507 1274 FOGVS.
1543 1240 1620 1274 coll.

274 1322 433 1345 AN'rflor..
460 1321 544 1346 ΜΤ.
569 1311 668 1344 Τοῐῃ.
695 1311 740 1352 ΙΙ,
767 1322 799 1353 p.
825 1312 881 1343 23.
931 1309 996 1342 Est
1019 1309 1216 1351 ‚exstinctus
1241 1308 1336 1341 focus
1360 1317 1512 1340 summae
1536 1316 1620 1350 pau-

271 1378 425 1421 pertatis.
475 1378 630 1421 Opponit
667 1378 817 1411 Vossms
856 1375 934 1409 huic
972 1376 1107 1409 lectioni
1142 1385 1219 1408 cum
1258 1375 1354 1415 aliis,
1394 1373 1620 1417 praecessisse

272 1443 388 1487 paullo
421 1447 500 1476 ante
536 1443 624 1476 idem
662 1442 812 1476 verbum.
873 1441 943 1475 Sed
977 1440 1057 1474 nihil
1086 1440 1295 1483 frequentius
1320 1438 1409 1482 apud
1434 1438 1620 1479 Tibullum,

271 1509 348 1543 vide
382 1509 605 1544 HuscnKmM
640 1508 682 1541 ad
717 1518 747 1541 v.
774 1510 831 1540 50.
869 1510 904 1539 et
939 1506 1266 1539 mennnmcnmm
1292 1505 1325 1537 in
1354 1504 1548 1537 Observatt.
1577 1503 1620 1536 ad

268 1577 296 1619 Ι,
319 1579 352 1618 9,
378 1580 435 1611 67.
471 1576 529 1619 qui
563 1576 665 1609 etiam
691 1575 872 1617 Virgilium
903 1578 1090 1618 comparat.
1139 1573 1199 1606 Sic
1225 1574 1257 1605 in
1282 1571 1347 1605 hoc
1371 1573 1444 1614 ipso
1471 1571 1618 1602 carmine

270 1647 322 1675 est
347 1653 376 1676 v.
402 1645 460 1676 39.
495 1641 690 1686 antiquas,
724 1651 758 1673 v.
785 1642 841 1672 42.
868 1637 1034 1684 antiqno,
1074 1648 1154 1670 mox
1191 1648 1221 1670 v.
1248 1639 1303 1669 45.
1339 1635 1464 1677 iuvat,
1503 1647 1534 1670 v.
1561 1638 1618 1669 48.

268 1707 427 1740 iuvante.
487 1708 600 1748 Atque
625 1709 664 1738 ut
695 1705 780 1738 alios
808 1704 993 1747 scriptores⁴
1017 1703 1217 1744 afferamus,
1253 1702 1330 1735 vide
1356 1702 1550 1735 DRAKBNB.
1576 1702 1618 1735 ad

270 1773 345 1806 Liv.
370 1773 396 1814 I,
417 1775 450 1814 3,
475 1774 508 1806 9.
558 1772 742 1806 ΗΕυειΝα.
776 1771 817 1804 ad
837 1771 964 1804 .Cicer.
999 1770 1043 1804 de
1076 1770 1144 1803 Off.
1173 1770 1200 1811 Ι,
1225 1772 1282 1810 20,
1310 1772 1365 1803 10.
1414 1769 1512 1802 Adde
1536 1768 1617 1802 ibid.

269 1839 296 1880 l,
322 1840 354 1879 4,
379 1841 412 1873 9.
445 1841 503 1881 21,
529 1841 563 1871 3.
602 1839 664 1880 ΙΙΙ,
690 1841 722 1880 4,
751 1842 806 1872 15.
842 1841 900 1879 30,
925 1841 957 1871 9.
1017 1838 1111 1871 Inter
1139 1838 1293 1870 Graecos
1318 1836 1407 1880 apud
1431 1836 1617 1869 Homerum

267 1905 357 1938 idem
382 1907 416 1939 in
442 1915 643 1948 unaquaque
669 1906 793 1948 pagina
828 1907 991 1950 reperias.
1050 1905 1124 1939 Nec
1149 1905 1222 1948 ipse
1247 1905 1459 1937 SOPHOGLES
1494 1903 1616 1938 talibus

268 1974 528 2017 repetitionibus
563 1974 745 2014 abstinuit,
784 1974 887 2006 veluti
918 1973 1048 2008 Electr.
1077 1976 1149 2006 580
1174 1983 1247 2015 sqq.
1307 1974 1420 2015 Atque
1454 1972 1617 2016 imprimis

269 2041 429 2082 frequens
468 2051 522 2074 res
558 2041 649 2084 apud
685 2040 884 2084 Euripidem
925 2044 996 2082 est,
1036 2040 1079 2073 de
1117 2050 1182 2082 qua
1221 2039 1307 2072 dixit
1344 2039 1532 2072 Vnmxmv.
1574 2037 1616 2070 ad

271 2108 449 2142 Phoeniss.
476 2121 508 2152 p.
534 2109 614 2141 210.
645 2108 718 2157 *Ad
743 2108 918 2141 Tibullum
943 2112 981 2140 ut
1006 2107 1163 2149 redeam,
1195 2107 1330 2150 quidam
1357 2106 1457 2140 etiam
1484 2105 1526 2138 de
1552 2116 1615 2149 op-

271 2175 438 2218 positione
463 2175 675 2216 cogitarunt,
702 2173 801 2205 labor
829 2173 996 2206 assiduus
1024 2190 1065 2198 -—
1093 2172 1236 2205 assiduo
1262 2171 1363 2217 igne,
1395 2171 1486 2214 quod
1511 2170 1614 2204 nihili.

272 2242 385 2282 Atque
411 2239 494 2274 haec
520 2239 691 2274 hactenus.
742 2240 859 2272 Altera
892 2239 994 2271 lectio
1023 2238 1151 2282 exiguo
1187 2238 1350 2282 probatur
1381 2237 1423 2270 ab
1452 2237 1615 2277 Hermo,

272 2306 511 2347 Eicnsvmmo,
538 2307 848 2347 wilh-namneum,
876 2305 1027 2345 Vossm3
1056 2304 1115 2337 sed
1141 2303 1336 2346 designaret
1362 2304 1507 2345 exiguus
1529 2301 1616 2344 ignis

271 2371 435 2404 bominem
472 2372 503 2404 in
541 2382 663 2414 magna
698 2371 811 2414 inopia
845 2371 1030 2411 viventem,
1068 2370 1202 2412 qualem
1234 2368 1395 2402 describit
1427 2367 1615 2399 Llsomlns

269 2440 437 2473 TARENT.
472 2450 525 2482 cp.
552 2439 627 2473 LV.
663 2434 754 2482 neret}
781 2451 815 2470 oa
845 2439 1086 2482 τιεριοιέψιιιτυ
1113 2433 1233 2481 καλιή,
1268 2433 1307 2479 ἢν
1332 2431 1465 2467 θάλποι
1497 2430 1614 2473 μικκὸν

270 2505 338 2549 ,7179
363 2502 623 2544 drancczdflrrov,
649 2506 739 2548 quod
766 2517 784 2538 a
809 2505 936 2538 Tibulli
962 2504 1154 2538 conditione
1179 2504 1325 2536 alienum
1351 2506 1413 2535 cst.
1437 2518 1480 2525 -·
1518 2501 1614 2534 Vidi-

269 2583 343 2606 mus
376 2572 574 2609 exordiumz
615 2583 702 2605 nunc
729 2574 817 2606 enim
844 2574 886 2607 ad
917 2573 1175 2606 illustrationem
1201 2568 1388 2603 sententiae
1419 2567 1612 2611 propositae

273 2637 394 2681 pergit.
