1721 2953
274 124 346 150 xvi
820 109 896 150 DE
940 109 1075 151 VITA

272 230 406 277 elegias
433 227 576 278 scripsit
611 223 769 263 Tibullus
777 251 787 272 ,
822 223 1021 264 Vratislao.
1054 226 1199 264 1831.”
1229 231 1316 264 tum
1347 239 1435 265 eam
1466 226 1623 275 factam,

272 319 364 345 cum
400 303 581 355 primum
622 308 731 339 aetas
769 299 956 340 militaris
995 297 1048 339 ad
1087 299 1290 353 stipendia
1328 309 1496 340 vocaret
1525 301 1623 342 ado-

270 383 487 420 lescentem
519 392 542 416 a
571 377 663 416 foco
694 376 815 417 avito,
884 376 981 417 Fuit
1011 385 1147 416 autem
1179 385 1286 416 aetas
1315 377 1499 417 militaris
1527 377 1623 418 inde

271 459 322 497 ab
363 469 471 495 anno
513 452 668 493 decimo
710 454 906 506 septimo,
947 461 994 493 ut
1023 461 1202 505 constat3
1243 466 1372 506 quare
1403 453 1498 493 circ.
1520 442 1624 492 'anm

272 537 368 573 712.
406 530 570 571 videtur
608 536 776 581 penates
815 529 1055 582 reliquisse3
1095 529 1315 570 Passovius
1354 526 1521 568 dilatam
1550 528 1624 567 ali-

271 616 373 664 quot
403 619 533 647 annos
562 606 861 658 profectionem
889 615 1028 658 putat,
1062 615 1108 646 ut
1137 607 1230 646 circ.
1263 608 1358 645 715.
1388 605 1531 656 viginti
1552 619 1624 644 an-

272 698 422 724 norum
451 680 686 721 adolescens
717 695 880 721 carmen
909 679 1134 720 indicatum
1163 682 1390 734 scr1pserit,
1429 679 1500 721 sed
1531 695 1625 722 cau-

270 774 356 800 sam
396 758 653 798 coniecturae
693 755 894 796 desidero.
965 757 1065 796 Post
1103 755 1324 796 discessum
1360 758 1495 809 potuit
1524 757 1625 797 acci-

272 835 369 875 dere
398 835 496 882 ista,
527 847 651 886 qumn
681 841 774 872 ante
798 835 1047 882 memoravi,
1079 834 1280 873 calamitas
1298 832 1483 886 praedio.
1540 833 1626 872 Ab·

271 911 350 951 suit
380 909 463 949 diu.
520 907 657 948 Rediit
689 917 796 948 certe
837 909 928 948 circ.
961 912 1057 948 722.
1122 907 1231 948 Nam
1272 908 1480 962 equitibus
1520 905 1627 948 dena

271 984 473 1039 stipendia
501 983 688 1024 facienda
718 992 836 1023 erant
858 984 1187 1036 Polybio-teste,
1219 982 1331 1036 quod
1364 985 1627 1024 observatum

276 1065 363 1105 sere
393 1063 524 1102 libera
552 1061 765 1113 republica
796 1059 989 1101 credibile
1021 1069 1092 1110 est,
1122 1058 1254 1100 donec
1282 1056 1426 1112 pbstea
1455 1059 1531 1098 sub
1550 1059 1627 1098 im-

270 1139 531 1195 peratoribus
585 1137 710 1176 varie'
740 1144 1001 1174 mutarentur
1054 1136 1164 1186 leges
1213 1135 1410 1174 militares
1453 1134 1628 1186 priores.

271 1220 325 1258 At
364 1216 548 1257 confecta
586 1210 788 1264 stipendia
828 1211 1007 1251 declarat
1044 1210 1159 1251 haud
1199 1211 1372 1250 obscure
1411 1210 1456 1248 in
1501 1209 1628 1259 elegia

272 1294 405 1345 prima
432 1290 529 1329 libri
557 1287 702 1339 primi,
743 1300 848 1338 quae
880 1300 975 1324 ann.
1007 1289 1101 1324 723.
1131 1286 1303 1336 scripta,
1333 1285 1407 1323 ubi
1437 1282 1488 1322 ad
1517 1284 1627 1322 iner-

273 1378 356 1408 tem
384 1368 508 1406 vitam
537 1378 648 1403 nunc
678 1363 852 1402 transire
883 1377 925 1402 se
956 1363 1059 1402 velle
1093 1369 1261 1401 testatur
1291 1375 1329 1400 v.
1361 1364 1420 1408 5.,
1459 1372 1558 1399 mox
1589 1374 1627 1399 v.

277 1449 342 1483 25.
372 1443 472 1482 haec
502 1439 662 1479 scribit:

445 1515 533 1555 Iam
561 1512 723 1554 modico
753 1526 924 1566 possum
957 1519 1173 1552 contentus
1203 1512 1343 1552 vivere
1372 1512 1416 1551 in
1447 1523 1572 1561 arvo,

505 1591 592 1632 Nec
623 1605 787 1643 semper
815 1592 963 1641 longae
995 1588 1156 1628 deditus
1190 1602 1275 1627 esse
1304 1588 1409 1627 viae.

278 1672 440 1713 Etenim
477 1668 614 1709 redux
650 1682 671 1706 e
701 1668 819 1707 bellis
859 1668 1101 1706 innotuerat
1128 1665 1190 1704 M.
1219 1663 1390 1703 Valerio
1427 1660 1629 1699 Messalae

277 1748 486 1796 Corvino,
527 1744 592 1784 cui
629 1756 729 1782 mox
769 1743 916 1781 eximie
962 1741 1128 1793 placuit.
1187 1737 1380 1778 Creditur
1410 1734 1577 1789 quidem
1608 1749 1631 1772 a

278 1820 524 1878 quibusdam
554 1819 733 1859 carmine
760 1816 1028 1868 gratulatorio
1058 1815 1132 1863 IV,
1155 1817 1195 1854 1.
1224 1827 1267 1854 se
1285 1813 1383 1853 huic
1406 1811 1496 1852 viro
1520 1823 1630 1849 com-

278 1898 512 1946 mendasse,
543 1909 636 1936 eum
664 1895 698 1933 is
729 1907 825 1932 ann.
860 1895 954 1932 723.
987 1891 1246 1930 consulatum
1273 1890 1408 1935 iniret,
1439 1884 1511 1926 sed
1528 1882 1631 1924 illud

281 1990 445 2018 carmen
474 1973 549 2013 etsi
576 1984 724 2011 revera
747 1971 819 2009 illo
848 1977 1035 2022 tempore
1063 1967 1261 2018 scriptum
1291 1979 1314 2003 a
1344 1964 1496 2003 iuvene
1527 1971 1631 2013 quo-

282 2052 395 2101 dam,
427 2050 521 2104 qui,
550 2056 610 2088 ut.
627 2048 695 2087 alii
722 2047 861 2095 multi,
900 2053 1062 2098 partem
1101 2055 1295 2095 agrorimi
1330 2037 1631 2092 proscriptione

282 2129 481 2176 amiserat,
511 2124 678 2165 Tibullo
698 2122 826 2161 tribui
846 2134 933 2160 non
954 2119 1106 2159 debere
1130 2118 1239 2158 infra
1262 2117 1306 2156 in
1326 2111 1632 2154 introductione

284 2203 545 2256 explicationi
570 2200 768 2253 poematis
798 2199 1022 2251 praemissa
1051 2195 1242 2235 disertius
1273 2187 1458 2231 ostendo.
1526 2182 1633 2224 Illud

283 2294 448 2327 verum,
480 2278 627 2317 eximie
657 2275 856 2328 placuisse
885 2280 1049 2325 poetam
1077 2269 1300 2315 Messalae,
1332 2280 1356 2304 a
1381 2276 1465 2317 quo
1493 2263 1556 2301 bis
1583 2259 1635 2300 ad

287 2356 519 2394 societatem
548 2353 644 2391 belli
672 2352 866 2391 invitatus
897 2358 978 2398 est,
1016 2356 1063 2388 ut
1087 2352 1325 2387 versaretur
1359 2343 1404 2381 in
1441 2338 1634 2379 comitatu

289 2431 374 2469 eius
406 2438 445 2467 ct
474 2427 583 2466 dona
618 2427 807 2465 militaria
844 2432 1096 2472 mereretur,
1141 2433 1224 2474 quo
1260 2427 1344 2458 tam
1384 2412 1636 2453 familiariter

291 2517 385 2543 usus
419 2511 478 2541 cst
509 2515 640 2553 usquc
676 2499 727 2539 ad
764 2500 886 2539 finem
918 2499 1049 2547 vitae,
1089 2505 1135 2536 ut
1159 2507 1280 2535 suum
1314 2491 1418 2531 dicat
1449 2497 1488 2527 et
1520 2500 1635 2538 egre-

290 2580 362 2629 giis
389 2578 636 2618 carminibus
670 2577 937 2616 celebraverit
962 2576 1098 2626 ipsum
1120 2581 1160 2611 ct
1186 2571 1325 2610 filium.
1382 2568 1430 2606 Et
1457 2565 1635 2617 primum
