1721 2953
513 164 654 203 LIBR.
686 163 757 202 lv.
819 164 983 204 (filim.
1016 166 1046 203 Ι.
1356 174 1434 207 38ζί

100 292 219 326 perare
247 283 380 315 studeat
406 287 439 313 et
466 281 572 313 maius
597 280 669 323 ipse
694 280 837 321 posteris
865 279 994 311 futurus
1019 281 1061 312 sit
1087 280 1211 321 decus,
1237 291 1336 323 quam
1364 292 1436 314 ma-

98 351 189 383 iores
224 349 289 382 sibi
322 349 399 381 sint.
450 347 586 389 Magnis
624 345 847 379 voluminibus
882 356 966 388 opus
998 345 1070 379 sore
1104 346 1146 379 ad
1173 350 1283 380 tantas
1309 349 1435 389 laudes,

99 415 220 457 quibus
256 412 414 447 canendis
449 412 506 454 qui
535 411 696 445 certaturi
720 410 787 443 sint
821 414 942 454 poetae
975 416 1008 444 et
1035 412 1211 455 pedestres
1241 414 1435 457 scriptores,

98 481 130 512 in
167 479 216 512 his
252 482 290 511 ut
327 478 400 520 ipse
437 477 546 510 victor
578 476 623 509 sit
655 478 759 519 optat.
821 475 906 508 Post
943 475 1005 509 boc
1046 479 1221 512 exordium
1264 480 1300 512 in
1345 480 1434 511 (luas

92 551 218 590 partes
250 543 415 589 dispescit
443 547 712 589 argumentum:
748 546 801 575 est
826 541 973 575 Messala
999 548 1114 577 orator
1139 546 1278 587 insignis
1302 550 1336 578 et
1361 546 1435 578 bel-

96 613 179 646 licus
211 611 282 644 dux
299 636 309 652 ,
347 621 410 643 nec
443 610 508 643 dici
535 613 648 653 potest
672 612 750 642 utro
777 609 811 642 in
845 619 970 651 genere
995 612 1099 644 maior
1123 612 1186 653 sit,
1224 612 1282 644 sed
1309 613 1436 655 pariter

96 678 234 712 excellit
259 678 292 710 in
318 681 474 719 utroque.
523 678 573 710 Ac
604 675 757 721 primum
790 675 928 722 quidem
961 676 1003 710 de
1030 679 1222 720 eloquentia
1248 680 1338 721 agit,
1372 679 1433 711 sed

95 743 262 784 breviter,
294 743 389 776 cuius
422 743 471 775 vis
504 752 617 776 coram
654 742 778 786 populo
810 746 844 775 et
875 743 907 775 in
941 742 1072 776 iudiciis
1097 749 1291 788 spectetur3
1329 756 1430 788 posse

95 809 264 842 neminem
298 807 420 841 melius
446 817 574 855 'regere
608 811 643 840 et
677 807 796 841 sedare
830 807 960 841 animos
996 808 1149 844 dicendo,
1199 811 1236 843 In
1262 822 1329 854 quo
1355 822 1432 844 eum

96 874 198 907 etiam
223 873 363 907 Nestori
388 877 423 906 et
447 872 562 915 Ulyssi
588 872 758 916 praefert,
780 873 859 906 licet
884 873 941 906 ille
968 874 1030 906 tria
1056 875 1189 908 saecula
1214 876 1356 918 vixerit,
1380 875 1432 909 liic

93 939 260 972 diuturnis
295 938 466 972 erroribus
500 948 562 982 per
595 939 711 972 orbem
750 940 855 972 multa
888 939 1067 982 didicerit3
1103 952 1143 975 ac
1175 952 1250 975 cum
1287 942 1432 976 fatorum

93 1005 227 1047 Ulyssis
247 1005 515 1038 memorabilium
537 1005 762 1038 narrationem
789 1006 889 1038 etiam
915 1009 1068 1038 ornatum
1095 1007 1231 1039 carmini
1255 1007 1431 1040 allaturam

93 1067 249 1102 crederet
281 1071 403 1111 poeta,
443 1072 608 1109 evagatur
643 1068 775 1110 longius
809 1071 844 1101 et
877 1071 985 1101 totum
1019 1079 1169 1102 errorum
1204 1069 1354 1102 ordinem
1389 1070 1430 1102 ad

92 1134 192 1166 finem
218 1132 444 1176 persequitur.
493 1132 557 1164 His
594 1132 757 1165 absolutis
790 1132 833 1165 ad
866 1132 1016 1165 alteram
1052 1145 1165 1166 rerum
1194 1139 1352 1178 partem,
1389 1135 1432 1167 ad

91 1199 270 1231 militarem
308 1197 478 1230 Messalae
516 1196 647 1230 laudem
684 1197 943 1240 praedicandam
979 1198 1102 1240 pergit.
1167 1199 1278 1234 Quem
1321 1199 1431 1232 locum

92 1260 139 1293 ita
164 1260 332 1300 tractavit,
360 1263 398 1292 ut
422 1259 589 1302 gradatim
614 1270 634 1292 a
660 1260 842 1292 minoribus
867 1260 909 1293 ad
935 1261 1062 1293 maiora
1088 1265 1122 1293 et
1147 1262 1290 1294 maxima
1311 1272 1432 1305 proce-

92 1324 209 1366 deret,
247 1329 281 1357 et
316 1328 487 1368 postremo
522 1328 648 1356 tantam
676 1323 752 1356 huic
785 1324 856 1356 viro
884 1324 1048 1366 praedicit
1072 1326 1238 1367 gloriam,
1273 1331 1431 1368 quantam

91 1399 189 1421 nemo
215 1388 407 1421 mortalium
431 1392 608 1420 assecutus
634 1392 695 1420 est.
747 1387 887 1419 Orditnr
921 1398 1001 1421 vero
1027 1400 1046 1421 a
1073 1390 1193 1432 peritia
1221 1392 1432 1423 castrimeta-

89 1454 190 1487 tionis
214 1457 250 1487 et
275 1453 426 1494 ramices,
451 1453 524 1486 sine
548 1463 615 1496 qua
641 1452 750 1486 bonus
775 1452 843 1485 dux
865 1463 940 1486 esse
965 1454 1094 1496 nequit,
1119 1459 1189 1487 tum
1215 1455 1304 1488 facta
1329 1467 1432 1498 egre-

88 1520 146 1562 gia
170 1519 342 1561 celebrat,
374 1518 499 1552 bellum
525 1519 568 1552 ab
594 1519 783 1553 Octaviano
808 1520 842 1553 in
874 1520 1012 1561 Illyrico
1038 1524 1072 1552 et
1097 1520 1273 1553 Pannonia
1298 1526 1432 1564 gestum

87 1595 298 1626 memorans,
322 1585 356 1617 in
382 1594 449 1627 quo
474 1584 646 1617 Messalae
672 1585 834 1626 egregiae
859 1588 972 1627 partes
997 1585 1139 1618 fuerant.
1190 1585 1264 1619 Nec
1290 1591 1430 1619 conten-

87 1657 140 1684 tus
175 1651 332 1684 laudasse
367 1650 570 1693 praeterita,
611 1659 711 1692 porro
747 1650 850 1682 etiam
884 1649 926 1681 ad
960 1649 1071 1682 futura
1106 1651 1236 1693 pergit,
1280 1662 1367 1694 quae
1394 1654 1424 1685 in

85 1723 259 1763 posterum
292 1727 353 1761 per
386 1717 503 1750 orbem
536 1720 700 1749 terrarum
734 1715 882 1748 Messala
915 1719 1074 1759 gesturus
1106 1717 1160 1750 sit.
1218 1717 1304 1751 Cum
1339 1720 1427 1752 enim

86 1785 202 1818 consul
239 1787 373 1817 creatus
410 1792 517 1825 nuper
555 1781 719 1815 Kalendis
756 1780 919 1814 Ianuariis
956 1782 1192 1824 magistratum
1229 1784 1427 1816 solemniter

85 1851 339 1895 auspicaretur,
374 1854 442 1882 tam
475 1848 651 1882 manifesta
676 1849 774 1891 signa
807 1848 930 1881 favoris
955 1848 1096 1882 deorum
1122 1859 1197 1883 esse
1223 1851 1314 1892 visa,
1351 1857 1427 1884 orto

86 1927 147 1960 per
178 1917 368 1949 universam
403 1925 514 1949 rerum
548 1919 702 1948 naturam
728 1919 806 1959 post
841 1916 991 1959 priorum
1016 1916 1180 1949 mensium
1206 1921 1428 1960 tempestates

85 1982 171 2014 miro
203 1981 337 2014 silentio
374 1983 409 2013 et
445 1981 710 2022 tranquillitate,
751 1984 789 2012 ut
823 1979 968 2012 dubitari
1005 1985 1152 2022 nequeat
1184 1983 1362 2016 maximam
1398 1985 1428 2017 ei

83 2045 229 2088 gloriam
263 2044 476 2078 destinatam.
526 2045 695 2078 Messalae
730 2055 793 2077 nec
827 2045 940 2077 Gallia
974 2055 1036 2078 nec
1072 2046 1235 2090 Hispania
1269 2049 1428 2082 resistere

83 2111 229 2155 poterit,
251 2112 299 2144 ait
326 2116 445 2154 poeta,
471 2115 505 2144 et
531 2121 606 2144 cum
632 2111 773 2143 instaret
798 2111 923 2143 bellum
948 2111 1110 2144 adversus
1135 2113 1335 2155 Antonium,
1370 2115 1427 2156 qui

85 2178 260 2211 orientalis
298 2178 433 2221 imperii
473 2179 580 2221 copiis
618 2178 789 2220 sociisque
829 2178 941 2225 multis
986 2178 1195 2222 imperabat,
1243 2184 1431 2221 auguratur

83 2253 188 2286 porro
214 2253 290 2275 eum
317 2242 464 2275 Africam
491 2247 525 2275 et
551 2245 747 2285 Aegyptum
784 2246 818 2274 et
844 2242 958 2275 Asiam
983 2243 1172 2277 universam
1198 2255 1274 2278 cum
1300 2245 1428 2278 victore

85 2308 238 2341 exercitu
265 2311 522 2351 peragraturum
548 2317 655 2349 usque
679 2306 722 2339 ad
748 2307 876 2339 Oceani
902 2307 1081 2341 ambientis
1114 2309 1233 2342 undas.
1283 2309 1352 2342 Sed
1385 2321 1428 2343 ne

82 2374 136 2407 hic
161 2374 295 2417 quidem
323 2384 434 2407 rerum
459 2374 534 2406 finis
555 2373 638 2415 erit3
695 2373 809 2406 datum
837 2377 888 2406 est
913 2373 1035 2407 bomini
1061 2376 1240 2417 singulari,
1265 2380 1302 2408 ut
1327 2377 1427 2409 etiam

82 2443 116 2474 in
152 2442 294 2474 alteram
328 2445 458 2484 partem
495 2440 587 2473 orbis
624 2444 782 2483 penetret
818 2450 1008 2482 zonamque
1042 2444 1223 2474 australem
1261 2442 1427 2475 sactorum

82 2516 218 2540 suorum
251 2507 433 2551 splendore
463 2506 614 2549 impleat.
663 2506 702 2538 In
728 2517 795 2548 quo
822 2511 922 2550 poeta
948 2516 1033 2539 nova
1059 2506 1268 2549 digressione
1295 2510 1426 2541 intexta

83 2577 192 2605 totum
224 2573 337 2606 locum
372 2572 414 2605 de
449 2572 614 2604 divisione
650 2581 810 2604 zonarum
846 2572 995 2615 exponit.
1046 2574 1156 2613 Atque
1183 2571 1265 2605 llaec
1290 2573 1425 2615 quidem

87 2637 129 2670 de
155 2637 314 2671 Messala.
363 2638 527 2680 Sequitur
561 2636 715 2670 exitus
749 2636 914 2669 carminis.
964 2637 1107 2670 Fatetur
1131 2648 1218 2672 nunc
1243 2639 1362 2672 iteruin
1388 2649 1424 2671 se
