1721 2953
485 140 629 184 LIBR.
660 141 710 196 11.
767 139 925 182 ELEG.
958 141 1028 181 III.
1346 147 1428 182 237

83 259 273 305 praesentia
299 256 474 299 Nemesis,
505 255 566 289 sed
592 255 758 296 virentes,
785 254 902 297 quales
928 259 1007 289 sunt
1031 265 1132 290 verno
1160 259 1323 301 tempore.
1375 258 1424 291 Ac

81 326 229 360 virentes
259 325 359 359 etiam
393 323 604 356 Huscumns
641 322 903 366 interpretatur,
945 333 1147 366 quamquam
1173 333 1239 356 non
1271 324 1428 366 cogitans

82 392 125 426 de
150 395 265 425 nostra
289 391 393 423 totius
418 388 483 422 loci
509 389 800 431 interpretatione.
862 387 991 421 Notum
1016 398 1096 422 vero
1123 387 1222 421 latas
1247 391 1282 422 et
1307 387 1427 421 laetus

81 457 276 491 solemniter
307 454 465 489 confundi
492 454 523 487 in
550 454 663 494 libris,
702 451 768 486 vid.
794 451 913 485 Romu.
939 453 981 485 ad
1007 453 1106 486 Ovid.
1131 452 1241 497 Epist.
1266 453 1345 495 XII,
1371 455 1428 488 46.

81 525 193 564 Atque
222 520 302 554 llaec
327 520 463 563 quidem
489 519 531 552 de
557 517 723 562 epitheto.
775 517 825 551 Ad
851 529 881 551 ν.
907 520 937 551 4.
964 519 1006 551 ab
1035 519 1184 553 HssYNxo
1211 525 1430 563 comparatur

80 590 185 623 Amor
216 599 315 622 araus
348 587 438 631 apud
472 587 654 620 Moscuum
688 590 792 628 atque
828 586 930 619 etiam
966 587 998 619 in
1032 589 1173 629 gemmis
1210 588 1355 631 passim3
1394 593 1431 622 at

80 667 147 690 non
180 655 233 689 hic
263 666 383 689 seusus
416 655 462 688 ibi
497 653 637 695 subest,
670 653 731 686 sed
759 653 871 696 potius
897 653 938 686 ad
965 661 1149 688 amatorem
1175 655 1336 690 alluditur
1359 657 1430 699 qui,

80 719 119 756 ut
143 733 223 756 mox
247 721 405 754 Tibullus
429 720 551 762 faciet,
586 719 730 752 rusticos
756 718 892 751 labores
917 729 981 752 non
1009 724 1142 753 recusat
1167 726 1306 765 propter
1330 724 1429 767 puel-,-

80 789 158 822 lam.
214 788 396 821 Postremo
434 785 476 819 ad
515 789 624 818 totum
660 785 773 817 locum
813 794 890 817 cum
925 786 1000 817 aliis
1036 786 1155 820 confer
1191 788 1427 832 imitationem,

81 865 181 898 quam
218 855 357 896 elegans
399 855 500 896 poeta
538 851 738 885 Hmmcms
772 850 944 883 S'rnozzA
986 849 1088 884 habet
1127 852 1199 886 libr.
1227 853 1254 886 Ι.
1292 855 1428 888 Amorr-

81 921 171 963 eleg.
198 922 231 953 1.
279 918 399 961 „Rura
425 921 505 962 peto
530 917 711 959 valeatque
737 915 846 950 forum
871 917 1073 960 valeantque
1098 919 1252 962 sodales3
1287 920 1334 954 Et
1358 922 1430 956 Ve-

80 997 143 1021 nus
167 990 204 1021 et
225 987 372 1021 Veneris
397 985 500 1018 cessit
525 985 557 1018 iu
582 995 661 1018 arva
686 994 782 1028 puer.
829 984 946 1018 Pascit
971 985 1076 1018 Amor
1101 997 1225 1030 pecus,
1249 991 1284 1020 at
1308 998 1427 1021 nume-

78 1063 154 1088 rum
181 1051 351 1095 Cytherea
380 1054 557 1092 recenset3
592 1050 740 1085 vomere
773 1049 856 1082 dura
888 1051 983 1092 gravi
1016 1050 1135 1093 iugera
1160 1051 1255 1085 findit
1279 1053 1427 1095 Hymen.

79 1117 127 1152 Et
150 1118 318 1151 dominam
342 1118 505 1151 mirantur
530 1127 633 1159 oves,
657 1116 896 1160 dominumque
922 1118 1112 1160 volucrem,
1139 1119 1342 1163 vicinasque
1368 1130 1427 1153 ru-

80 1183 131 1216 dis
155 1182 319 1217 combibit
342 1193 430 1225 agna
455 1182 559 1216 faces.
607 1182 692 1216 Plus
724 1182 825 1215 solito
851 1182 1009 1227 petulans
1041 1183 1130 1217 aries
1154 1185 1251 1228 salit,
1290 1186 1425 1229 ictaque

80 1251 181 1285 tellus
212 1249 328 1285 Sentit
358 1250 484 1284 aratori
518 1260 640 1284 numen
666 1250 779 1284 inesse
809 1250 908 1284 suo.“
931 1267 975 1275 —
1014 1249 1055 1284 V.
1082 1254 1104 1284 5
1130 1263 1180 1295 sq.
1229 1263 1322 1287 cum
1357 1254 1429 1287 ad-

78 1316 260 1359 spicere
271 1325 316 1347 m·
363 1314 510 1347 Temere
535 1314 686 1347 Vossms
711 1318 752 1346 ut
778 1315 933 1358 scripsit,
975 1325 1039 1349 nec
1063 1316 1190 1350 arridet
1216 1318 1297 1350 dam
1324 1320 1427 1354 etiam

80 1381 122 1415 ab
148 1381 340 1414 Huscmuo
370 1379 512 1422 aliisque
537 1379 745 1424 repositum,
782 1379 885 1412 immo
914 1380 1023 1412 rarior
1046 1381 1200 1414 iunctura
1226 1381 1323 1417 liuius
1347 1396 1428 1429 par-

78 1447 202 1481 ticulae
234 1456 310 1480 cum
345 1444 538 1489 imperfecti
572 1443 808 1485 coniunctis-o,
847 1444 1071 1488 scriptoribus
1108 1446 1165 1479 ubi
1200 1448 1274 1481 fieri
1312 1453 1427 1493 potest

77 1513 151 1547 fere
183 1524 261 1544 cam
295 1510 576 1556 praeferentibus.
625 1508 738 1553 Igitur
770 1513 946 1543 teneamus
975 1522 1064 1543 cum.
1112 1512 1246 1557 Nempe
1279 1524 1345 1547 non
1378 1515 1428 1548 sio

77 1578 120 1612 ad
161 1589 264 1612 unum
303 1577 461 1620 idemque
500 1566 710 1610 momentum
750 1576 913 1619 temporis
949 1576 1121 1620 pertinere
1160 1579 1232 1611 vult
1269 1579 1425 1613 Tibullus

77 1645 181 1678 verba
209 1644 421 1688 adspicerem
454 1646 488 1675 et
520 1653 712 1675 versarem,
749 1641 843 1683 quasi
877 1642 1008 1674 nonnisi
1034 1642 1121 1675 inter
1151 1643 1302 1685 labores,
1336 1645 1426 1677 iuter

77 1710 209 1743 calores
233 1709 314 1743 solis
339 1708 515 1752 adspicere
539 1707 609 1739 ruri
643 1706 758 1750 cupiat
783 1706 974 1748 dominam,
1015 1708 1104 1750 quod
1131 1713 1222 1742 esset
1249 1708 1329 1741 dam
1356 1709 1425 1741 acl-

76 1776 258 1821 spic-erem,
296 1775 339 1808 cf.
365 1776 515 1809 Vmem.
542 1775 673 1816 Georg.
703 1773 763 1815 lv,
788 1775 889 1814 457„
926 1773 986 1807 sed
1023 1774 1120 1807 latior
1155 1778 1207 1807 est
1232 1768 1426 1808 necessario

78 1852 207 1876 sensus.
258 1841 343 1874 Cum
368 1841 438 1874 ruri
459 1850 607 1881 versanS,
633 1840 693 1882 ait,
717 1839 928 1883 adspicerem
951 1839 1095 1873 subinde
1118 1839 1298 1883 dominam,
1324 1852 1425 1884 quam

78 1910 214 1944 fortiter
239 1919 300 1954 pro
325 1908 386 1942 liac
411 1908 576 1942 felicitate
600 1907 799 1941 durissimos
825 1908 959 1941 labores
981 1908 1128 1941 subirem
1156 1908 1346 1951 (wlilzrend
1368 1909 1426 1942 iclz

77 1988 122 2008 zu
148 1975 272 2009 Zeiten
296 1973 445 2006 sclzaute
479 1973 533 2005 die
559 1972 712 2009 Herrisz,
750 1972 813 2005 wie
839 1972 987 2018 'tiiclztig
1021 1973 1137 2005 wollle
1172 1973 1229 2005 ich
1263 1973 1428 2020 &brigen-5·

77 2040 266 2084 arbeiten).
317 2041 431 2083 Atque
460 2038 525 2073 hoc
561 2042 711 2083 praestat
746 2038 911 2083 particula
944 2050 1040 2074 cum,
1077 2038 1238 2072 differens
1263 2038 1327 2073 hoc
1350 2041 1427 2084 ipso

75 2107 211 2140 nomine
237 2117 256 2139 a
283 2105 376 2139 dum.
425 2105 484 2138 Sic
509 2104 588 2140 Tib.
611 2104 639 2146 I,
666 2107 723 2146 10,
750 2107 814 2138 15:
855 2103 1000 2136 aluistis
1024 2109 1060 2136 et
1093 2104 1204 2146 idem,
1241 2107 1427 2139 Cursarem

76 2177 212 2204 vestros
239 2182 317 2203 curn
343 2176 440 2202 tener
472 2175 556 2202 onte
587 2169 710 2214 pedes,
749 2180 816 2203 non
848 2173 984 2214 poterat
1009 2170 1095 2218 bene
1120 2171 1207 2205 dici:
1249 2183 1426 2205 cursorem

75 2243 211 2269 vestros
237 2235 318 2268 dum
344 2242 440 2268 tener
465 2241 548 2266 ante
570 2234 694 2278 pedes,
730 2235 825 2278 quasi
850 2245 992 2279 puerum
1019 2236 1150 2270 nonnisi
1176 2238 1264 2270 inter
1288 2247 1424 2271 cursum

74 2303 229 2338 aluerint.
287 2301 361 2335 Nec
386 2312 417 2335 v.
443 2304 476 2334 7.
504 2300 583 2335 ibid.
610 2300 716 2334 dixit:
750 2311 811 2332 nec
838 2298 929 2332 bella
957 2299 1140 2346 fuerunt,
1172 2302 1335 2348 Faginus
1360 2303 1428 2334 (zd-

75 2367 199 2401 stahczt
226 2367 307 2400 dum
333 2367 488 2412 scyphus
515 2373 598 2398 onte
627 2367 754 2411 dapes,
789 2367 880 2410 quod
906 2368 1058 2412 ineptum
1083 2368 1226 2410 suisset,
1251 2370 1310 2403 sed
1338 2382 1428 2401 cum.

76 2433 187 2466 Recte
205 2444 286 2467 vero
309 2433 390 2473 (ἷαηι
416 2432 469 2465 hic
488 2433 601 2465 statim
623 2433 736 2476 paullo
761 2436 840 2476 post
866 2443 897 2466 v.
918 2435 973 2466 19.
999 2434 1135 2475 legitur.
1184 2435 1282 2468 Haec
1308 2434 1427 2469 hacte-

77 2508 151 2533 nus,
175 2517 221 2523 --
261 2500 401 2533 Versa
416 2508 502 2531 rem
530 2499 671 2531 solum
697 2498 740 2531 ad
766 2499 879 2531 vineas
905 2499 1033 2535 trabam
1061 2511 1138 2534 cum
1164 2502 1311 2543 Vossm,
1339 2513 1426 2544 quae

77 2566 213 2610 saepius
239 2567 456 2600 vertebantur
481 2565 638 2607 bIdente‚
663 2576 683 2599 a
708 2566 823 2599 multis
848 2569 920 2608 ter,
945 2567 988 2600 ab
1013 2569 1230 2611 aequinoctio
1255 2580 1378 2611 verno,
1406 2581 1426 2603 a

76 2632 304 2676 Vergiliarum
337 2637 459 2667 exortu
492 2633 556 2667 eub
587 2633 718 2667 initium
751 2633 857 2675 Iunii,
893 2637 928 2668 et
964 2634 1065 2669 Canis
1099 2639 1175 2669 ortu
1210 2636 1425 2680 nigrescente
