1721 2953
342 198 437 224 cxvi
879 181 954 221 DE
984 178 1142 224 POESI

344 299 432 339 aliis
471 311 592 350 saepe
633 302 898 348 usurpantur.
971 297 1197 336 Veniamus
1233 295 1283 335 ad
1316 299 1477 349 primum
1511 310 1687 337 carmen.

345 375 452 416 Cum
484 372 683 415 Kalendis
717 373 877 412 Martiis
911 371 1020 413 dona
1054 373 1159 412 mitti
1198 374 1380 412 solerent
1414 372 1615 412 uxoribus
1651 380 1691 411 et

344 454 493 506 puellis
529 451 696 500 amatis,
740 450 861 489 etiam
896 459 1018 503 poeta
1048 464 1159 489 nunc
1191 451 1269 490 liae
1300 451 1519 490 festivitate
1549 450 1690 498 utitur,

345 540 391 570 ut
414 544 456 570 se
481 526 741 569 commendet
761 527 959 568 Neaerae.
1018 526 1241 568 Constituit
1263 535 1398 566 autem
1423 525 1691 565 suadentibus

344 606 477 645 Musis
515 605 744 645 carminum
782 616 953 643 suorum
986 603 1182 643 volumen
1215 601 1387 640 mittere.
1452 602 1538 639 Iam
1569 600 1693 651 igitur

347 688 466 734 parat
492 681 647 719 librum
674 680 848 730 eleganti
873 686 1040 727 ornatu,
1072 691 1194 731 quem
1221 691 1298 730 per
1318 677 1461 716 Musas
1484 676 1694 715 transmit-

348 757 415 807 tit,
445 764 484 795 et
508 754 621 794 addit
645 754 766 794 etiam
790 755 918 795 verba
942 753 1100 800 mollia,
1134 753 1287 807 quibus
1315 761 1489 792 testatur
1513 765 1695 791 amorem

348 832 560 881 intimum,
603 839 642 870 et
671 844 784 883 spem
815 830 993 881 coniugii
1031 821 1206 869 affirmat
1243 829 1412 869 nonnisi
1443 843 1534 869 cum
1563 835 1696 867 morte

349 906 713 946 se‘demissurum.
782 905 972 945 Inventio
1010 919 1058 945 eo
1095 904 1300 957 displicet,
1339 904 1450 958 quod
1488 904 1539 944 acl
1571 905 1697 944 collo-

351 984 495 1037 quium
530 997 620 1023 cum
651 983 782 1022 Musis
813 982 952 1022 omnia
987 990 1083 1021 sunt
1113 990 1317 1021 revocata.
1384 981 1548 1020 Divisio
1579 993 1698 1031 argu-

349 1061 477 1101 menti
515 1069 682 1113 aperta:
729 1068 812 1112 post
848 1062 1032 1099 introitum
1071 1068 1153 1099 sunt
1194 1061 1295 1099 duae
1333 1068 1462 1113 partes
1501 1072 1700 1108 congruae,

352 1140 479 1177 altera
512 1139 667 1177 librum
702 1135 960 1186 describens,
1001 1137 1128 1175 altera
1158 1139 1285 1176 verba
1317 1150 1552 1188 exponens,
1594 1149 1700 1189 quae

353 1212 448 1252 addi
479 1211 655 1253 debeant
685 1210 817 1262 dono,
859 1217 970 1267 qnasi
990 1221 1072 1266 post
1098 1214 1281 1267 proodum
1310 1214 1500 1266 stropham
1536 1220 1571 1251 et
1607 1215 1703 1251 anti·

352 1290 543 1342 stropham
571 1302 702 1341 ponas.
759 1286 882 1336 Quod
906 1302 1034 1339 genus
1062 1289 1219 1328 formae
1240 1290 1407 1328 minime
1431 1287 1702 1328 iniucundum

356 1375 395 1406 et
424 1366 520 1405 huic
551 1365 764 1417 proposito
796 1374 1035 1415 argumento
1069 1366 1253 1417 apprime
1285 1375 1440 1417 aptum.
1507 1366 1587 1405 Sed
1617 1379 1704 1404 non

356 1451 417 1483 est
439 1443 676 1482 Tibulliana
702 1450 924 1492 structura,
959 1444 1055 1495 quia
1082 1442 1217 1495 epodo
1246 1451 1373 1492 caret,
1405 1452 1449 1482 ut
1478 1444 1533 1483 ita
1559 1443 1704 1492 dicam,

355 1520 398 1558 h.
420 1532 454 1558 e.
480 1519 577 1572 quia
603 1517 795 1557 directior
821 1518 954 1557 exitus
986 1519 1117 1567 abest,
1149 1533 1241 1557 cum
1270 1533 1380 1557 nunc
1410 1520 1499 1571 ipsa
1527 1519 1705 1558 secunda

356 1604 473 1649 parte
499 1596 760 1634 contineatur
782 1595 874 1635 finis
897 1595 1102 1635 carminis.
1160 1596 1250 1634 Alia
1274 1610 1339 1635 res
1366 1605 1426 1635 est
1449 1596 1491 1634 in
1520 1597 1707 1648 opposita

358 1675 511 1724 forma,
542 1688 665 1727 quam
690 1687 814 1725 supra
844 1672 1005 1712 ostendi
1031 1687 1054 1710 a
1078 1672 1248 1711 Tibullo
1278 1681 1531 1724 usurpatam.
1590 1673 1708 1713 Cete-

358 1765 451 1789 rum
483 1749 739 1802 comparabis
769 1762 932 1788 carmen
962 1748 1034 1796 IV,
1058 1753 1096 1786 2.
1123 1756 1161 1786 ct
1184 1749 1319 1799 ipsum
1332 1747 1529 1788 Kalendis
1547 1749 1708 1789 Martiis

360 1825 577 1877 scriptum,
609 1832 652 1862 ut
678 1823 806 1863 discas
833 1822 933 1876 quid
960 1823 1009 1862 sit
1034 1837 1130 1863 vere
1153 1823 1447 1864 Tibullianum.
1465 1847 1520 1853 —
1557 1825 1709 1866 Videa-

361 1915 451 1940 mus
483 1915 593 1940 nunc
628 1901 744 1938 aliam
771 1898 944 1951 sormam
975 1898 1201 1937 notabilem
1236 1899 1407 1949 elegiae,
1454 1901 1518 1938 ubi
1544 1904 1579 1939 in
1613 1903 1712 1940 duas

364 1979 506 2014 omnino
545 1982 675 2027 partes
715 1975 888 2013 dividitur
929 1982 1067 2022 totum,
1120 1988 1296 2027 quarum
1335 1975 1514 2014 secunda
1555 1988 1713 2031 repetat

367 2053 454 2106 aliis
495 2051 863 2110 verbis-priorem.
930 2051 987 2089 Ac
1026 2051 1142 2103 prior
1173 2052 1385 2090 introitum
1422 2054 1463 2091 in
1504 2067 1545 2092 se
1576 2054 1714 2104 habet,

367 2127 574 2180 posterior
595 2127 750 2166 exitum
774 2128 976 2168 carminis.
1036 2127 1139 2166 Cum
1164 2129 1290 2179 elegia
1311 2137 1416 2168 amet
1435 2130 1714 2181 repetitione&

369 2215 524 2255 eaeque
555 2202 718 2241 affectui
747 2203 914 2241 minime
943 2211 1198 2254 repugnent,
1236 2202 1305 2242 sed
1338 2205 1603 2254 conveniant,
1643 2220 1716 2257 per

369 2292 411 2318 se
443 2279 563 2317 etiam
593 2279 672 2318 hoc
700 2293 828 2330 genus
858 2280 1036 2329 bonum,
1067 2288 1105 2319 et
1130 2279 1316 2319 videmus
1343 2281 1440 2319 alias
1471 2289 1593 2334 atque
1619 2283 1716 2321 alias

369 2354 538 2407 prodire
568 2356 746 2402 formas,
787 2357 938 2409 quibus
970 2356 1029 2395 uti
1057 2357 1177 2395 liceat
1201 2370 1278 2408 pro
1305 2357 1532 2407 argumenti
1555 2358 1715 2396 ratione

372 2433 570 2482 elegiacae
591 2434 678 2471 arti.
737 2431 998 2486 Quamquam
1025 2433 1144 2472 etiam
1166 2434 1265 2471 haec
1282 2434 1516 2472 Tibulliana
1537 2446 1618 2471 non
1648 2441 1718 2481 cst,

371 2509 512 2548 relicta
543 2507 743 2547 divisione
772 2511 1085 2550 architectonica
1115 2511 1237 2548 trium
1267 2508 1445 2560 partium
1469 2507 1591 2546 Albio
1621 2508 1718 2558 legi-

377 2587 495 2633 tima,
534 2592 572 2622 ct
601 2585 696 2622 scite
726 2585 890 2624 tractari
920 2583 1041 2623 debet
1070 2597 1121 2622 ne
1152 2583 1289 2622 ieiuna
1318 2583 1369 2621 sit
1398 2581 1610 2633 repetitio,
1648 2580 1719 2620 scd

380 2659 605 2711 ingeniosa.
638 2667 674 2697 et
706 2673 835 2700 novos
867 2662 1022 2701 colores
1053 2660 1213 2700 habeat.
1270 2656 1481 2712 Lygdamo
1507 2657 1548 2696 in
1577 2672 1719 2698 manus
