1721 2953
326 163 406 195 308
618 154 990 199 COMMENTAR.
1022 158 1081 199 IN
1112 159 1343 200 TIBULLI

327 279 397 306 tui·
424 271 635 316 compede
661 272 881 316 vinctum,
907 285 949 309 ne
975 275 1136 320 desperet
1161 279 1196 309 et
1217 280 1360 311 mortem
1380 277 1444 310 sibi
1466 277 1666 312 consciscat.

323 342 427 372 Ovm.
462 338 572 382 Epist.
608 349 651 371 ex
685 339 798 372 Ponto
832 339 859 381 I,
891 343 923 382 6,
957 345 1015 376 31.
1051 343 1071 375 Ι.
1097 343 1173 376 cit.:
1220 344 1320 375 Ilaec
1350 342 1451 389 facit
1488 350 1529 376 ut
1566 345 1665 377 vivat

320 405 460 437 vinctus
487 417 622 450 quoque
648 406 805 449 compede
828 406 972 452 fossor,
1008 408 1206 455 Liloeraque
1230 421 1252 441 a
1272 409 1375 456 ferro
1400 422 1507 443 crura
1523 411 1665 456 sutura

315 475 431 512 patet.
481 471 604 503 Sermo
638 476 690 504 est
715 471 758 504 de
785 473 954 517 mancipio
980 485 1022 507 ex
1056 477 1253 518 ergastulo,
1292 488 1379 520 opus
1406 477 1551 511 faciente
1581 478 1664 511 ruri.

316 536 415 570 Conf.
451 547 554 580 supra
585 537 629 570 ad
661 537 688 579 l,
713 541 746 579 7,
772 540 830 572 42.
855 557 901 562 —
940 541 1066 574 canit
1099 541 1224 574 inter
1263 552 1394 585 opus,
1433 547 1470 575 nt
1505 544 1660 577 similiter

316 603 470 635 Ovmms
496 601 578 635 dicit
603 602 708 637 Trist.
733 603 793 645 lv,
822 606 853 645 l,
877 606 912 636 5.
944 605 1102 638 laudatus
1126 606 1193 639 iam
1218 618 1238 640 a
1267 608 1410 641 Vumo
1437 613 1472 642 et
1498 609 1659 642 Hermo.

312 671 492 703 Postremo
518 675 626 703 totum
654 670 742 703 hunc
768 672 879 704 locum
914 672 957 704 dc
992 673 1023 704 vi
1050 673 1134 715 Spei
1161 673 1297 706 notabis
1322 675 1508 707 secundum
1534 675 1660 717 grada-

313 736 439 768 tionem
477 737 724 780 compositum,
761 747 836 770 cum
872 742 974 781 poeta
1007 736 1192 771 descendat
1225 739 1268 772 ab
1302 741 1531 782 agricolarum
1563 740 1662 773 labo-

311 802 402 834 riosa
429 803 498 835 vita
524 802 566 835 ad
595 803 796 836 tenuitatem
821 804 958 847 aucupii
993 808 1027 836 et
1053 805 1271 847 piscationis,
1306 810 1377 839 tum
1403 807 1446 838 ad
1471 807 1659 850 mancipio-

310 879 385 902 rum
409 869 631 902 miserrimam
655 874 795 902 sortem.
823 889 868 896 --
901 875 1039 913 negat
1065 871 1170 913 illa,
1197 871 1242 905 cf.
1270 872 1312 905 ad
1339 872 1366 914 I,
1392 875 1424 914 4,
1455 875 1507 906 15.
1533 890 1578 898 —-
1605 884 1655 906 ne

310 936 466 969 vincas
500 935 644 977 deam,
680 946 722 968 ne
749 936 806 968 fiat
832 939 868 968 ut
894 935 957 968 dea
982 938 1072 969 victa
1097 936 1223 970 duritia
1248 942 1306 970 tua
1333 939 1469 971 tandem
1496 949 1656 972 succum-

307 1001 377 1034 bat.
427 1002 610 1045 Comparat
644 1002 858 1035 Huscnmus
894 1003 1006 1036 Cicer.
1044 1004 1176 1037 Verrin.
1203 1004 1230 1046 Ι,
1257 1008 1296 1038 6:
1335 1011 1370 1036 et
1401 1005 1438 1037 in
1470 1005 1655 1037 sortitione

305 1065 413 1098 istius
450 1079 543 1110 spem
576 1066 731 1112 fortuna
763 1067 890 1111 populi
922 1067 1075 1100 Romani
1107 1074 1142 1100 et
1178 1068 1217 1101 in
1249 1067 1446 1102 reiiciendis
1478 1069 1656 1102 iudicibus

305 1146 382 1166 mea
409 1133 593 1179 diligentia
617 1134 766 1166 istorum
790 1133 1045 1178 impudentiam
1069 1134 1216 1168 vicerat.

398 1201 440 1234 V.
465 1202 608 1234 29-40.
657 1200 818 1233 Altera
851 1210 971 1243 pars.
1021 1199 1300 1233 obtestatur
1324 1200 1545 1235 Nemesim
1570 1213 1648 1246 per

306 1266 455 1299 Manes
482 1265 662 1298 sororis
686 1264 815 1298 modo
841 1264 1089 1299 defunctae
1115 1270 1161 1299 ut
1187 1267 1390 1301 desistat
1419 1280 1438 1301 a
1463 1268 1649 1303 duritia.

397 1335 439 1367 V.
464 1336 510 1366 29
536 1345 587 1376 sq.
636 1334 898 1375 immatura,
933 1345 1009 1367 cum
1044 1334 1193 1368 nondum
1226 1340 1357 1369 matura
1391 1342 1505 1370 essent
1538 1339 1650 1371 morti.

302 1398 446 1432 Honm.
473 1400 548 1432 Sat.
580 1399 624 1440 II,
650 1402 684 1440 8,
709 1402 768 1432 59.
802 1405 1022 1442 comparante
1054 1401 1374 1435 Wuwnnnmcmo:
1413 1409 1453 1434 ut
1486 1403 1518 1435 si
1540 1404 1648 1447 filius

298 1463 514 1496 immaturus
550 1463 691 1497 obisset.
741 1464 839 1498 Adde
876 1465 1069 1497 immatura
1107 1468 1297 1501 Pnorssn'r.
1336 1469 1393 1510 lv,
1431 1472 1484 1511 ll,
1522 1473 1576 1503 17.
1613 1476 1647 1504 et

299 1534 417 1564 contra
459 1537 603 1563 rnatum
644 1531 750 1564 OVID.
786 1532 873 1564 Met.
908 1533 952 1574 X,
991 1537 1047 1566 36.
1093 1535 1297 1577 omninoque
1338 1541 1499 1567 maturos
1535 1547 1646 1567 annos

297 1606 402 1639 saepe
428 1606 478 1639 pr.
499 1596 662 1629 senilibus
688 1596 810 1637 dictos,
834 1601 873 1629 ut
896 1602 992 1630 notat
1018 1598 1162 1632 Bssmt..
1188 1599 1231 1631 ad
1258 1601 1379 1634 Horat.
1400 1603 1472 1634 Art.
1498 1603 1538 1635 P.
1564 1605 1643 1635 157.

298 1661 405 1695 Vides
428 1661 614 1703 Tibullum,
641 1665 679 1694 ut
703 1662 752 1702 fit,
779 1661 955 1705 epitheton
981 1664 1045 1695 toti
1077 1674 1246 1706 personae
1273 1670 1470 1708 competens
1494 1666 1536 1698 ad
1563 1677 1643 1709 par-

295 1735 365 1763 tem
390 1740 581 1763 revocasse.
599 1748 648 1755 —·
672 1730 767 1771 Sic,
793 1730 837 1764 cf.
864 1730 905 1763 ad
932 1730 959 1772 Ι,
985 1732 1017 1772 4,
1045 1733 1076 1764 1.
1125 1732 1274 1765 Sensus:
1305 1732 1363 1764 Sic
1388 1737 1470 1776 opto
1491 1737 1528 1766 ut
1553 1733 1641 1767 bene

295 1799 466 1839 quiescat,
503 1798 594 1840 quod
620 1798 654 1830 in
680 1798 768 1830 votis
795 1796 917 1839 habes,
952 1797 984 1829 si
1008 1799 1098 1831 mitis
1127 1800 1204 1832 eris.
1252 1801 1363 1833 Porro
1396 1804 1555 1834 tenera
1589 1806 1642 1835 est

298 1861 317 1895 h
330 1873 471 1904 umus,
505 1873 595 1905 quae
620 1873 688 1896 non
713 1864 826 1905 gravis
851 1863 1032 1906 incumbit,
1056 1875 1142 1907 quae
1166 1866 1260 1899 levis.
1309 1867 1445 1900 Laudat
1471 1867 1641 1901 HEYNms

293 1929 383 1961 inter
405 1930 471 1961 alia
495 1929 603 1962 Ovm.
624 1929 757 1961 Amorr.
779 1928 824 1969 ΙΙ,
845 1931 899 1969 16,
921 1932 962 1962 6:
989 1935 1024 1960 et
1050 1929 1141 1962 viret
1165 1930 1203 1962 in
1227 1937 1345 1964 tenero
1363 1932 1506 1978 fertilis
1531 1931 1640 1965 herba

291 1994 384 2030 solo,
420 1995 478 2027 ubi
511 1994 553 2027 de
587 1995 682 2026 molli
717 2004 780 2026 nec
816 1994 912 2026 nimis
947 1995 1053 2028 densa
1089 1994 1190 2029 humo
1228 1996 1361 2031 dicitur.
1395 2017 1443 2023 —-
1483 1999 1636 2041 Denique

293 2071 425 2104 parva
453 2065 504 2092 est
531 2064 646 2092 tenera
673 2064 798 2099 aetate,
824 2065 860 2092 ut
889 2060 1058 2093 Hermus
1084 2066 1220 2103 monet,
1247 2063 1423 2096 notissimo
1449 2074 1524 2096 usu.
1573 2064 1639 2096 Ti-

291 2128 403 2159 bullus
429 2132 541 2159 autem
569 2126 742 2169 epitheton
770 2129 995 2160 miserationis
1022 2139 1123 2160 causa
1157 2129 1288 2162 addidit
1321 2135 1358 2163 ut
1395 2135 1475 2163 ante
1509 2130 1636 2162 imma-

290 2199 375 2224 turcz
391 2215 398 2229 ‚
435 2204 511 2226 cum
537 2194 711 2245 Nemesim
737 2195 973 2228 recordatione
1000 2195 1143 2228 infelicis
1167 2197 1293 2229 sororis
1319 2198 1455 2239 gravius
1481 2207 1634 2230 commo-

289 2266 359 2294 tam
384 2261 476 2294 velit.
504 2278 548 2285 --
587 2262 629 2295 V.
655 2264 698 2294 31
727 2273 801 2304 sqq.
837 2267 991 2296 sancta
1026 2267 1106 2296 est.
1156 2263 1332 2297 Vocantur
1355 2264 1474 2296 sancti
1498 2264 1630 2307 piorum

289 2327 420 2361 Manes.
456 2328 582 2362 Crcrzn.
605 2327 695 2372 Top.
720 2331 777 2361 23.
807 2329 962 2363 laudatus
987 2341 1007 2363 a
1035 2332 1191 2364 Vum’lo:
1229 2332 1353 2377 Atque
1376 2331 1484 2362 etiam
1506 2341 1630 2362 rursus

288 2393 453 2438 aequitas
480 2393 670 2437 tripartita
697 2394 830 2427 dicitur
854 2407 947 2431 esse,
974 2407 1045 2428 ιιηα
1071 2396 1120 2427 ad
1146 2409 1290 2439 superos
1316 2397 1412 2432 deos,
1440 2395 1556 2426 altera
1583 2394 1631 2425 ad

285 2470 425 2493 manac,
465 2458 574 2490 tertia
614 2458 663 2490 acl
691 2459 845 2492 homines
878 2460 1067 2503 pertinere.
1139 2462 1262 2494 Prima
1299 2462 1434 2505 pietas,
1473 2461 1628 2492 secunda

285 2523 485 2558 sanctilas,
521 2524 630 2555 tertia
664 2524 810 2557 itcslilia
844 2532 910 2557 aul·
945 2526 1111 2571 aequitas
1142 2527 1354 2559 nominatur,
1405 2527 1498 2559 Alios
1534 2527 1627 2560 locos

285 2592 566 2624 Bnoucxnusus
594 2591 725 2632 laudat,
748 2592 851 2625 veluti
879 2593 986 2625 Vmc.
1014 2595 1096 2625 Aen.
1123 2592 1200 2632 X11,
1225 2594 1293 2624 648
1317 2603 1379 2634 sq.,
1402 2602 1487 2634 quos
1509 2603 1625 2625 versus

284 2658 382 2691 ctiam
411 2657 581 2689 Hm'nws
609 2659 759 2701 apponit.
786 2678 832 2684 —-
869 2659 1003 2699 (lona,
1038 2657 1068 2693 li.
1098 2668 1128 2691 e,
1162 2663 1336 2700 unguenta
1362 2663 1397 2691 et
1424 2658 1623 2699 libationcs3
