1721 2953
498 188 640 229 LIBR.
671 190 702 229 l.
760 189 917 232 ELEG.
950 193 998 231 Π.
1373 203 1426 239 35

312 310 327 319 ο

79 309 160 340 stra.
178 324 222 331 -—
248 308 289 341 V.
310 321 332 340 o
351 318 400 350 sq.
450 306 553 341 Nam
581 308 728 351 posita
751 313 828 341 est.
880 309 977 342 Nunc
1004 309 1137 344 demum
1165 321 1298 345 causam
1325 312 1428 347 ‹lisci-

79 383 153 406 mus
178 377 348 406 tantorum
375 373 541 415 dolorum,
566 382 670 408 recte.
722 375 793 408 Fac
823 377 1039 419 praemissam
1066 387 1212 420 causam,
1235 378 1356 412 deinde
1384 379 1426 413 de

75 439 308 484 consopiendo
336 439 454 472 dolore
480 439 558 472 inde
584 444 660 473 orto
686 440 832 481 dictum,
865 440 970 474 fracta
995 446 1086 475 esset
1111 443 1246 486 poetica
1272 445 1320 477 vis
1346 445 1425 486 loci,

75 515 162 546 quae
187 505 357 537 inversum
383 503 536 537 ordinem
568 504 601 537 in
637 505 760 538 talibus
786 506 957 548 postulat,
991 507 1033 540 cf.
1058 508 1086 549 I,
1112 511 1144 549 6,
1169 512 1202 543 5.
1264 509 1425 545 Ceterum

74 569 167 602 vides
191 569 272 612 qnid
300 579 354 602 res
379 569 445 611 sit3
472 579 548 603 cum
574 569 665 603 fores
691 580 758 603 non
783 571 998 614 aperiantur,
1024 576 1127 616 poeta
1153 574 1326 609 concludit
1349 586 1424 610 ma-

73 637 174 669 ritum
194 636 312 670 Deliae
334 636 493 670 custodes
520 638 684 680 posuisse,
710 648 795 680 quos
815 637 932 671 fallere
956 642 990 672 et
1014 641 1203 683 transgredi
1231 641 1294 684 (11,
1314 646 1342 685 l,
1359 644 1425 688 75)

72 702 185 745 puella
210 711 276 735 non
301 712 384 735 ausa
408 703 464 736 sit.
514 702 589 735 Nec
615 702 733 735 Deliae
756 702 924 745 irascitur,
951 704 1011 737 sed
1037 705 1192 741 fortunae
1218 708 1358 742 crudeli.
1378 728 1424 734 —

72 765 226 809 firma,
252 778 314 811 per
339 768 532 811 prolepsin,
558 771 597 800 ut
620 768 717 800 firma
741 768 795 801 sit.
848 768 912 801 Alii
930 768 1059 814 sulm,
1087 773 1225 814 munita,
1251 778 1288 806 ut
1314 774 1425 808 Vme-

72 834 156 869 Aen.
170 834 265 876 VIII,
283 836 373 868 227:
393 833 587 880 fultosque
610 833 759 866 emuniit
783 833 890 868 obiice
912 842 1043 880 postes,
1072 841 1106 870 et
1126 839 1233 872 OVID.
1257 840 1329 874 Art.
1348 840 1423 874 Am.

69 900 113 942 11,
138 903 226 935 244:
253 907 362 947 atque
386 901 454 933 eric
479 901 645 945 apposita
669 901 783 935 ianua
801 902 911 948 fulta
936 916 1027 936 sera.
1079 906 1167 939 Vide
1191 907 1316 941 Ham.
1347 908 1424 942 Ob-

69 970 206 999 servatt.
236 983 278 992 -
314 976 410 999 sera
435 970 488 1000 est
513 968 672 1010 pessulus
698 968 831 1010 ligneus
856 972 914 1001 aut
939 968 1093 1013 ferreus,
1128 982 1282 1006 reserare
1307 978 1422 1009 autem

69 1032 203 1076 aperire
227 1034 377 1065 retracto
401 1033 551 1076 pessulo.
601 1033 701 1067 Nunc
727 1035 878 1069 Vossms
913 1035 1000 1069 bene
1026 1041 1142 1071 monet
1166 1049 1276 1074 seram
1305 1043 1423 1075 occul-

68 1101 138 1133 tam
163 1100 196 1132 in
220 1100 369 1132 claustro
397 1100 613 1143 cogitandam
640 1101 710 1134 fere
734 1106 773 1135 ut
798 1103 830 1136 in
855 1104 999 1146 nostris,
1028 1116 1115 1148 quae
1143 1112 1236 1141 retro
1262 1109 1423 1143 trabeba-

70 1169 126 1199 tur
149 1166 276 1200 inserta
305 1166 412 1208 clavi,
446 1171 506 1199 aut
536 1168 592 1200 ubi
617 1166 701 1201 haec
726 1178 792 1201 non
823 1168 980 1211 adesset,
1018 1169 1118 1203 dente
1149 1172 1350 1218 (Dietriclt)
1379 1176 1424 1210 cf.

70 1242 100 1265 v.
122 1234 190 1271 18„
215 1242 315 1275 quam
335 1231 463 1264 clavim
484 1231 688 1264 adulteram
710 1233 792 1267 dicit
813 1234 920 1267 Ovn).
941 1236 1013 1268 Art.
1035 1237 1111 1270 Am.
1125 1237 1188 1279 ΙΙΙ,
1204 1241 1282 1273 643.
1333 1241 1424 1274 Vide

72 1297 115 1331 de
148 1298 306 1331 claustris
337 1302 490 1331 veterum
517 1298 677 1331 Vossmm
703 1298 746 1331 ad
772 1297 802 1331 b.
828 1299 849 1331 l.
877 1302 912 1332 et
942 1300 1100 1336 Sumus.
1134 1302 1303 1337 Exercitt.
1333 1306 1423 1340 Plin.

70 1375 102 1408 p.
129 1363 209 1397 654.
242 1363 322 1398 edit.
348 1366 451 1397 1689.
476 1379 522 1387 —
545 1364 586 1398 V.
607 1366 627 1396 7
654 1373 705 1405 sq.
728 1360 879 1397 Ianua.
929 1365 1147 1410 Apostrophe
1174 1372 1227 1401 est
1251 1370 1361 1412 figura
1386 1375 1423 1405 et

67 1431 242 1475 aptissima
262 1434 296 1464 et
317 1430 536 1463 usitatissima
560 1429 593 1463 in
619 1431 751 1474 elegiis.
802 1433 851 1465 Ac
876 1433 984 1466 ianuis
1010 1433 1145 1476 quidem
1172 1435 1273 1469 etiam
1300 1435 1422 1479 religio

67 1501 221 1531 veterum
245 1499 312 1530 vlm
337 1498 452 1531 nescio
477 1507 578 1540 quam
612 1499 776 1533 maiorem
811 1500 1003 1542 tribuebat,
1039 1501 1072 1534 in
1104 1501 1276 1535 amoribus
1306 1510 1421 1538 autem

66 1560 155 1596 haud
191 1564 338 1606 exiguae
374 1568 471 1597 erant
504 1574 621 1597 earum
647 1569 780 1609 partes.
845 1566 897 1599 Ibi
930 1571 1100 1600 amatores
1137 1578 1240 1612 saepe
1276 1570 1423 1604 multum

65 1629 176 1662 noctis
202 1633 396 1672 versantur,
433 1630 579 1672 affigunt
602 1632 770 1674 corollas,
802 1636 968 1676 spargunt
995 1638 1187 1676 unguenta,
1224 1636 1422 1668 osculantur

66 1700 181 1740 postes
206 1701 265 1729 aut
289 1696 422 1738 limina,
455 1697 574 1729 eadem
605 1697 745 1730 floribus
771 1702 806 1730 ct
839 1699 940 1730 sertis
966 1699 1187 1741 operiuntur,
1221 1705 1420 1743 queruntur,

66 1765 184 1802 orant,
222 1760 396 1803 rixantur,
435 1761 653 1795 maledicunt.
703 1763 762 1795 Sic
788 1764 1038 1806 prosopopoeia
1072 1768 1106 1796 et
1139 1765 1344 1799 allocutione
1369 1767 1421 1799 ia-

65 1836 208 1859 nuarum
232 1825 313 1859 nihil
338 1830 411 1858 erat
436 1825 665 1869 frequentius;
701 1831 797 1860 erant
830 1828 926 1869 quasi
952 1829 1048 1862 vivae
1072 1830 1201 1864 amicae
1225 1836 1283 1863 aut
1308 1832 1421 1865 inimi·

66 1902 128 1925 cae
153 1895 354 1926 amatorum.
404 1891 567 1925 Ceterum
602 1892 646 1925 cf.
680 1894 885 1927 SAclTTAR.
913 1894 956 1928 de
988 1895 1104 1928 lanuis
1131 1897 1209 1931 Vet.
1236 1909 1264 1931 c.
1292 1901 1348 1932 37.
1372 1917 1420 1925 -

65 1959 285 1993 difficilis
309 1970 386 1993 cum
410 1959 520 1992 ianua
546 1961 670 2003 iunge3
698 1960 774 1994 huic
798 1963 887 1995 enim
914 1963 1083 2006 irascitur,
1108 1975 1175 1998 non
1207 1966 1352 2009 puellae.
1375 1983 1419 1992 -·

64 2026 297 2066 verberet,
327 2027 435 2060 VrRG.
461 2029 546 2062 Aen.
571 2028 633 2070 IX,
655 2032 735 2062 669.
779 2030 866 2063 Add.
894 2031 1128 2065 Bnovcxnns.
1157 2036 1191 2065 et
1216 2033 1292 2066 vide
1318 2034 1419 2066 War-

66 2103 240 2126 cnfflvrmr
267 2093 299 2126 in
324 2092 479 2137 Epistola
505 2094 579 2127 crit.
607 2094 649 2128 de
679 2096 794 2129 Valer.
820 2096 934 2130 Flacc.
973 2108 1005 2140 p.
1031 2099 1089 2132 41.
1128 2097 1229 2131 docte
1255 2097 1354 2132 huius
1384 2104 1419 2132 et

64 2161 207 2194 aliorum
234 2161 413 2194 verborum
438 2162 596 2195 similium
630 2164 788 2207 exempla
822 2169 1079 2207 congerentem.
1104 2185 1150 2192 -—-
1185 2166 1310 2199 Iovis
1348 2168 1419 2200 im·

64 2229 214 2271 perio,
240 2238 306 2261 non
333 2238 383 2271 pr.
409 2228 502 2261 iussu
531 2229 647 2271 Iovis,
666 2240 742 2263 nam
769 2231 842 2274 ipse
868 2229 1007 2264 fulmina
1032 2232 1169 2265 mittere
1194 2232 1298 2266 debet
1323 2232 1418 2276 deus,

63 2303 126 2326 nec
150 2293 192 2326 de
218 2293 376 2327 mandato
401 2295 617 2337 cogitandum
641 2298 715 2330 aliis
739 2297 802 2330 diis
826 2297 957 2339 dando;
988 2299 1102 2340 potius
1128 2310 1203 2332 cum
1228 2300 1418 2334 was-nm-

63 2371 187 2394 chfflo
217 2361 369 2404 intellige
396 2360 436 2392 de
470 2361 562 2394 coelo
595 2364 696 2396 missa
730 2364 882 2399 fulmina.
933 2365 1019 2398 Cum
1046 2365 1133 2398 enim
1159 2365 1268 2399 imber
1293 2377 1312 2399 a
1337 2378 1418 2410 pro—

64 2425 215 2468 pioribus
240 2427 327 2459 aeris
350 2427 548 2474 regionibus
572 2428 706 2470 veniat,
737 2429 825 2462 lovis
850 2430 1027 2473 imperium
1055 2435 1108 2464 est
1130 2431 1268 2473 aether,
1293 2436 1327 2465 et
1353 2443 1418 2476 po-

64 2492 168 2525 stulat
189 2497 290 2535 poeta
310 2503 399 2526 nunc
419 2494 520 2527 etiam
542 2495 584 2527 ab
603 2496 678 2539 ipso
700 2496 781 2529 Iove
803 2496 935 2530 deiecta
958 2498 1107 2532 fulmina.
1141 2499 1240 2531 Amat
1259 2498 1418 2531 Tibullus

65 2557 247 2591 concinnas
268 2557 459 2594 divisiones.
476 2577 518 2585 —
543 2561 708 2603 V.9sqq.
733 2562 890 2604 lanua,
916 2563 996 2596 iam
1022 2567 1180 2607 pateas
1201 2565 1273 2597 uni
1301 2563 1417 2599 mihi.

65 2623 188 2656 Subita
222 2625 364 2658 mutatio
399 2627 542 2669 mentis,
578 2627 621 2660 de
655 2638 721 2670 qua
753 2628 863 2670 figura
889 2628 1085 2663 Tibulliana
1110 2629 1187 2663 vide
1219 2640 1306 2673 quae
1339 2630 1418 2663 data

22 2704 25 2705 ⁷
64 2699 168 2733 opera
195 2692 338 2735 exposui
363 2691 397 2726 in
423 2693 566 2728 Dissert.
594 2694 636 2729 de
663 2695 757 2739 poesi
784 2694 913 2729 Tibulli
946 2706 976 2730 c.
1001 2696 1046 2730 11.
1104 2697 1214 2730 Porro
1241 2706 1307 2731 vox
1334 2696 1416 2729 iam

981 2764 1039 2804 3*
