1721 2953
264 145 370 171 cnxx
804 134 877 173 DE
911 132 1067 176 POESI

262 240 430 295 quidem
475 256 525 282 ex
570 254 691 282 sensu
735 243 815 283 loci
860 245 1059 298 cuiusque
1105 243 1349 299 explicanda
1394 258 1480 285 esse
1524 245 1610 296 ipsa

259 315 441 357 definitio
478 317 611 370 posita
643 317 784 369 docet,
832 334 876 359 ac
915 321 1094 372 pertinet
1135 321 1216 361 huc
1252 322 1370 361 etiam
1406 320 1610 373 prolepsis

258 393 469 432 notissima
500 392 810 433 adiectivorum.
867 396 1055 435 Alterum
1085 410 1183 437 vero
1210 411 1338 448 genus
1364 396 1488 447 vulgo
1519 394 1610 434 ubi-

258 482 339 520 que
366 468 420 506 ita
446 468 546 520 poni
571 467 763 519 creduut,
793 477 837 509 ut
861 472 1014 510 nullam
1038 471 1120 512 vim
1147 471 1189 510 in
1219 473 1419 511 sententia
1444 471 1610 509 habeat.

255 541 322 581 Sic
361 543 549 596 Heynius
589 542 640 583 ad
678 545 740 595 ΙΙ,
777 549 823 596 6,
853 551 892 585 8.
931 546 1098 587 scribit:
1152 546 1379 597 „Debebat
1418 546 1608 585 Brouck-

253 617 398 657 husius
427 627 621 671 reputare
649 633 770 672 saepe
800 619 894 660 addi
923 622 1163 662 nominibus
1193 622 1393 674 epitheta,
1424 635 1531 674 quae
1557 619 1606 659 iis

252 694 423 746 propria
454 703 489 733 et
520 703 742 748 perpetua,
774 709 1026 750 quamquam
1056 711 1142 737 nou
1174 695 1276 736 adeo
1308 710 1494 748 magnam
1523 697 1604 735 vim

251 767 295 806 iu
328 782 375 808 co
406 770 565 821 positu,
604 785 726 824 quem
758 780 982 824 occupant,
1019 773 1236 811 habeant?
1304 772 1352 810 In
1384 784 1467 823 quo
1500 772 1605 809 male

252 844 392 895 epicus
429 859 525 884 usus
556 847 803 885 transfertur
833 845 885 885 ad
916 845 1027 885 aliud
1058 860 1186 898 genus
1217 860 1404 899 poeseos.
1460 845 1605 884 Enim-

250 931 350 957 vero
383 919 561 972 epitheta
588 921 689 960 haec
719 929 921 974 perpetua
951 934 1157 974 nusquam
1186 922 1229 960 iu
1261 921 1324 960 his
1353 920 1625 975 carminibus

251 992 382 1032 otiosa
419 1003 514 1033 sunt
555 1003 593 1034 et
630 997 717 1035 sine
758 996 799 1038 vi
839 996 911 1035 ubi
950 998 1162 1047 leguntur,
1207 994 1319 1049 quod
1358 1010 1433 1047 per
1473 1003 1602 1034 totum

249 1068 463 1108 Tibullum
494 1070 669 1110 ostendi.
725 1073 835 1111 Male
865 1072 989 1123 igitur
1022 1080 1106 1111 atro
1134 1075 1266 1110 viscere
1301 1072 1343 1116 Ι,
1374 1076 1424 1120 3,
1458 1075 1522 1110 76.
1552 1070 1601 1109 de

248 1142 466 1193 nigricauti
504 1146 641 1185 colore
680 1146 826 1185 iecoris
870 1160 922 1185 ex
961 1155 1109 1185 natura
1151 1146 1374 1198 accipitur,
1422 1154 1461 1185 et
1500 1148 1602 1185 dura

240 1218 347 1269 falce
378 1221 420 1270 Ι,
453 1227 489 1271 7,
521 1223 588 1261 34.
621 1235 673 1260 ex
703 1221 839 1273 rigore
872 1223 971 1261 ferri
1001 1222 1253 1275 explicatur,
1296 1236 1402 1275 quae
1436 1223 1600 1263 inutiles

248 1296 371 1345 plane
404 1296 594 1336 notiones
633 1296 674 1334 iu
714 1298 777 1335 his
814 1298 938 1347 locis,
980 1312 1072 1336 cum
1102 1311 1226 1338 verus
1257 1310 1402 1337 sensus
1434 1305 1600 1349 apertus

247 1371 312 1410 sit.
368 1372 415 1410 ln
445 1373 583 1424 priore
614 1373 704 1411 loco
737 1371 784 1411 tle
817 1375 912 1412 tabo
943 1380 1032 1412 atro
1069 1371 1179 1412 adesi
1208 1372 1356 1411 iccoris
1386 1374 1598 1424 cogitatur,

245 1445 290 1484 in
324 1447 551 1498 posteriore
581 1447 666 1486 falx
698 1446 801 1486 dura
836 1455 918 1488 est:
957 1462 1062 1502 quae
1092 1461 1177 1487 nou
1209 1447 1340 1500 parcit
1366 1446 1598 1487 frondibus.

248 1521 329 1561 Sed
370 1537 573 1575 ponamus
613 1525 705 1562 alia.
777 1524 843 1563 Sic
882 1525 922 1574 Ι,
954 1530 998 1573 7,
1032 1529 1098 1564 52.
1132 1531 1242 1564 reete
1286 1524 1435 1574 legitur
1473 1525 1598 1564 mollia

244 1605 347 1636 serta
381 1598 423 1636 iu
458 1599 657 1637 laetarum
690 1612 828 1638 rerum
865 1598 1164 1652 descriptione,
1206 1607 1350 1639 contra
1384 1599 1444 1649 ΙΙ,
1480 1603 1524 1649 1,
1557 1604 1597 1639 6.

233 1674 365 1725 florea
394 1681 495 1713 serta
528 1682 706 1726 praestat
745 1688 835 1713 cum
868 1675 996 1714 festus
1032 1675 1196 1714 habitus
1229 1672 1479 1726 designetur.
1542 1675 1596 1714 At

243 1747 263 1784 I
274 1776 284 1797 ,
323 1751 369 1797 6,
403 1748 474 1787 fin.
517 1752 679 1788 stamina
720 1757 821 1788 torta
864 1757 901 1788 et
933 1749 1059 1802 firma
1103 1751 1189 1788 licia
1232 1747 1426 1788 dicuntur
1467 1748 1596 1802 ipsius

247 1832 459 1863 accuratae
500 1823 786 1877 descriptionis
826 1839 972 1874 causa,
1029 1838 1135 1878 quae
1174 1823 1234 1863 ibi
1276 1839 1469 1876 magnum
1510 1839 1598 1865 sar-

245 1913 427 1937 casmum
455 1900 602 1948 habet,
634 1908 679 1939 ut
707 1901 743 1947 Ι,
775 1901 820 1947 4,
851 1904 890 1938 8.
925 1914 1040 1938 cuz-oa
1066 1899 1181 1951 falx,
1216 1914 1308 1939 cum
1335 1901 1511 1952 Priapus
1543 1915 1596 1939 ex

245 1975 392 2013 habitu
422 1974 594 2014 solemni
624 1973 861 2025 designetur
887 1982 927 2012 et
951 1972 1156 2024 designari
1182 1974 1242 2013 ibi
1268 1973 1428 2013 debeat.
1484 1976 1595 2014 Vos-

248 2050 333 2088 sius
374 2050 478 2088 male
519 2058 559 2088 et
601 2048 797 2088 audacter
839 2052 1000 2088 minante
1037 2050 1196 2098 intulit,
1249 2048 1362 2102 quod
1401 2050 1594 2089 alienum.

243 2125 332 2164 Nec
362 2126 414 2174 ΙΙ,
439 2129 482 2174 5,
506 2129 571 2164 96.
598 2127 681 2163 Ievis
709 2126 842 2164 umbra
867 2125 1142 2164 mobilisesse
1169 2132 1326 2176 potest,
1360 2132 1405 2163 ut
1427 2124 1594 2177 Heynio

247 2200 421 2252 placuit,
453 2198 522 2239 sed
554 2208 613 2239 est
644 2198 766 2239 credo
797 2214 882 2239 nou
913 2201 1034 2239 nimis
1064 2198 1205 2239 densa.
1263 2199 1321 2238 Ut
1350 2198 1461 2238 aliud
1492 2201 1593 2239 atse-

245 2290 357 2324 ram,
402 2290 526 2315 versu
565 2277 605 2325 Ι,
637 2280 682 2324 3,
715 2280 780 2315 86.
820 2276 983 2315 deducat
1020 2277 1129 2327 plena
1167 2279 1329 2315 stamina
1369 2277 1478 2325 longa
1517 2278 1594 2314 colo

247 2349 494 2390 describitur
522 2349 724 2390 industria
756 2351 953 2399 mulieris,
992 2351 1170 2390 femineo
1200 2365 1324 2403 opere
1353 2351 1408 2389 sic
1437 2359 1478 2389 ut
1505 2349 1595 2389 fieri

247 2424 368 2465 debet
399 2434 640 2478 occupatam
673 2434 731 2464 est
761 2426 884 2477 igitur
913 2426 1035 2478 plena
1061 2427 1174 2465 colus
1207 2433 1247 2464 et
1271 2423 1445 2464 stamina
1471 2425 1594 2476 longa

249 2501 457 2541 ducuntur
497 2500 654 2539 sedulo.
731 2501 987 2541 Luculentus
1027 2503 1141 2541 locus
1184 2508 1241 2540 cst
1287 2501 1326 2539 iu
1372 2500 1450 2539 fine
1492 2501 1592 2552 eleg.

244 2579 302 2623 tl,
342 2581 379 2625 l,
411 2577 481 2616 ubi
513 2575 648 2615 denuo
682 2592 771 2615 rum
805 2579 1012 2629 voluptate
1045 2589 1280 2627 cognoscem,
1313 2576 1344 2616 si
1374 2575 1592 2616 Commou-
