1721 2953
599 130 838 173 TIBULLI.
1273 142 1402 168 LXXIX

57 258 87 305 Ι,
126 260 159 304 1,
194 256 342 293 11-20.
381 247 619 300 religiosum
658 259 700 285 se
741 246 941 285 cultorem
979 243 1151 284 deorum
1182 244 1401 295 agrestium

59 330 248 373 ostendit.
306 325 478 369 Orditur
508 340 531 364 a
559 322 743 376 lapidum
776 330 814 361 et
853 322 1037 374 stipitum
1079 334 1291 362 sacrorum
1327 335 1403 374 per

57 420 174 459 agros
211 401 477 445 veneratione
516 413 731 453 nunquam
774 398 1075 450 praetermissa.
1141 399 1249 438 Tum
1283 397 1403 437 altius

56 496 222 534 surgens
251 480 385 533 pergit
415 477 465 518 ad
496 491 641 516 eorum
671 474 844 515 deorum
876 476 1041 525 cultum,
1071 475 1143 528 qui
1173 473 1404 527 specialiter

56 558 223 611 singulis
252 556 439 609 partibus
468 552 627 607 praedii
656 553 721 592 sui
751 560 973 605 praesunt,
1012 559 1051 591 et
1081 551 1249 593 Silvano
1278 565 1404 605 poma

56 634 205 675 offerre
235 646 276 671 se
308 631 404 670 dicit
434 629 668 683 quotanniS,
699 627 843 667 Cereri
873 641 1069 668 coronam
1099 628 1274 681 spiceam
1305 642 1403 680 pro-

55 709 199 759 mittit,
238 709 458 748 hortorum
494 719 595 746 vero
634 704 711 745 cleo
741 705 893 758 Priapo
929 706 1088 756 signum
1116 705 1292 743 rubrum
1322 712 1404 743 sta-

54 794 156 826 tuet.
213 786 441 833 Postremo,
473 782 544 836 qui
573 783 740 822 ultimus
765 789 825 821 est
848 779 997 832 gradus
1024 779 1322 832 descriptionis,
1352 778 1404 818 acl

56 862 238 902 universi
270 859 428 913 praedii
457 858 671 912 praestites
704 854 957 897 convertitur
983 854 1124 894 Lares.
1181 855 1317 907 Atque
1348 853 1406 893 ita

56 938 256 979 divisione
287 938 411 989 plana
442 934 726 987 complectitur
756 933 895 973 onmia
925 940 965 972 et
1001 932 1173 984 pulchre
1209 945 1285 984 per
1313 945 1406 983 gra-

57 1014 133 1055 dus
162 1012 391 1067 procedens
429 1020 561 1052 totum
600 1011 868 1065 consequitur
898 1009 1199 1050 suavissimum.
1266 1008 1406 1048 Venio

58 1092 109 1132 acl
139 1092 264 1132 alium
292 1093 445 1130 locum.
509 1088 716 1129 Describit
745 1089 796 1136 ΙΙ,
828 1093 865 1137 5,
897 1090 1048 1125 23-38.
1076 1085 1257 1138 priscum
1286 1084 1407 1124 habi-

60 1180 146 1211 tum
174 1173 385 1219 locorum,
427 1169 501 1208 ubi
527 1169 662 1208 Roma
701 1165 886 1216 condita,
927 1180 973 1204 ac
1009 1179 1101 1204 cum
1135 1172 1318 1217 pastores
1347 1164 1408 1204 ibi
1443 1178 1447 1181 “

60 1247 214 1299 degisse
245 1246 344 1287 olim
375 1251 553 1293 constet,
592 1241 634 1282 id
666 1241 747 1293 agit
775 1239 977 1290 suaviter,
1015 1247 1061 1279 ut
1091 1237 1142 1277 ad
1170 1238 1407 1290 pastoritiae

57 1322 164 1363 vitae
193 1322 409 1373 imaginem
437 1321 647 1371 regionem
676 1325 803 1357 totam
826 1323 1005 1356 revocet.
1061 1315 1110 1353 In
1133 1315 1291 1355 Palatio
1312 1329 1408 1356 vac-

58 1412 127 1438 cae
156 1404 382 1450 pascuntur
405 1403 444 1434 et
466 1395 642 1434 humiles
671 1406 785 1432 casae
811 1399 919 1431 stant
946 1392 991 1430 in
1018 1389 1237 1443 Capitolio.
1297 1389 1407 1430 Con-

56 1473 287 1525 spiciuntur
314 1484 442 1524 porro
474 1469 648 1509 deorum
677 1467 893 1519 agrestium
919 1465 1034 1518 signa
1063 1468 1140 1506 sub
1166 1468 1315 1507 umbra
1342 1481 1407 1509 ar-

55 1552 206 1590 borum
237 1556 275 1587 et
302 1545 455 1600 pendet
480 1547 616 1586 fistula
643 1543 857 1597 pastoritia
884 1542 929 1581 in
946 1543 1041 1582 luco
1061 1550 1204 1583 votum
1226 1542 1409 1583 Silvano.

59 1626 253 1678 Denique
282 1638 358 1676 per
389 1621 563 1663 Velabri
592 1633 719 1674 aquas
751 1620 857 1659 festa
895 1617 960 1658 die
992 1617 1157 1659 vehitur
1189 1619 1327 1670 puella
1357 1617 1409 1657 ad

59 1710 282 1750 amantem,
323 1698 745 1751 gregismagistrum,
790 1709 882 1735 cum
915 1709 998 1748 qua
1029 1693 1207 1733 redeunt
1234 1707 1409 1733 munera

59 1778 190 1824 ruris,
233 1789 372 1815 caseus
404 1783 443 1812 et
476 1787 617 1824 agnus.
683 1772 813 1812 Vides
851 1770 952 1824 quid
980 1784 1045 1809 res
1078 1769 1144 1808 sit.
1201 1770 1315 1808 Dum
1343 1782 1409 1808 re-

60 1852 191 1903 gionis
222 1852 347 1890 totius
376 1849 594 1899 imaginem
624 1845 823 1896 ostendit,
867 1847 988 1886 silvas
1025 1844 1229 1884 montium
1257 1851 1297 1882 et
1325 1845 1409 1884 Ve-

59 1927 165 1968 labri
194 1926 348 1975 undas,
387 1926 514 1963 habes
551 1930 679 1962 totam
715 1922 842 1963 vitam
870 1920 1126 1973 pastoritiam
1161 1932 1409 1972 expressam,

58 2005 289 2058 pastionem
327 2014 495 2053 gregum
532 2007 572 2039 et
610 2011 721 2037 casas
753 2010 784 2036 s.
817 1995 1104 2050 quotidianum
1139 2009 1283 2044 usum,
1321 2002 1411 2034 tum

59 2081 300 2132 religiones,
341 2076 519 2129 (lenique
560 2088 742 2124 amores,
786 2088 862 2127 per
889 2074 969 2113 tria
998 2080 1207 2112 momenta
1237 2070 1411 2110 deducta

61 2155 354 2208 descriptione,
398 2165 579 2206 quorum
620 2151 810 2190 ultimum
849 2149 1148 2190 suavissimum.
1215 2147 1413 2188 Similiter

62 2232 286 2274 adornatus
319 2237 377 2269 est
404 2230 519 2268 locus
546 2229 577 2279 I,
600 2231 638 2278 5,
659 2228 810 2267 21-34.
838 2227 913 2266 ubi
933 2225 1136 2276 describit,
1167 2239 1291 2279 quam
1309 2224 1411 2263 ima-

62 2311 221 2362 ginatus
261 2314 371 2356 erat,
411 2305 540 2345 vitam
575 2304 771 2344 rusticam
811 2304 957 2343 Deliae
996 2300 1107 2354 aput]
1142 2315 1183 2341 se
1216 2301 1412 2340 suturam.

62 2388 120 2425 Ac
154 2385 332 2437 primum
365 2381 415 2420 de
446 2381 617 2433 negotiis
647 2381 765 2429 dicit,
802 2378 852 2419 de
881 2380 1046 2430 frugum
1075 2375 1280 2426 custodia,
1315 2389 1412 2416 con-

64 2461 294 2501 servatione
324 2471 500 2499 uvarum
529 2465 568 2496 et
597 2455 743 2506 musti,
781 2469 880 2494 cura
910 2453 1070 2507 pecoris
1099 2465 1412 2505 servorumque,

66 2537 210 2577 deinde
253 2535 425 2576 eandem
459 2535 580 2574 etiam
609 2533 749 2576 divina
781 2547 924 2573 curare
955 2532 1050 2573 facit
1083 2539 1123 2571 et
1152 2532 1302 2571 offerre
1334 2528 1412 2568 Sit-

65 2627 171 2654 vano
208 2627 284 2667 pro
315 2613 467 2654 vitibus
506 2624 650 2661 uvam,
694 2624 769 2663 pro
811 2617 943 2661 segete
984 2608 1133 2662 spicas,
1175 2620 1252 2660 pro
1295 2618 1411 2656 grege
