1721 2953
485 135 629 177 LIBR.
658 134 690 174 1.
747 131 906 172 ELEG.
936 131 1011 172 IX.
1336 133 1412 170 181

68 267 133 292 neo
163 259 304 302 propter
326 264 387 295 ea,
411 261 500 296 quae
525 249 568 283 ad
592 247 621 291 1,
645 251 679 290 8,
704 248 761 281 48.
788 245 893 279 dicta.
942 246 1125 280 Postremo
1150 253 1267 279 sensus
1291 241 1415 276 clarus.

68 322 232 366 Magnum
259 330 336 354 cum
362 321 452 352 esset
476 316 605 350 crimen
631 313 840 358 periurium,
867 312 910 345 cf.
935 312 977 346 ad
1003 312 1030 354 1,
1055 314 1089 354 3,
1112 313 1191 353 5l.‚
1216 309 1317 344 dicit:
1344 308 1416 342 fru-

67 393 137 421 stra
165 389 317 420 celantur
348 383 515 428 periuria,
554 381 647 415 venit
680 381 798 414 Poena
824 389 933 422 eaque
960 379 1135 412 ulciscitur
1167 381 1202 411 et
1234 377 1268 411 in
1303 377 1415 409 lucem

66 453 206 496 profert.
265 451 428 483 Ceterum
470 446 559 481 conf.
597 446 733 480 Ircons.
778 443 822 477 ud
861 443 997 478 Antliol.
1025 446 1096 484 ‚Gr.
1144 444 1186 477 V.
1218 443 1264 476 11.
1303 442 1341 475 P.
1369 440 1415 475 11.

67 529 100 561 p.
127 519 207 550 345.
234 535 278 540 —
311 516 353 549 V.
379 518 401 548 5
428 525 479 556 sq.
528 513 733 554 Parcite,
767 511 1008 544 caelestes.
1058 510 1205 544 Pulchra
1230 509 1417 543 mobilitate

65 582 228 623 affectus,
253 580 361 623 qualis
389 579 526 623 propria
551 577 712 618 Tibullo,
736 575 794 609 vix
816 576 950 609 locutus
977 575 1020 609 de
1044 577 1172 618 Poena,
1198 575 1416 609 miseratione

66 649 217 690 tangitur
242 647 358 690 pueri,
393 656 492 688 quem
518 645 703 678 etiamnum
727 647 837 684 amat,
871 647 906 675 et
932 644 1135 687 deprecatur
1161 652 1304 687 poenam
1330 641 1418 675 divi·

67 725 154 748 nam.
205 715 253 747 Ac
278 724 354 747 cum
380 713 516 745 omnino
541 722 664 755 graves
688 711 759 744 irae
786 720 846 754 per
870 720 1009 743 carmen
1033 710 1242 753 propositum
1262 710 1417 750 regnent,

65 781 167 813 etiam
203 784 344 823 propter
379 780 475 822 leges
507 789 653 823 poeseos
692 778 878 811 amatoriae
915 778 1051 821 placere
1084 776 1186 809 debet
1214 774 1417 817 intelligenti

66 847 185 879 lectori
220 846 333 878 mitior
365 849 400 878 et
431 846 566 878 mollior
594 844 648 879 liic
680 845 901 888 interpositus
937 845 1052 884 locu33
1088 843 1198 875 minus
1224 841 1311 874 enim
1337 849 1420 884 pro-

66 911 164 946 bares
198 911 344 953 elegiam
378 914 485 943 totam
521 911 661 951 iratam,
699 910 790 942 nulla
824 910 981 942 suaviore
1016 908 1263 950 significatione
1295 904 1420 939 amoris

65 978 230 1012 immixta.
256 995 302 1001 -
342 976 535 1009 Numina
568 975 759 1009 laedere
797 979 974 1016 vestra,
1013 974 1057 1007 cf.
1092 973 1196 1014 adl,
1232 975 1265 1014 3,
1289 974 1346 1005 79.
1373 989 1419 996 -—-

66 1045 106 1078 V.
135 1048 156 1077 7
182 1054 257 1086 sqq.
315 1043 470 1076 Honesta
507 1044 665 1086 exempla
701 1043 786 1076 lucri
820 1043 919 1086 petiti
953 1042 1074 1082 affert,
1111 1041 1160 1074 sic
1196 1043 1419 1073 excusaturus

66 1120 220 1154 puerum.
268 1110 381 1152 Atque
414 1114 453 1143 ut
487 1114 578 1143 amat
602 1111 759 1154 opposita
784 1110 920 1153 poesis,
958 1108 1145 1142 arationem
1171 1110 1206 1139 et
1231 1105 1421 1147 navigatio-

66 1187 142 1209 nem
168 1176 354 1218 coniungit.
380 1192 426 1202 —-
469 1174 633 1216 habili,
671 1185 737 1208 non
764 1181 816 1208 est
840 1175 928 1216 levi,
968 1184 1056 1218 quae
1081 1171 1283 1215 significatio
1310 1169 1421 1203 aliena

66 1243 108 1275 ab
135 1241 198 1275 lioc
224 1243 320 1284 loco,
351 1241 412 1275 sed
438 1241 562 1275 idoneo
587 1253 613 1275 s.
641 1241 732 1284 quod
757 1247 874 1286 aptum
899 1242 944 1274 sit
971 1240 1153 1273 vertendae
1180 1243 1292 1271 terrae
1319 1235 1420 1268 lucri-

65 1318 132 1350 que
154 1307 292 1351 parandi
318 1307 530 1340 consilio.-
556 1310 708 1340 terrae
735 1317 865 1350 opuS,
891 1308 1101 1346 arationem,
1128 1309 1162 1337 et
1189 1307 1322 1345 urget
1348 1305 1420 1335 est:

64 1374 145 1407 totis
179 1373 305 1406 viribus
339 1373 502 1406 incumbit
526 1373 558 1405 in
584 1373 639 1414 id,
677 1376 714 1406 ut
750 1376 892 1414 notum,
930 1372 972 1405 cf.
1001 1372 1112 1404 Ovu).
1142 1370 1228 1402 Met.
1255 1368 1315 1409 lv,
1339 1370 1421 1400 390.

63 1440 209 1474 Honm.
235 1441 308 1474 Sat.
333 1440 377 1481 ll,
403 1444 437 1481 7,
462 1443 494 1473 6.
530 1440 642 1473 Vm.
668 1440 752 1473 Aen.
778 1439 841 1480 IX,
866 1440 949 1473 489.
976 1456 1021 1463 —
1061 1437 1276 1470 rusticus.
1329 1433 1422 1467 Nota

63 1509 255 1543 subiectum
288 1508 454 1542 ambobus
487 1508 650 1542 membris
677 1517 859 1541 commune
884 1507 917 1541 in
944 1505 1097 1540 secundo
1122 1505 1348 1544 collocatum,
1385 1505 1423 1533 ut·

64 1585 167 1619 supra
199 1575 227 1616 I,
261 1577 296 1616 8,
332 1577 388 1607 62.
439 1573 541 1607 Conf.
573 1567 731 1607 Serimm.
764 1572 808 1605 ad
841 1571 928 1605 Hor,
960 1570 1071 1615 Epist.
1097 1570 1143 1611 ΙΙ,
1171 1572 1202 1610 1,
1230 1570 1310 1601 169.
1369 1566 1421 1599 De

64 1651 168 1674 causa
192 1640 427 1674 collocationis
461 1649 565 1681 saepe
598 1638 725 1670 monui.
751 1654 799 1662 -
838 1635 1110 1676 instabiles,
1148 1637 1242 1667 motu
1278 1633 1422 1671 incerto,

65 1706 99 1738 in
128 1716 246 1738 omnes
272 1709 386 1749 partes
412 1705 637 1745 fluctuantes,
663 1708 701 1736 ut
726 1704 1050 1737 annmzmcnms
1076 1701 1254 1741 observat,
1283 1708 1422 1739 compa-

65 1782 143 1805 rans
168 1772 277 1804 Ovrn.
298 1771 382 1804 Met.
402 1770 446 1811 11,
470 1771 548 1803 164.
599 1769 764 1802 Similiter
789 1767 972 1801 instabiles
995 1765 1138 1808 cymbae
1163 1765 1420 1805 V1ne.Georg·

64 1839 125 1880 lv,
152 1841 252 1880 195.‚
287 1836 414 1870 dalaiae
449 1843 547 1869 rates
581 1837 690 1871 Ovm.
727 1837 800 1869 Art.
834 1837 909 1869 Am.
946 1835 990 1878 11,
1016 1835 1097 1868 514.
1154 1831 1334 1866 Adiectum
1369 1834 1421 1864 est

65 1903 240 1948 epitheton
273 1903 316 1936 ad
342 1904 493 1947 pericula
518 1908 552 1936 et
578 1904 751 1936 molestias
780 1902 1008 1945 navigationis
1041 1898 1301 1944 significandas,
1337 1908 1421 1940 quas

64 1980 131 2003 non
157 1970 253 2002 timet
278 1973 448 2002 mercator
473 1969 603 2002 lucrum
628 1979 806 2011 quaerens.
830 1988 876 1994 —
900 1968 1056 2001 sidera
1082 1970 1228 2007 certa,
1254 1968 1292 1997 ut
1312 1965 1420 2008 ipsum

64 2038 197 2070 caelum
231 2039 410 2078 quaestum
449 2035 611 2068 adiuvare
646 2034 813 2068 videatur.
874 2034 1118 2076 Intelliguntur
1157 2041 1239 2065 vero
1274 2030 1421 2063 maxime

64 2111 144 2134 ursa
169 2101 274 2134 maior
299 2105 333 2134 et
359 2101 478 2134 minor.
506 2118 551 2125 -
590 2101 630 2134 V.
661 2103 701 2133 ll
719 2111 770 2142 sq.
797 2104 841 2133 at
877 2099 990 2132 deus
1024 2098 1106 2132 illa
1141 2098 1183 2130 in
1223 2097 1422 2130 cinerem

65 2177 247 2200 munera
281 2170 441 2200 vertat.
491 2167 628 2200 Parcite
652 2166 699 2200 dii
725 2177 852 2211 puero,
890 2176 993 2210 supra
1019 2166 1172 2206 dixerat,
1209 2167 1243 2196 at
1269 2173 1420 2202 munera,

65 2235 110 2267 ob
135 2245 222 2277 quae
250 2233 350 2267 fidem
376 2234 473 2266 laesit
496 2235 572 2274 iste,
604 2235 697 2268 nullo
723 2235 825 2268 modo
852 2244 988 2267 manere
1016 2233 1100 2274 vult,
1125 2232 1184 2264 sed
1213 2231 1255 2264 ad
1281 2229 1419 2263 nihilum

64 2301 160 2333 verti.
209 2301 269 2333 Sic
302 2299 464 2343 paulatim
500 2299 542 2332 ad
569 2299 634 2332 iras
659 2298 758 2332 redit.
809 2299 992 2338 Ceterum,
1027 2302 1065 2330 ut
1091 2300 1227 2338 notum,
1264 2297 1296 2329 in
1324 2296 1419 2328 cine-

65 2379 148 2410 rem,
174 2369 359 2412 pulverem,
387 2377 508 2409 aquam
535 2372 571 2399 ut
602 2370 790 2407 vertantur,
819 2370 938 2409 optant
964 2368 1099 2398 veteres
1125 2375 1212 2407 quae
1238 2364 1333 2397 irrita
1360 2375 1419 2396 vo-

66 2434 138 2466 lunt
172 2443 247 2466 esse
281 2438 339 2466 aut
374 2432 491 2466 deleri.
542 2432 628 2465 Vide
664 2432 903 2465 Gnmmnnum
940 2432 1105 2474 aliosque.
1154 2430 1214 2464 Sic
1247 2430 1341 2462 Hom.
1380 2430 1417 2462 ΙΙ.

68 2500 144 2541 Vll,
167 2503 231 2533 99:
265 2496 338 2531 ἀλλ’
363 2495 454 2537 ὑμεῖς
483 2502 540 2530 καὶ
564 2496 688 2536 πάντες
715 2494 807 2543 ὕδωρ
835 2501 894 2530 καὶ
915 2505 998 2540 γαῖα
1023 2498 1190 2538 γένοισθε.
1230 2497 1419 2529 PROPERT.

66 2566 110 2606 ll,
139 2568 192 2605 16,
216 2567 272 2598 43.
308 2567 416 2598 Ovm.
446 2568 580 2598 Amorr.
608 2564 668 2603 lll,
700 2567 732 2605 Β,
760 2567 817 2597 66.
867 2563 913 2596 Et
945 2563 1014 2596 hoc>
1035 2562 1171 2606 quidem
1198 2562 1274 2595 loco
1299 2560 1420 2594 Tibul-

67 2631 117 2664 lus
153 2630 200 2663 nic
239 2641 442 2663 manescere
479 2631 547 2663 mn
583 2641 720 2664 inuncta
756 2634 916 2674 accepta,
953 2633 988 2662 ut
1014 2640 1116 2673 supra
1143 2629 1168 2669 Ι,
1195 2631 1226 2668 6,
1252 2630 1306 2660 53.
1345 2636 1419 2658 cor—
