1721 2953
266 168 446 192 (uxxx'm
828 153 900 191 DE
936 151 1096 194 POESI

264 279 330 310 aut
363 286 383 310 a
416 269 554 308 militia
583 267 743 317 ductas.
779 276 864 307 tum
897 270 974 309 alia
1007 269 1208 308 nonnulla
1238 283 1287 308 ex
1315 281 1389 307 usu
1420 267 1612 321 populari

263 345 408 398 petita,
451 345 553 382 nihil
588 342 697 396 quod
735 343 980 396 exquisitius
1017 344 1066 383 sit
1104 352 1173 383 aut
1211 343 1420 383 audacius.
1487 342 1611 382 Cum-

263 421 494 472 parationes
533 427 570 457 et
607 420 794 471 exempla
830 420 1069 460 observabis
1106 419 1148 457 in
1181 419 1448 473 sequentibus
1486 418 1610 457 locis:

262 496 300 543 Ι,
332 497 462 543 4,17
495 507 583 547 sqq.
613 498 664 533 29
696 507 786 548 sqq.
818 498 868 534 63
900 508 990 549 sqq.
1043 495 1084 544 Ι,
1118 499 1164 546 5,
1195 499 1233 534 3.
1262 496 1328 533 45.
1384 495 1423 543 Ι,
1463 498 1509 543 6,
1545 498 1612 533 53.

261 571 308 620 ΙΙ,
335 573 372 619 4,
400 574 538 609 8-10.
578 571 629 619 ΙΙ,
657 575 692 619 5,
718 574 757 609 9.
791 570 861 620 IV,
884 575 923 615 2,
953 574 1016 610 13.
1049 570 1121 621 lv,
1148 573 1185 622 6,
1213 573 1288 620 17,
1328 567 1438 608 unde
1470 568 1612 617 discas,

261 645 374 699 quod
402 647 478 684 iam
507 659 631 698 supra
656 645 819 695 monui,
854 646 976 685 etiam
1002 646 1112 686 hunc
1137 653 1328 685 ornatum
1354 658 1438 684 non
1468 644 1613 698 quaeri

260 720 483 761 studiosius
524 736 545 759 a
579 721 768 770 Tibullo,
813 721 891 760 nisi
932 734 1093 760 carmen
1133 721 1171 770 Ι,
1202 721 1242 760 4.
1283 720 1471 772 excipere
1510 719 1612 759 velis

261 797 454 849 scriptum
507 797 675 835 omnino
725 796 949 848 elegantius
998 805 1043 835 ut
1088 804 1218 836 cetera
1267 795 1309 834 in
1357 794 1611 834 Marathum.

261 872 405 911 Trium
457 885 557 911 vero
608 872 960 924 comparationum
1009 871 1326 911 cumulationem
1374 868 1611 922 Lygdamus

260 948 385 986 habet
423 949 502 998 ΙΙΙ,
535 949 578 996 4,
610 951 662 986 29
687 961 797 1001 sqq,
839 961 959 1000 quem
996 947 1105 986 nosti
1134 960 1187 985 ex
1217 944 1501 998 superioribus
1534 944 1612 983 sibi

262 1025 421 1075 placere
455 1025 495 1062 in
533 1023 861 1075 amplificatione.
929 1023 1122 1076 Denique
1154 1031 1279 1062 restat
1310 1029 1354 1060 ut
1385 1020 1434 1060 de
1467 1034 1612 1073 perso-

260 1099 503 1138 nificationis
544 1113 617 1137 usu
657 1097 802 1138 dicam.
870 1099 928 1137 Ac
962 1112 1070 1138 nova
1102 1097 1268 1150 quidem
1303 1097 1424 1136 etiam
1457 1096 1504 1135 in
1533 1097 1611 1136 hoc

258 1188 406 1226 genere
448 1187 531 1214 non
574 1173 821 1224 excogitavit
860 1173 1072 1222 Tibullus,
1120 1172 1249 1211 utitur
1284 1185 1385 1212 vero
1424 1171 1612 1224 personis

259 1249 408 1290 <livinis
447 1248 651 1288 interdum
687 1249 859 1299 optime,
904 1255 948 1286 ut
980 1247 1098 1286 facile
1129 1247 1278 1287 sentias
1308 1247 1402 1287 satis
1434 1249 1611 1299 peritum

257 1325 382 1363 liuius
424 1322 644 1374 elegantiae
688 1331 866 1373 poetam.
939 1320 1074 1369 Quam
1115 1335 1261 1363 suaves
1303 1330 1398 1361 sunt·
1440 1323 1522 1361 loci
1561 1321 1617 1361 de'

258 1401 331 1452 Spe
363 1400 422 1447 ΙΙ,
455 1402 498 1446 6,
528 1402 579 1436 20
604 1410 717 1450 sqq.,
758 1395 859 1435 adde
890 1396 927 1445 Ι,
964 1399 1005 1445 1,
1039 1399 1076 1435 9.
1109 1404 1148 1434 et
1181 1395 1230 1435 de
1260 1398 1365 1436 Pace
1396 1398 1434 1447 I,
1468 1402 1517 1436 10
1540 1397 1610 1437 fin.

260 1474 592 1514 cumulationem
629 1486 727 1512 vero
764 1484 1035 1524 personarum
1077 1470 1396 1524 symbolicarum
1435 1473 1611 1511 ornatis-

260 1551 406 1590 simam
445 1547 538 1589 vide
579 1548 622 1587 in
660 1546 775 1586 exitu
810 1559 934 1585 carm.
962 1545 1021 1594 ΙΙ,
1054 1548 1094 1584 1.
1158 1545 1326 1585 Exitum
1368 1547 1469 1598 eleg.
1499 1547 1539 1596 Ι,
1570 1551 1610 1586 3.

257 1625 516 1667 laudavimus
554 1626 636 1664 iam
670 1637 807 1676 supra.
866 1620 1026 1662 Ibidem
1059 1622 1097 1671 Ι,
1126 1624 1170 1672 3,
1203 1625 1241 1661 5.
1298 1623 1432 1661 ΖΙΙονίίε
1468 1621 1610 1664 avidas

260 1716 404 1742 manus
436 1701 660 1741 detestatur
691 1699 903 1751 praeclaro
933 1697 977 1736 in
1007 1697 1179 1746 affectu,
1220 1703 1259 1735 et
1287 1696 1359 1747 IV,
1380 1701 1420 1748 2,
1447 1702 1485 1737 7.
1515 1709 1610 1738 sua-

258 1777 365 1816 viter
405 1775 453 1815 de
486 1777 628 1815 Decor-e
667 1773 830 1814 dicitur.
888 1774 1019 1812 Poena
1057 1779 1313 1812 memoratur
1351 1772 1391 1821 Ι,
1421 1775 1466 1823 9,
1497 1773 1536 1812 4.
1571 1780 1611 1812 et

258 1861 341 1892 rota
380 1854 566 1891 Fortunae
610 1851 652 1899 Ι,
691 1852 738 1900 5,
775 1855 840 1888 70.
916 1847 1111 1900 Denique
1151 1855 1249 1887 nota
1288 1855 1348 1886 est
1388 1848 1431 1887 in
1474 1848 1610 1900 elegiis

257 1932 395 1966 ianuae
430 1925 754 1978 personificatio,
795 1923 861 1962 cui
890 1929 1073 1961 amantes
1103 1920 1268 1962 dolores
1299 1935 1396 1962 suos
1426 1932 1611 1975 narrant,

260 2016 384 2055 quam
430 2009 571 2050 orant,
626 2013 750 2052 quam
793 1999 1030 2049 increpant;
1086 2004 1174 2036 erat
1217 1997 1325 2036 enim
1371 1997 1610 2040 daemonica

261 2076 464 2131 quaedam
505 2077 565 2116 vis
608 2075 826 2113 ianuarum
872 2087 924 2111 ex
968 2072 1164 2124 opinione
1208 2081 1407 2113 veterum.
1485 2073 1610 2127 Apud

260 2154 474 2193 Tibullum
515 2149 698 2192 vividum
738 2149 861 2188 huius
901 2149 1060 2199 generis
1099 2149 1236 2188 locum
1275 2148 1462 2189 videmus
1499 2150 1538 2198 Ι,
1569 2154 1609 2199 2,

263 2229 403 2268 7-14.
461 2226 645 2276 Quaeras
676 2224 854 2278 denique
884 2238 958 2263 cur
987 2222 1172 2264 nondum
1205 2225 1521 2267 memoraverim
1550 2227 1612 2265 lo-

261 2305 466 2344 cutionem
500 2303 655 2343 tenebris
687 2316 785 2340 mors
816 2302 1001 2354 adoperw
1031 2307 1145 2353 caput
1179 2299 1211 2350 Ι,
1244 2303 1279 2351 1,
1304 2305 1370 2340 70.
1381 2330 1392 2351 ,
1431 2300 1504 2341 sed
1532 2302 1611 2340 hoc

260 2379 391 2418 sciens
422 2379 522 2429 seci3
558 2378 679 2430 plane
711 2389 796 2415 non
826 2376 1003 2416 habetur
1031 2375 1090 2414 ibi
1117 2388 1297 2427 persona
1318 2376 1467 2415 Mortis
1496 2384 1611 2415 tene-

260 2454 346 2494 bris
371 2462 439 2492 aut
468 2454 576 2491 nube
605 2459 726 2504 caput
753 2459 917 2504 operta,
947 2449 1020 2490 sed
1046 2444 1218 2499 σκότος,
1245 2449 1379 2504 ’νέφος
1403 2445 1614 2493 θανάτου

262 2529 543 2577 notissimum,
598 2528 641 2566 in
688 2527 860 2567 mortuis
905 2524 1018 2579 quod
1060 2533 1310 2577 spectamus,
1366 2538 1458 2564 cum
1504 2528 1613 2566 oculi

259 2606 429 2656 caligine
466 2602 631 2643 obducti
669 2611 775 2642 suut.
843 2601 979 2653 Atque
1012 2602 1112 2640 haec
1147 2600 1196 2640 de
1229 2601 1306 2641 his.
1362 2599 1442 2640 Sed
1482 2602 1612 2641 utitur

1712 1695 1721 1753 ἒ

1712 2868 1721 2953 Ι
