1721 2953
282 114 360 152 206
479 104 660 149 COMM.
690 104 748 145 IN
781 105 888 147 TIB.
918 104 1062 146 LIBR.
1093 106 1124 146 1.
1184 106 1342 149 ELEG.
1372 109 1427 150 x.

282 223 461 259 Rescissae
480 226 595 256 vestes
615 226 651 254 et
672 221 788 266 spicea
809 221 945 268 passim
970 226 1074 257 Serta
1099 222 1218 257 iacent
1233 227 1300 258 ete.
1350 223 1453 261 Quod
1473 222 1623 259 Hssxmo

280 290 436 336 placebat
460 286 725 333 praescindere,
763 287 888 323 dubiae
919 289 1133 324 auctoritatis
1166 289 1306 324 verbum
1332 295 1395 326 est.
1443 291 1624 326 Postremo

278 356 395 392 confer
424 355 614 389 PROPERT.
638 354 685 396 II,
710 356 746 397 5,
768 355 834 388 21:
873 355 946 387 Nec
971 353 1037 387 tibi
1065 354 1210 400 periuro
1234 355 1393 389 scindam
1421 356 1462 389 de
1487 368 1626 401 corpore

276 427 416 455 vestem³
441 439 488 446 —
527 420 615 455 Mox
647 423 837 454 ornatus
873 430 1026 455 comae
1063 420 1118 455 hic
1149 422 1284 465 quidem
1319 422 1401 456 nihil
1431 423 1523 457 aliud
1550 434 1626 457 esse

277 493 393 535 potest
417 499 518 533 quam
543 488 631 522 bene
656 498 766 534 pexa,
800 488 964 531 collecta,
996 489 1161 533 disposita
1186 501 1292 524 coma.
1342 491 1434 525 Dicit
1456 502 1539 526 vero
1564 502 1626 537 pro

275 559 397 589 ornatu
419 566 509 589 nunc
533 560 694 591 ornatus,
723 554 828 588 credo
850 560 992 600 propter
1017 557 1125 590 varias
1150 561 1264 601 partes
1288 557 1420 602 eapitis.
1436 576 1482 584 ·—
1507 559 1626 594 flere

275 624 431 669 puella.
470 625 644 667 potest,
676 621 720 656 cf.
747 623 855 656 Ovm.
883 625 955 658 Art.
983 625 1057 658 Am.
1083 623 1128 666 ΙΙ,
1153 626 1235 658 447.
1283 623 1362 658 Non
1386 624 1540 668 intelligo
1564 636 1626 659 au-

275 697 346 726 tem
371 691 558 732 memmi,
584 688 724 723 verbum
740 689 832 733 flere
855 700 934 723 cum
959 689 1108 723 ablativo
1134 700 1302 734 personae
1326 690 1383 733 qui
1412 695 1509 735 putat
1531 691 1626 734 iungi

276 770 377 803 posse
402 762 437 792 et
461 757 515 792 hic
540 758 691 792 iunctum
716 767 806 791 esse.
855 757 950 790 Dicit
974 756 1158 791 Tibullusz
1192 767 1294 800 quem
1328 761 1506 802 tantopere
1537 762 1626 792 amat

277 826 412 869 puella,
442 828 482 858 ut
507 823 559 858 vel
593 823 685 858 laesa
717 823 801 857 flere
826 833 869 857 eo
893 823 981 857 irato
1006 823 1126 867 possit.
1176 823 1283 857 Vides
1316 824 1416 857 simul
1448 834 1516 858 non
1551 835 1627 859 esse

278 890 488 935 superfluum
522 888 576 923 hle
606 893 740 933 potest.
789 887 842 921 De
872 888 1072 932 pleonasmo
1106 897 1208 931 quem
1241 887 1359 921 dicunt
1389 898 1421 922 v.
1443 900 1545 934 posse
1575 894 1627 923 est

276 955 404 989 dictum
429 953 524 996 adl,
550 958 584 996 τ,
609 957 643 987 3.
669 972 716 979 -
754 953 796 987 V.
824 955 869 986 65
895 963 969 996 sqq.
1011 957 1279 997 scutumque
1310 953 1555 998 sudemque
1588 957 1627 989 is

277 1026 431 1065 gerat,
469 1021 500 1056 h.
527 1032 559 1056 e.
584 1021 682 1054 miles
710 1021 755 1053 sit
783 1024 818 1054 et
842 1021 875 1053 in
899 1020 1027 1054 bellum
1051 1020 1165 1054 abeat.
1215 1020 1370 1053 Gerebat
1392 1024 1505 1054 autem
1529 1022 1627 1055 miles

274 1090 450 1123 Romanus
475 1089 563 1121 inter
587 1098 679 1121 arma
703 1087 805 1120 etiam
830 1087 937 1120 vallos
963 1090 998 1120 et
1022 1086 1126 1120 sudes
1152 1089 1348 1130 praeustas,
1384 1097 1468 1129 quas
1493 1091 1627 1121 constat

273 1156 309 1189 in
341 1153 654 1199 oppugnationibus
686 1152 874 1196 adhibitas,
910 1152 954 1188 cf.
980 1164 1012 1186 v.
1038 1163 1069 1186 c.
1096 1152 1256 1185 CAESAR.
1281 1152 1324 1186 de
1349 1152 1440 1186 bello
1465 1153 1558 1187 Gall.
1583 1154 1626 1195 V,

275 1226 333 1257 40.
358 1222 501 1256 Luem.
520 1220 583 1263 111,
598 1222 691 1263 494„
716 1231 759 1254 ne
783 1220 893 1253 dicam
920 1219 963 1254 de
988 1220 1057 1253 alio
1080 1229 1146 1253 usu
1169 1220 1203 1253 in
1228 1219 1401 1252 exercitiis
1423 1218 1626 1252 militaribus

276 1290 364 1323 infra
387 1289 449 1331 IV,
473 1291 533 1321 89.
565 1291 768 1323 memorato.
819 1287 923 1323 Quod
956 1291 1070 1321 autem
1098 1289 1201 1322 etiam
1235 1287 1366 1332 proelia
1398 1287 1628 1321 miscebantur

277 1355 363 1388 sude
396 1354 430 1387 in
463 1355 592 1396 agresti
625 1355 833 1397 certamine,
871 1355 914 1388 cf.
940 1355 1129 1388 PROPERT.
1154 1355 1216 1397 IV,
1250 1358 1281 1397 1,
1307 1357 1364 1388 28.
1403 1355 1514 1388 Vmo.
1539 1355 1625 1388 Aen.

278 1421 355 1463 Vll,
380 1423 483 1463 523.,
510 1420 575 1454 etsi
600 1421 782 1454 convenire
806 1422 960 1465 apprime
991 1421 1146 1454 videatur
1171 1421 1325 1454 manibus
1348 1421 1478 1463 saevis,
1513 1425 1627 1455 tamen

274 1486 319 1520 ab
354 1485 418 1520 hoc
455 1487 531 1520 loco
564 1486 710 1520 alienum
742 1486 880 1528 iudico,
916 1486 975 1519 ubi
1009 1486 1052 1519 de
1083 1496 1164 1520 vera
1198 1487 1316 1519 militia
1341 1490 1377 1519 et
1401 1486 1444 1520 de
1468 1487 1627 1521 Romano

278 1552 386 1587 milite
416 1555 550 1586 scutum
583 1556 726 1594 gerente
758 1552 884 1594 agitur.
941 1551 1074 1585 Tamen
1111 1562 1173 1585 cur
1205 1553 1381 1596 componit
1415 1559 1558 1586 scutum
1593 1559 1629 1588 et

277 1619 398 1653 sudem
423 1618 467 1652 ad
495 1618 738 1661 designandam
764 1617 950 1651 militiam?
999 1618 1134 1662 Nempe
1158 1628 1294 1651 sensus:
1328 1620 1508 1661 gregarius
1531 1621 1630 1654 miles

276 1686 306 1719 is
332 1686 403 1719 fiat.
423 1703 468 1709 —-
493 1684 756 1728 spicamque
783 1686 962 1725 teneto,
988 1687 1027 1716 ut
1049 1693 1154 1727 saepe
1180 1683 1213 1716 in
1239 1684 1385 1717 nummis
1410 1694 1511 1718 manu
1535 1688 1630 1719 tenet

277 1751 478 1784 fasciculum
503 1750 703 1792 aristarum,
740 1748 785 1782 cf.
811 1748 1106 1782 Bnoncmmsmm
1138 1753 1173 1782 et
1207 1749 1379 1783 STATIUM
1409 1749 1452 1782 ad
1477 1749 1509 1784 h.
1535 1751 1558 1785 l.
1595 1755 1631 1785 et

280 1819 637 1853 Mmscnssnmcmum
670 1816 714 1849 ad
747 1816 850 1850 Hom.
876 1815 1005 1858 Hymn.
1039 1816 1073 1849 in
1100 1815 1218 1850 Cerer.
1245 1817 1300 1850 13.
1326 1833 1371 1840 —-
1403 1815 1629 1859 Perfluat,

278 1884 450 1927 abundet,
489 1888 529 1918 ut
561 1884 596 1917 in
629 1884 775 1917 nummis
809 1883 1018 1928 conspicitur
1053 1883 1119 1917 dea
1153 1883 1285 1926 gremio
1317 1883 1420 1927 spicis
1453 1884 1631 1927 pomisque

279 1954 414 1984 onusto.
462 1949 516 1983 De
548 1949 721 1982 locutione
751 1949 917 1993 imprimis
944 1948 1159 1982 Huscnxms
1192 1949 1272 1982 data
1297 1959 1401 1993 opera
1427 1949 1532 1992 dixit,
1567 1950 1630 1984 etsi

279 2016 409 2050 nullum
435 2015 536 2059 plane
564 2015 708 2048 similem
733 2015 845 2048 locum
870 2014 1028 2048 afferens
1089 2014 1267 2057 Intelligas
1292 2019 1404 2049 autem
1430 2016 1540 2049 sinum
1563 2025 1630 2048 non

279 2082 473 2125 capientem
501 2081 635 2124 copiam
660 2091 837 2125 pomorum
864 2079 1133 2126 (ziberfliessend
1158 2094 1223 2115 von
1252 2080 1371 2126 obst).
1419 2081 1496 2115 Non
1522 2092 1631 2124 aeque

281 2147 370 2180 bene
402 2145 467 2180 hoc
499 2146 821 2191 dixerisprofluat
848 2146 980 2190 pomis,
1017 2147 1107 2190 quod
1135 2148 1281 2182 Vossms
1306 2152 1340 2182 et
1364 2148 1526 2182 Bicnms
1551 2157 1631 2193 pro-

283 2215 375 2249 bant.
426 2214 588 2249 Ceterum
613 2214 731 2249 confer
755 2215 898 2249 Houxr.
924 2215 984 2257 lv,
1009 2219 1043 2257 7,
1072 2218 1127 2249 11.
1153 2233 1198 2239 -
