1721 2953
426 105 669 152 TIBULLI
714 106 822 154 Lljss.
852 107 904 152 Il.
933 115 963 151 1.
1303 103 1364 150 41

86 232 153 279 llli
191 231 319 278 eiiam
354 242 505 278 tauros
536 229 670 295 primi
707 228 913 276 docuisse
948 227 1155 275 feruntur

148 318 383 365 Servitium
421 329 462 364 et
497 316 698 382 plaustro
733 315 1025 381 supposuisse
1060 326 1216 363 rotam.

87 406 213 450 Tunc
246 403 387 450 victus
417 403 566 450 abiere
601 402 710 459 feri,
753 413 859 448 tunc
896 401 1066 448 consita
1096 420 1286 467 pomus,

151 490 279 536 Tunc
315 489 432 536 bibit
467 488 662 552 irriguas
697 487 855 534 fertilis
887 487 1044 535 hortus
1079 506 1244 553 aquas,

29 586 75 621 45
89 574 238 622 Aurea
275 587 382 622 tunc
419 593 600 640 pressos
636 573 830 639 pedibus
868 573 993 620 dedit
1026 593 1112 621 uva
1146 574 1344 639 liquores

150 661 380 726 Mixtaque
414 679 572 708 securo
607 672 672 707 est
705 660 857 707 sobria
890 659 1076 727 lympha
1110 678 1247 706 mero.

84 747 208 793 Rura
240 747 392 794 serunt
422 765 612 804 messes,
658 745 792 793 calidi
829 764 931 792 cum
963 745 1124 792 sideris
1161 756 1284 792 aestu

149 832 348 896 Deponit
383 832 519 880 flavas
553 851 704 879 annua
739 843 857 879 terra
893 849 1056 878 comas.

86 918 211 986 ἐΡιιιΓθ
243 917 350 966 levis
387 938 523 966 verno
557 917 690 966 flores
728 918 826 984 apis
861 917 1027 981 ingerit
1058 916 1205 975 alveo,

34 989 90 1060 50}
164 1004 395 1070 Compleat
429 1017 478 1052 ut
515 1004 636 1052 dulci
672 1004 829 1052 sedula
865 1003 994 1051 melle
1029 1004 1167 1051 favos.

85 1090 299 1155 Agricola
330 1091 512 1138 assiduo
545 1092 742 1157 primum
779 1091 963 1138 satiatus
1001 1102 1149 1139 aratro

163 1177 367 1225 cantavit
399 1189 518 1225 cerlo
554 1177 721 1226 rustica
757 1176 892 1225 verba
928 1176 1044 1242 pede

98 1264 154 1310 Et
189 1275 314 1310 satur
345 1264 488 1311 arenti
524 1265 720 1329 primum
759 1275 824 1310 est
857 1261 1115 1310 modulatus
1153 1281 1289 1309 avena

167 1350 381 1407 Carmen,
420 1360 470 1395 ut
500 1360 682 1396 ornatos
715 1348 882 1396 diceret
918 1359 1019 1395 ante
1056 1347 1190 1405 deos,

39 1445 85 1480 55
99 1434 312 1499 Agricola
349 1446 392 1482 et
424 1434 565 1482 minio
602 1434 829 1492 suffusus,
876 1433 1080 1490 Bacche⁷
1125 1432 1305 1480 rubenti

158 1521 338 1568 Primus
374 1521 608 1586 inexperta
642 1520 768 1568 duxit
804 1520 859 1567 ab
894 1532 986 1567 arte
1022 1519 1196 1567 choros.

96 1606 212 1653 Huic
251 1607 382 1653 datus
417 1626 442 1653 a
478 1606 638 1672 pleno,
683 1606 973 1653 memorabile
1007 1624 1198 1663 munus⁷
1244 1604 1345 1651 ovili

167 1693 271 1738 Dux
303 1693 480 1757 pecoris
512 1692 665 1739 hircus
696 1704 878 1738 auxerat
911 1691 1064 1738 hircus
1101 1709 1215 1737 oves.

99 1779 221 1824 Rure
258 1795 371 1842 puer
405 1796 542 1824 verno
578 1778 773 1842 primum
812 1777 867 1823 de
903 1776 1011 1823 flore
1050 1795 1263 1824 coronam

45 1876 91 1908 60
169 1863 293 1910 Fecit
328 1875 370 1909 et
406 1863 600 1927 antiquis
638 1863 852 1928 imposuit
883 1862 1088 1909 Laribus.

103 1953 226 1998 Rure
260 1949 391 1996 etiam
425 1949 587 1996 teneris
622 1968 774 1995 curam
807 1948 1059 1995 exhibitura
1089 1946 1250 2013 puellis

165 2035 303 2083 Molle
338 2034 451 2098 gerit
487 2046 612 2098 tergo
650 2034 800 2082 lucida
837 2034 974 2081 vellus
1010 2033 1116 2081 ovis.

145 2225 184 2257 V.
203 2226 260 2257 41.
302 2224 435 2268 primi
474 2225 548 2257 libri
586 2224 716 2268 optimi.
742 2241 786 2247 —
851 2221 938 2255 Mox
975 2216 1148 2252 domuisse
1182 2237 1223 2243 —
1260 2216 1404 2250 sert-ilio

49 2291 121 2323 sine
147 2289 268 2323 idonea
297 2300 399 2323 causa
424 2290 571 2323 Vossms
597 2293 633 2323 et
658 2290 829 2322 Bxcmns.

146 2376 187 2409 V.
200 2377 258 2408 58.
279 2375 409 2408 Versus
429 2378 620 2417 corruptus.
662 2374 753 2406 Sana
770 2372 926 2405 videntur
944 2370 1064 2403 verba:
1090 2369 1185 2402 Dux
1212 2367 1405 2412 pecoriS,

55 2441 174 2473 mirum
209 2451 289 2473 vero
315 2441 342 2473 si
374 2450 439 2472 non
466 2440 601 2483 scripsit
630 2443 731 2482 poeta
757 2437 829 2469 dux
863 2437 984 2469 hircus
1015 2435 1164 2479 pecoris.
1213 2434 1302 2468 Tum
1329 2433 1406 2466 libri

55 2511 269 2546 auxerat,
297 2505 495 2546 hauserat,
521 2505 713 2544 lmus-erat,
740 2514 801 2548 pro
824 2514 891 2546 quo
915 2503 1017 2545 vulgo
1043 2501 1193 2534 ‹luer-at
1221 2501 1345 2545 legitur
1366 2499 1408 2533 dc

56 2571 248 2604 coniectura
281 2571 443 2603 Mum-Pri.
