1721 2953
509 111 652 152 [ΑΒΗ.
687 112 737 150 11.
797 107 956 148 ELEG.
992 111 1063 150 IV.
1378 114 1456 147 263

109 230 205 263 Iuvat
241 228 396 263 conferre
433 228 620 263 Pnornnr.
650 226 711 266 111,
742 227 805 258 13:
850 223 1030 268 Quaeritis
1057 224 1148 257 unde
1175 221 1289 255 avidis
1315 233 1383 254 nox
1407 222 1454 254 sit

109 295 263 340 pretiosa
294 293 426 339 puellis
460 294 509 326 Et
551 292 680 325 Venere
714 289 912 322 exhaustae
951 289 1079 321 damna
1118 294 1313 335 querantur
1348 286 1456 332 opes?

114 363 214 393 Certa
240 360 377 407 quidem
400 358 516 391 tantis
541 369 650 390 causa
675 363 710 389 et
737 356 930 402 manffesta
951 357 1082 388 ruinis:
1109 356 1293 389 Luxuriae
1313 355 1456 388 nimium

112 424 219 457 libera
242 425 355 470 sacta
387 423 445 455 via
470 428 536 456 est.
586 422 678 454 Inda
704 421 801 454 cavis
827 432 956 453 aarum
981 422 1093 454 mittit
1111 421 1267 467 formica
1294 420 1458 457 metallis,

113 491 159 521 Et
184 489 277 522 veuit
300 500 317 520 e
343 486 448 521 rubro
473 487 604 520 conella
630 486 788 531 Erycina
814 485 902 521 salo,
928 487 976 517 Et
1003 488 1113 531 'Isyros
1139 486 1289 519 ostrinos
1311 484 1456 530 praebet

113 555 259 588 Cadmea
285 555 432 591 colores,
469 554 658 587 Cinnamon
691 559 726 585 et
756 552 861 584 mulli
881 557 1008 596 pastor
1034 552 1148 585 odoris
1177 551 1307 585 Arabs,
1358 553 1458 584 Haec

109 619 214 651 etiam
241 619 384 652 clausas
407 625 614 665 expugnant
642 629 741 650 arma
763 616 928 661 pudicas.
953 636 986 640 --
1017 618 1136 660 Pergit
1154 619 1328 652 Tibullus:
1356 617 1458 651 hinc

110 686 270 718 clavim
304 686 434 719 ianua
470 685 617 719 sensit
643 689 709 718 etc.
745 682 776 718 h.
803 694 832 718 e.
864 687 902 716 ut
928 694 1003 716 cum
1031 683 1181 717 Hammo
1209 684 1348 726 loquar,
1384 682 1458 716 ilinc

112 761 258 794 coepere
286 752 419 794 puellae
455 751 547 784 fores
582 751 735 783 occlusas
773 753 808 782 et
842 748 1003 782 custodes
1038 747 1181 790 habere,
1218 754 1255 781 ut
1289 753 1458 783 amatores

111 818 168 860 qui
200 817 333 850 admitti
357 817 539 859 volebant,
574 827 657 850 auro
683 820 929 859 emungerent,
967 814 1248 858 quemadmodum
1274 825 1361 847 nunc
1388 814 1460 847 Ne-

110 883 223 916 mesis.
274 882 396 925 Neque
422 883 511 915 enim
537 882 579 915 de
601 882 730 915 maritis
758 880 810 914 hic
833 891 945 915 sermo
969 891 1094 913 uxores
1118 880 1396 913 custodientibus
1414 897 1460 903 —

110 947 260 989 canis,
284 947 329 980 cf.
353 947 382 989 Ι,
407 950 440 989 6,
465 950 523 981 32.
548 966 595 972 -—-
633 947 850 981 custodia
875 947 1000 979 victa
1032 951 1118 986 est,
1147 945 1322 979 confestim
1349 944 1460 977 aditus

109 1017 214 1056 patet.
279 1013 439 1046 Ceterum
485 1012 633 1046 reddidit
682 1013 792 1045 locum
839 1012 1058 1044 ANTmA'rER
1103 1011 1460 1043 THESSALoNlcENSIS

109 1076 245 1111 Anthol.
281 1079 342 1112 Gr.
378 1078 456 1121 Vll,
490 1078 612 1123 Epigr.
647 1081 735 1112 161:
777 1074 848 1110 ''Hv
884 1078 942 1116 μὲν
975 1074 1042 1122 γάρ
1077 1074 1116 1108 τὸ
1148 1074 1310 1121 χιὲριεχιια
1345 1077 1459 1120 φέρῃς,

109 1142 224 1180 φίλος·
262 1139 337 1175 οἷῖτε
372 1140 530 1188 &linwede
555 1140 607 1175 Ἐν
640 1139 757 1182 πόσιν,
793 1140 870 1174 οἷῖτε
904 1139 991 1175 κύων
1026 1144 1058 1173 ἰν
1091 1139 1281 1188 προθύροις
1314 1142 1461 1179 δέδεται,

110 1209 201 1251 quod
223 1209 403 1243 Mmmcs
429 1211 557 1254 primus
581 1209 723 1243 contulit
741 1208 968 1242 transferens:
997 1208 1089 1239 Nam
1105 1210 1260 1252 pretium
1280 1207 1310 1238 si
1325 1205 1461 1251 grande

103 1274 229 1319 seras,
267 1287 329 1306 nec·
352 1275 486 1308 ianitor
509 1275 606 1307 ullus
632 1276 704 1307 ,Nec
728 1275 869 1307 vinctus
900 1273 1037 1320 rigidas
1063 1280 1140 1306 stat
1165 1274 1264 1305 canis
1289 1279 1373 1305 ante
1394 1272 1459 1317 fo-

109 1350 174 1372 res.
201 1358 248 1364 —-
273 1341 314 1374 V.
341 1343 387 1373 35
412 1352 485 1383 sqq.
511 1342 778 1383 quicunque
802 1341 1049 1382 caelestis,
1075 1341 1267 1374 rarissimus
1292 1351 1373 1373 usus
1400 1350 1461 1373 vo-

108 1406 158 1439 cis
197 1407 229 1439 in
265 1407 428 1449 singulari
465 1417 618 1441 numero.
680 1406 750 1439 Sed
786 1405 992 1439 monendum
1027 1410 1107 1439 ante
1142 1406 1256 1439 omnia
1293 1405 1335 1439 de
1369 1415 1459 1439 nexu

108 1473 352 1506 sententiarum
375 1479 437 1506 est.
487 1474 534 1506 Ut
562 1483 622 1517 par
647 1476 720 1505 erat
744 1473 777 1505 in
803 1472 941 1513 affectu,
969 1471 1112 1516 primum
1138 1475 1337 1505 exsecratur
1359 1472 1461 1507 luxu—

108 1537 179 1572 riae
204 1543 420 1581 ornamenta,
456 1543 528 1573 tum
556 1550 693 1574 causam
719 1539 861 1583 exponit
886 1539 1144 1572 exsecrationis.
1198 1538 1262 1571 His
1287 1538 1376 1571 enim
1402 1548 1462 1571 or-

109 1607 277 1640 namentis
308 1618 431 1641 avarae
465 1607 576 1641 factae
610 1608 746 1651 puellae
780 1611 814 1640 et
848 1606 996 1640 vendere
1031 1606 1153 1639 callide
1178 1610 1297 1640 noctes
1331 1606 1459 1640 didice-

108 1677 199 1706 runt.
248 1673 337 1706 Tum
371 1674 518 1706 absolvit
552 1674 815 1717 explicationem
852 1673 931 1705 mali
966 1672 1083 1705 addito
1120 1673 1239 1705 ultimo
1274 1676 1460 1705 momento.

111 1737 190 1771 Non
215 1742 306 1771 esset
331 1749 393 1782 per
417 1748 454 1772 se
480 1743 610 1772 tantum
636 1740 760 1772 malum
786 1739 945 1780 avaritia,
982 1739 1043 1771 nisi
1070 1737 1286 1782 pulchritudo
1310 1738 1456 1772 accede-

109 1807 184 1846 ret,
219 1815 306 1847 quae
331 1804 405 1848 ipsa
429 1804 576 1837 devincit
600 1808 806 1844 amatorem,
839 1807 878 1836 ut
904 1803 1082 1836 discedere
1109 1813 1177 1837 non
1200 1803 1318 1847 possit.
1371 1804 1458 1839 Qui„

110 1881 245 1913 cunque
278 1872 385 1914 igitur
412 1870 496 1904 deus
529 1869 815 1914 pulchritudinem
851 1869 946 1903 dedit
979 1870 1109 1912 avaris,
1143 1870 1287 1903 absolvit
1322 1871 1458 1904 malurn

109 1936 199 1971 Nam
234 1937 280 1970 ita
316 1938 471 1970 oriuntur
505 1937 649 1970 fletus
684 1937 901 1970 exclusorum
929 1937 1134 1977 amantium,
1169 1936 1226 1978 qui
1261 1935 1458 1969 satisfacere

107 2004 270 2036 avaritiae
296 2004 482 2047 puellarum
510 2014 575 2036 non
605 2008 766 2046 possunt,
793 2007 828 2037 et
852 2003 982 2036 rixae
1007 2012 1084 2035 cum
1112 2002 1255 2045 puellis3
1290 2002 1336 2034 ita
1363 2001 1458 2034 deni-

107 2079 174 2111 que
199 2069 325 2102 factum
349 2073 387 2102 ut
412 2070 515 2102 etiam
543 2068 627 2101 deus
653 2069 764 2101 Amor
787 2067 936 2114 infamis
961 2067 1079 2109 fieret,
1115 2067 1171 2110 qui
1197 2077 1258 2111 per
1283 2067 1458 2099 avaritiam

109 2137 297 2180 puellarum
325 2136 424 2169 bonis
457 2136 595 2169 iuvenes
631 2138 745 2168 exuat.
773 2152 817 2159 —
859 2133 1045 2168 Videamus
1081 2143 1169 2165 nunc
1202 2132 1338 2174 singula
1371 2142 1459 2174 quae

108 2205 247 2235 restant.
298 2202 443 2237 Quale
468 2202 650 2244 bonum,
676 2212 776 2244 quam
802 2200 963 2235 acerbum
989 2200 1114 2232 bonum
1140 2198 1271 2232 addidit
1298 2199 1459 2231 avaritiae

107 2269 215 2302 malis.
263 2269 333 2301 Pro
368 2269 529 2302 attulit
564 2269 651 2303 bene
686 2270 765 2303 Itali
803 2268 1027 2302 emendarunt
1058 2266 1217 2303 addidit,
1256 2266 1348 2309 quod
1384 2270 1460 2310 post

107 2335 204 2367 dedit
233 2336 361 2379 optime
393 2335 544 2377 dictum3
581 2347 657 2370 nam
693 2337 726 2370 in
761 2336 881 2370 dolore
923 2340 983 2369 aut
1017 2345 1188 2368 sarcasmo
1221 2333 1459 2368 similitudines

108 2412 267 2435 sonorum
306 2403 467 2435 acerbum
510 2403 680 2445 quoddam
724 2414 867 2436 acumen
910 2401 1045 2436 habent.
1112 2399 1265 2434 Abdidit
1303 2412 1384 2435 vero
1424 2406 1459 2434 et

107 2469 217 2512 ipsum
243 2470 286 2502 ab
321 2470 416 2502 Italis
452 2470 662 2513 profectum,
703 2470 793 2514 quod
828 2471 958 2505 Vossm
997 2468 1151 2502 fraudem
1191 2469 1293 2511 fecit,
1334 2470 1457 2502 nullius

107 2535 207 2578 pretii
245 2539 307 2568 est.
369 2535 462 2568 Bene
504 2537 592 2569 enim
631 2535 826 2578 Hermus,
865 2537 1069 2570 observante
1107 2536 1209 2569 etiam
1247 2535 1456 2569 Huscnxio:

103 2599 239 2640 „forma
264 2600 370 2633 latere
395 2601 554 2643 11e‹1uit.“
581 2622 625 2627 -
661 2601 771 2635 fecit
806 2605 851 2635 ut
885 2601 1064 2635 infamis
1089 2607 1223 2637 esset.
1274 2602 1335 2634 Est
1361 2600 1448 2643 sctit
