1721 2953
293 154 451 181 mxxxvi
828 139 903 179 DE
934 137 1090 181 POESI

295 262 508 295 contentae
545 262 585 294 et
624 266 818 294 arvorum
857 254 929 294 ubi
965 267 1047 306 pax
1083 260 1249 304 regnat,
1290 252 1636 307 quemadmodum

294 330 409 371 vides
440 332 538 381 eleg.
561 332 590 380 Ι,
619 334 637 369 1
673 338 711 369 01
739 331 769 380 Ι,
795 328 878 370 10?
933 330 1127 371 Eiusdem
1155 332 1314 383 generis
1343 333 1568 385 praesentis
1599 340 1637 371 et

294 407 465 460 mythici
506 405 702 458 temporis
747 407 973 458 oppositiO,
1021 415 1067 446 ut
1106 422 1198 447 cum
1237 409 1276 458 Ι,
1307 412 1345 448 3.
1385 409 1430 447 in
1469 409 1638 461 querela

294 492 439 536 poetae
482 484 630 522 morbo
669 483 783 534 gravi
821 485 865 522 in
903 484 1051 523 itinere
1090 484 1237 524 bellico
1279 484 1459 537 correpti
1491 483 1640 535 legitur

295 573 443 598 aureae
485 559 627 599 aetatis
670 558 911 613 descriptio,
954 562 1027 601 ubi
1071 575 1156 602 non
1199 562 1307 601 bella
1347 575 1422 601 nec
1458 560 1641 601 habendi

296 633 496 687 cupiditas
527 649 600 674 nec
630 642 692 674 tot
719 635 809 675 viae
841 637 1007 687 mortis,
1050 645 1119 676 aut
1151 651 1243 677 cum
1274 638 1376 688 eleg.
1399 637 1457 687 ΙΙ,
1487 641 1525 676 3.
1556 651 1641 677 ser-

293 712 437 752 vitium
475 712 700 764 mythicum
735 712 937 765 Apollinis
973 727 1051 766 pro
1086 727 1226 754 amore
1260 713 1398 752 onmia
1430 714 1644 753 tolerantis

295 787 520 828 hodiernae
553 788 745 840 pravitati
778 802 941 828 morum
976 788 1216 841 opponitur.
1282 787 1369 828 Nec
1401 787 1514 841 quod
1551 797 1644 841 post

296 865 428 918 Elysii
462 863 609 916 gaudia
641 864 834 905 riValium
863 865 907 904 111
937 866 1112 905 Tartaro
1146 879 1306 917 poenae
1335 866 1365 914 Ι,
1388 870 1426 904 3.
1457 872 1527 903 aut
1555 865 1585 913 Ι,
1607 868 1645 903 5.

296 950 391 994 post
416 942 740 981 exsecrationem
763 942 881 980 lenae
907 939 1050 980 sedula
1074 941 1210 980 officia
1237 940 1428 979 amatoris
1452 939 1646 992 pauperis

298 1018 610 1069 describuntur,
664 1027 702 1058 et
744 1033 849 1073 quae
890 1026 986 1059 sunt
1022 1018 1168 1058 similia
1209 1019 1360 1070 partim
1399 1030 1525 1069 supra
1563 1016 1645 1054 iam

300 1103 546 1144 memorata,
581 1093 658 1133 erit
688 1095 761 1147 qui
786 1107 872 1133 non
897 1093 1050 1132 laudet.
1106 1093 1213 1132 Nam
1242 1093 1343 1132 haec
1374 1092 1513 1131 omnia
1541 1099 1647 1143 apta,

300 1169 515 1210 commoda
564 1170 724 1209 ratione
776 1169 1049 1223 oppositionis
1096 1170 1270 1222 placent.
1351 1168 1532 1218 Scimus,
1578 1167 1648 1217 ais,

300 1246 403 1284 nihil
438 1244 733 1297 repugnantiae
765 1259 873 1292 esse,
912 1246 987 1285 11111
1015 1245 1188 1284 alterum
1216 1243 1434 1296 laudatur,
1472 1246 1647 1284 alterum

301 1320 521 1361 damnatur
552 1320 861 1372 oppositorum3
899 1319 1003 1359 illud
1034 1333 1304 1372 quaeramus,
1347 1333 1489 1358 annon
1525 1319 1647 1358 etiam

300 1396 422 1436 simul
459 1404 671 1448 ponantur
719 1410 824 1450 quae
868 1410 953 1436 non
991 1395 1212 1436 videantur
1261 1409 1380 1448 posse
1428 1396 1650 1435 conciliari.

303 1470 383 1510 Sed
415 1485 551 1525 neque
585 1472 664 1510 hoc
694 1485 852 1512 verum.
919 1470 1121 1510 Errarunt
1150 1468 1262 1509 haud
1294 1470 1418 1509 dubie
1449 1470 1648 1523 Heynius,

302 1548 475 1588 Vossius
512 1549 683 1600 aliique,
732 1547 803 1601 qui
843 1548 1104 1588 sarcasticum
1144 1547 1282 1586 locum
1316 1545 1375 1597 ΙΙ,
1405 1549 1449 1595 3,
1482 1548 1650 1584 35-60.

302 1624 377 1662 11111
404 1624 572 1662 luxuria
600 1623 787 1663 Nemesis
818 1631 858 1662 et
885 1623 1023 1663 rivalis
1056 1622 1304 1673 exagitatur,
1343 1634 1528 1672 pugnare
1564 1632 1650 1659 cre-

304 1697 498 1739 diderunt
526 1714 617 1738 cum
646 1699 789 1738 ceteris
819 1697 1006 1751 partibus
1036 1696 1225 1736 carminis
1257 1695 1407 1735 amoris
1435 1703 1649 1747 praestan-

301 1776 400 1816 tiam
438 1775 728 1824 tractantib1153
769 1788 866 1812 nam
905 1788 978 1812 cur
1014 1771 1138 1812 ardor
1179 1771 1330 1810 amoris
1370 1779 1410 1810 et
1444 1771 1650 1821 castigatio

303 1853 461 1891 ironica
502 1851 691 1890 luxuriae
736 1850 931 1902 puellaris
973 1863 1112 1889 secum
1156 1844 1375 1900 pugnent?
1457 1846 1653 1886 Similiter

303 1926 389 1966 irae
435 1939 528 1965 011111
571 1923 792 1976 cupiditate
837 1931 874 1962 01
918 1922 1121 1962 desiderio
1168 1921 1420 1962 concordant
1460 1923 1565 1960 bene
1608 1921 1649 1959 in

307 2013 468 2051 amore,
501 2009 570 2040 aut
594 2000 785 2040 lacrimae
810 2014 904 2039 011111
927 2000 1162 2051 voluptate,
1199 1998 1317 2037 fletus
1347 2012 1438 2037 cum
1463 1996 1652 2048 indigna-

304 2080 442 2127 tione,
495 2077 630 2116 minae
677 2090 765 2114 cum
811 2074 1018 2127 precibus.
1106 2075 1250 2113 Discas
1293 2074 1391 2113 hinc
1436 2086 1518 2127 quo
1559 2074 1650 2111 iure

307 2154 495 2208 Heynitts
539 2161 584 2193 ut
627 2154 890 2192 invenustum
935 2150 1190 2192 damnaverit
1233 2159 1273 2190 et
1316 2152 1418 2189 alius
1462 2150 1652 2189 carminis

307 2232 581 2282 fragmentum
610 2229 788 2271 voluerit
817 2242 903 2268 0550
935 2229 1091 2268 exitum
1122 2227 1272 2279 elegiae
1295 2228 1325 2276 Ι,
1350 2230 1410 2277 5.,
1438 2227 1512 2265 11111
1533 2232 1654 2277 poeta

308 2315 401 2359 post
430 2308 577 2346 multas
609 2306 795 2359 querelas
827 2312 920 2344 aute
950 2304 1117 2343 ianuam
1144 2311 1353 2356 postremo
1384 2315 1426 2341 se
1455 2313 1652 2340 revocans

310 2398 402 2424 cum
431 2383 621 2422 irrisione
659 2381 848 2431 discedit,
893 2381 1030 2435 qualia
1066 2395 1118 2420 ne
1150 2381 1311 2433 puellae
1349 2378 1515 2433 quidem
1548 2375 1651 2416 adeo

310 2461 480 2499 moleste
510 2458 711 2498 serebant.
776 2456 858 2496 Sed
889 2456 938 2496 de
967 2458 1046 2497 hoc
1078 2457 1190 2495 exitu
1219 2456 1301 2495 iam
1331 2468 1457 2507 supra
1487 2452 1652 2492 dictum.

311 2534 508 2573 Similiter
545 2546 633 2571 cum
674 2534 712 2581 Ι.
752 2536 819 2571 10.
855 2533 906 2570 45
941 2544 1031 2584 sqq.
1069 2530 1180 2582 pacis
1221 2536 1259 2568 ct
1298 2529 1356 2577 ΙΙ,
1391 2531 1436 2575 5,
1472 2530 1523 2566 95
1561 2539 1650 2579 sqq.

308 2611 508 2649 ruralium
537 2609 731 2647 festorum
761 2606 951 2645 laudibus
980 2607 1154 2645 insertur
1183 2606 1368 2644 rixarum
1397 2604 1652 2652 crossearum,
