1721 2953
474 166 619 206 LIBR.
649 166 721 206 ΙΙΙ.
780 167 940 207 ELEG.
970 169 1043 208 VI.
1361 177 1440 212 381

102 281 191 324 apud
218 282 567 314 nrlrwscnssmacmum
592 279 635 314 ad
660 278 780 313 Horat.
806 279 867 319 ΙΙΙ,
901 282 950 321 19,
981 283 1034 313 11.
1063 298 1109 305 -
1142 280 1310 314 Marcia
1341 282 1442 324 lym-

102 347 201 390 pha,
238 359 256 380 a
283 349 325 382 Q.
354 347 485 380 Marcio
521 356 602 388 rege
639 346 672 378 in
708 344 826 377 urbem
863 345 963 377 ducta
1000 349 1034 378 et
1065 355 1084 378 a
1111 346 1154 381 Q.
1180 346 1312 379 Marcio
1339 347 1438 389 Rege

102 416 259 454 praetore
297 412 462 445 restituta.
512 412 616 444 PmN.
641 409 772 450 XXXI,
796 411 830 450 3,
865 419 891 442 s,
916 411 984 443 242
1023 410 1226 443 Clarissima
1260 423 1437 457 aquarum

102 478 252 509 omnium
276 477 312 508 in
344 482 418 509 toto
444 475 541 517 orbe,
568 475 726 522 frigoris
751 473 1045 521 salubritatisque
1075 476 1216 520 palma,
1251 478 1437 521 praeconio

100 540 215 581 urbis,
256 541 398 573 Marcia
434 547 507 577 est,
549 541 641 573 inter
676 539 810 585 reliqua
849 539 949 571 deum
988 553 1131 574 munera
1173 541 1251 574 urbi
1288 541 1437 576 tributa.

101 605 196 638 Adde
223 606 392 639 Vutpmm
419 605 449 639 h.
478 607 519 647 1.,
553 610 587 639 et
612 607 754 641 (ἵκων.
780 603 883 639 Thes.
918 606 1051 648 Antiqq.
1078 606 1179 640 Rom.
1207 608 1267 649 ΙΙΙ,
1298 621 1329 652 p.
1355 611 1437 640 383.

98 671 157 712 lV,
185 684 216 715 p.
244 674 344 705 1747.
371 690 415 696 —
443 672 526 705 Mox
552 671 683 705 verbis:
718 670 810 704 Non
837 680 940 712 ego,
965 671 1001 703 si
1027 671 1175 714 fugiat
1201 677 1265 706 etc.
1294 683 1359 706 non
1386 674 1436 705 vi-

98 736 169 769 deri
203 741 330 770 castam
364 737 531 771 Neaeram
563 737 753 779 designari,
795 741 830 769 et
862 736 1012 769 Vossms
1046 742 1140 771 notat
1173 743 1207 772 et
1245 744 1322 782 post
1356 750 1434 772 eum

99 801 330 843 Huscffluus,
369 813 455 844 quae
488 803 544 835 vix
577 802 611 834 in
644 802 702 834 tali
739 802 813 834 loco
838 807 1019 845 conspecta
1046 803 1168 845 suerit,
1202 808 1237 837 at
1263 805 1436 837 libertinas

98 868 250 900 convivia
274 868 459 901 amicorum
483 868 607 901 adiisse
632 867 693 910 (cf.
719 878 780 901 nos
805 868 848 900 ad
869 868 896 910 l,
916 871 948 909 5,
969 869 1058 911 65).
1107 869 1288 914 Explicant
1312 871 1436 913 igitur:

99 933 189 967 Quid
214 935 398 977 praeterita
423 935 532 968 curo?
581 935 659 968 Non
695 946 782 977 ego,
817 935 846 968 si
880 933 944 968 hoc
979 935 1052 978 ipso
1087 936 1240 968 convivio
1276 937 1434 969 libertina

97 998 185 1031 adsit
217 1003 252 1032 et
286 1004 425 1042 repente
458 1000 611 1043 aufugiat
644 1000 686 1033 ad
711 1002 813 1034 alium
839 1005 1047 1042 amatorem,
1082 1005 1152 1034 tota
1176 1006 1276 1034 nocte
1299 1002 1435 1042 dolebo,

97 1064 201 1096 veluti
227 1064 386 1097 laudante
422 1065 680 1099 Bnoucxflusm
716 1066 758 1099 de
784 1067 907 1098 Cinara
941 1070 993 1099 est
1024 1077 1077 1110 ap.
1104 1067 1245 1100 HoRAT.
1271 1067 1382 1111 Epist.
1407 1068 1434 1108 l,

95 1134 128 1171 7,
155 1134 219 1164 28:
263 1133 362 1163 Inter
386 1132 470 1164 rina
488 1132 624 1177 sugam
651 1132 799 1164 Cinarae
833 1144 983 1164 maerere
1004 1139 1202 1177 protervae.
1252 1135 1323 1167 Sed
1347 1134 1435 1168 sate-

96 1196 186 1229 beris
212 1200 344 1238 tamen,
378 1208 454 1230 cum
480 1199 512 1230 in
538 1197 814 1230 antecedentibus
840 1208 974 1241 semper
999 1198 1040 1231 de
1068 1198 1201 1232 Neaera
1226 1200 1353 1232 dictum
1378 1201 1434 1241 sit,

95 1261 277 1296 admodum
302 1262 422 1295 durum
455 1273 530 1295 esse
555 1267 695 1306 repente
725 1264 824 1295 aliam
851 1264 1052 1306 intelligere.
1102 1265 1149 1298 Et
1179 1266 1294 1308 quidni
1321 1265 1433 1309 hypo-

95 1329 221 1363 thetice
252 1331 294 1363 de
323 1330 457 1363 Neaera
483 1331 556 1373 ipsa
580 1331 626 1363 ita
652 1332 784 1363 locutus
810 1331 873 1372 sit,
910 1342 977 1365 non
1007 1333 1103 1374 quasi
1129 1332 1213 1366 baec
1237 1335 1347 1366 soleat
1374 1344 1431 1366 ve-

93 1396 165 1428 nire
199 1396 241 1428 ad
275 1396 354 1428 talia
386 1396 556 1437 convivia,
590 1397 650 1429 sed
682 1398 871 1429 sententiae
904 1408 1024 1439 causa,
1059 1409 1159 1440 quam
1193 1399 1344 1432 dicturus
1370 1403 1434 1441 est,

95 1471 224 1504 ponens
259 1471 331 1494 rem
365 1461 600 1504 petulantius?
649 1460 703 1494 Ne
744 1471 902 1505 praesens
939 1462 1074 1504 quidem
1114 1464 1141 1496 si
1174 1464 1262 1497 adsit
1299 1465 1435 1498 Neaera

93 1528 247 1560 convivio
272 1531 408 1569 nostro,
439 1527 506 1568 ait,
539 1531 574 1560 et
599 1531 740 1570 repente
764 1526 919 1569 aufugiat
944 1531 978 1560 et
1003 1529 1109 1561 amori
1135 1539 1211 1561 meo
1235 1540 1273 1562 se
1300 1530 1433 1574 eripiat,

92 1592 235 1634 dolebo,
273 1593 395 1626 nedum
421 1594 604 1636 praeterita
631 1602 745 1625 curem
772 1595 806 1624 et
830 1592 955 1625 dudum
982 1598 1110 1636 erepta.
1159 1595 1227 1628 Hic
1252 1605 1359 1628 nexus
1384 1596 1435 1628 vi-

92 1657 202 1690 detur.
261 1658 392 1690 Tamen
429 1656 671 1700 reprehendam
708 1656 944 1698 Lygdamum,
983 1658 1093 1700 quod,
1132 1660 1196 1692 etsi
1231 1660 1434 1702 valedicens,

91 1733 158 1756 non
184 1724 233 1756 sic
258 1722 300 1755 de
325 1722 460 1755 Neaera
492 1722 640 1764 loquitur
663 1724 701 1753 ut
726 1720 890 1762 decebat3
925 1721 984 1754 sed
1011 1723 1077 1755 iam
1103 1734 1206 1767 supra
1230 1735 1260 1757 v.
1288 1727 1331 1757 45
1357 1736 1429 1766 sqq.

93 1790 126 1821 in
150 1789 238 1821 idem
263 1789 379 1821 vitium
407 1787 534 1820 incidit.
559 1805 605 1812 —-
641 1787 848 1829 Ignotum
882 1790 1047 1829 torum,
1082 1789 1190 1831 ignoti
1216 1793 1250 1822 et
1274 1790 1433 1832 ignobilis

96 1855 238 1888 hominis
263 1854 478 1897 amplexum,
517 1851 559 1885 cs.
586 1852 645 1894 lv,
671 1854 729 1893 10,
755 1855 789 1885 6.
816 1870 862 1876 -·
900 1853 1105 1896 suspiria
1138 1858 1350 1898 repetere
1382 1860 1434 1888 est

93 1923 292 1955 continuare
330 1925 425 1954 tota
459 1924 602 1953 nocte.
628 1939 673 1945 —
713 1919 807 1952 Male
841 1919 1054 1953 Huscnxms
1092 1921 1184 1954 elicit
1221 1923 1272 1953 Τιι
1309 1922 1432 1954 lectum

94 1991 125 2022 in
152 1989 288 2032 optimis
314 1992 348 2020 et
373 1987 507 2020 omnino
536 1986 706 2029 plerisque
741 1985 918 2027 omnibus,
952 1986 1098 2029 positum
1130 1998 1211 2022 vero
1245 1989 1432 2022 rectissime

89 2053 144 2088 hic
178 2059 214 2087 ut
251 2055 282 2088 iu
318 2054 542 2098 oppositione.
594 2052 680 2085 Nam
708 2057 786 2086 ante
813 2052 855 2086 de
879 2064 917 2086 se
949 2053 1093 2087 dixerat.
1119 2073 1165 2078 —-
1202 2056 1434 2099 liquidum,

90 2122 196 2154 veluti
230 2121 372 2154 HonA'r.
403 2121 513 2164 Epist.
538 2120 564 2161 Ι,
592 2122 647 2160 14,
672 2122 728 2154 321».
764 2118 984 2164 (gel-[cirtem
1021 2119 1242 2154 defaecatum.
1293 2122 1433 2155 Commu.

91 2187 171 2229 XII,
198 2190 263 2220 37:
299 2187 369 2219 Sed
393 2186 588 2219 curandum
613 2192 684 2222 est,
711 2192 751 2218 ut
779 2198 855 2218 cum
882 2185 1075 2230 diffundis,
1101 2187 1274 2233 liquidum
1299 2194 1334 2220 et
1359 2188 1433 2220 sine

85 2253 194 2298 faece
228 2251 423 2295 diffundas.
448 2271 491 2276 —
531 2252 699 2284 fortius
724 2252 947 2293 adiectivum,
983 2256 1021 2285 ut
1053 2253 1186 2287 videtur
1210 2255 1433 2296 ScAmcssno,

92 2320 303 2359 Ηυεοιῐκῐο,
336 2319 422 2350 aliis.
472 2318 606 2350 Graece
640 2314 844 2362 ζωρότερον,
877 2317 917 2351 Il.
942 2317 1005 2360 IX,
1029 2321 1111 2353 202.
1161 2318 1305 2352 Notabis
1330 2320 1435 2361 igitur

91 2385 212 2416 iterum
252 2383 320 2416 duo
358 2384 523 2417 adiectiva
558 2384 616 2417 uui
652 2384 863 2417 substantivo
903 2384 1035 2426 iuncta,
1075 2384 1164 2419 conf.
1197 2385 1238 2418 ad
1266 2396 1369 2420 carm.
1397 2388 1431 2420 5.

90 2458 122 2480 v.
146 2451 203 2482 22.
232 2465 277 2472 —-
314 2448 398 2480 Iam
433 2448 591 2481 dudum
628 2453 663 2482 et
699 2448 960 2491 debueram,
997 2450 1232 2494 impatienter,
1267 2451 1308 2484 cf.
1337 2451 1432 2484 Μιτ-

92 2523 364 2547 scummcmum
390 2514 432 2547 ad
460 2514 581 2548 Horat.
606 2514 634 2556 1,
659 2517 716 2556 37,
741 2516 774 2547 4.
800 2532 846 2538 -—

543 2629 976 2648 -Ὓ-Φ-ᾼ
