1721 2953
235 135 387 161 ccxvlu
758 118 832 158 DE
866 117 1023 161 POESI

241 232 490 286 quaerebam
515 243 651 270 moras
681 236 719 268 et
749 229 954 281 ingressus
984 228 1039 270 id.
1095 230 1186 270 Hoc
1217 231 1390 269 alterum
1419 235 1582 267 senten-

239 309 319 348 tiae
343 308 595 355 membrum,
626 303 737 358 quod
764 305 1001 358 simpliciter
1024 320 1066 358 p.
1100 307 1221 359 Saepe
1243 308 1354 344 etiam
1376 301 1584 343 introduci

239 391 413 435 poterat,
441 395 551 421 nunc
573 392 665 418 cum
689 380 983 421 exclamatione
1002 381 1181 421 infertur
1200 379 1430 420 nervosius.
1467 377 1584 417 Adde

240 459 302 507 ΙΙ,
335 461 381 508 3,
415 460 479 496 17.
546 455 648 494 Aliis
676 454 721 494 in
749 455 850 495 locis
885 469 998 495 nova
1030 469 1125 508 pars
1154 469 1295 495 rerum
1329 468 1421 495 cum
1452 454 1587 493 excla-

240 533 418 571 matione
457 530 657 580 insertur,
707 539 753 570 ut
788 531 831 581 Ι,
863 534 910 580 9,
940 532 1009 570 41.
1058 532 1118 581 ΙΙ,
1149 531 1199 580 4,
1234 535 1302 570 27.
1330 551 1388 560 --
1452 529 1586 568 Porro

241 609 370 648 affero
399 607 508 647 inter
539 605 780 648 variationis
811 607 980 647 artificia
1006 610 1202 646 transitum
1230 607 1279 647 ab
1310 609 1590 657 interrogatione

241 686 296 725 ad
324 686 440 725 aliam
459 683 653 736 formam,
691 691 738 723 ut
768 683 808 733 l,
840 688 887 732 8,
919 686 941 721 9
972 696 1085 736 sqq.:

357 757 470 809 Quid
498 759 573 798 tibi
602 772 712 798 nunc
741 759 886 798 molles
913 757 1084 811 prodest
1114 757 1286 798 coluisse
1317 756 1484 809 capillos

411 834 626 888 Saepeque
657 841 831 874 mutatas
864 832 1112 886 disposuisse
1146 828 1312 873 comas?

358 907 471 959 Quid
501 923 620 950 succo
648 908 887 962 splendente
916 922 1038 960 genas
1065 922 1236 956 ornare,
1276 904 1377 961 quid
1407 917 1562 957 ungues

415 985 591 1025 Artificis
621 983 740 1024 docta
768 985 1023 1025 subsecuisse
1059 980 1218 1023 manu?

365 1059 535 1099 Frustra
563 1060 643 1098 iam
675 1067 830 1111 vestes,
871 1060 1023 1098 frustra
1052 1065 1265 1097 mutantur
1294 1056 1460 1096 amictus
1493 1061 1567 1094 cet.

250 1147 352 1187 pro:
396 1133 508 1183 Quid
543 1133 712 1186 prodest
739 1141 871 1174 vestes
903 1142 942 1172 et
972 1134 1140 1173 amictus
1170 1129 1362 1171 mutare?
1390 1152 1448 1159 —
1503 1128 1596 1168 Alia

252 1211 388 1250 forma
410 1209 649 1250 variationis
673 1217 733 1248 est
753 1216 958 1262 temporum
986 1212 1158 1257 mutatio,
1188 1215 1232 1246 ut
1255 1207 1299 1246 in
1323 1205 1597 1258 descriptione

252 1287 362 1341 pacis
401 1287 441 1336 Ι,
473 1290 547 1336 10,
578 1286 631 1325 45
663 1299 753 1339 sqq.
789 1287 970 1338 primum
1007 1286 1250 1337 praeterita,
1293 1283 1440 1324 deinde
1479 1296 1599 1335 prae-

254 1361 386 1401 sentia
413 1359 550 1408 vides,
587 1367 627 1399 et
654 1360 712 1409 ΙΙ,
746 1363 790 1408 1,
821 1363 872 1398 39
898 1372 989 1412 sqq.
1017 1363 1068 1398 59
1091 1372 1182 1411 sqq.
1214 1363 1265 1398 73
1286 1371 1376 1412 sqq.
1405 1359 1448 1396 in
1477 1356 1599 1396 laude

255 1439 383 1486 ruris,
427 1443 466 1475 et
500 1435 538 1485 Ι,
569 1440 607 1484 7,
639 1437 689 1474 19
715 1447 805 1488 sqq.
834 1434 876 1472 in
906 1432 1028 1473 laude
1060 1431 1247 1474 Osiridis.
1304 1433 1438 1472 Aliam
1467 1440 1602 1471 muta-

258 1513 412 1552 tionem
440 1518 674 1563 temporum
702 1509 888 1550 invenies
918 1509 957 1557 Ι,
987 1512 1031 1559 3,
1061 1512 1113 1547 37
1137 1522 1229 1561 sqq.
1285 1505 1437 1546 Modos
1467 1515 1603 1545 autem

258 1587 437 1628 variatos
465 1586 504 1635 Ι,
534 1589 580 1635 1,
613 1588 662 1624 11
691 1597 781 1638 sqq.
802 1604 859 1612 -
915 1585 1038 1623 Porro
1068 1583 1140 1622 ubi
1170 1582 1340 1636 obliqua
1369 1581 1500 1622 oratio
1531 1581 1605 1620 ha-

260 1663 404 1711 betur,
445 1661 646 1699 transitur
679 1658 819 1698 eadem
852 1657 901 1698 de
934 1672 1056 1698 causa
1092 1671 1191 1697 mox
1221 1656 1273 1697 ad
1303 1655 1520 1706 directam,
1563 1663 1606 1694 ut

260 1737 301 1787 Ι,
332 1740 380 1786 2,
414 1740 462 1775 91
495 1748 612 1789 sqq.:

374 1811 474 1852 Vidi
507 1825 603 1863 ego,
645 1811 717 1865 qui
750 1811 947 1851 iuvenum
977 1808 1147 1849 miseros
1176 1806 1338 1847 lusisset
1367 1819 1551 1858 amores,

434 1889 533 1926 Post
559 1887 736 1925 Veneris
765 1885 910 1926 vinclis
940 1883 1115 1923 subdere
1147 1884 1251 1921 colla
1279 1895 1442 1934 senem,

379 1963 430 2003 Et
459 1962 539 2003 sibi
569 1960 787 2002 blanditias
817 1961 990 2000 tremula
1020 1972 1268 2010 componere
1298 1972 1422 2008 voce,

434 2039 487 2077 Et
517 2036 707 2076 manibus
737 2049 857 2075 canas
883 2034 1036 2086 fingere
1068 2035 1172 2075 velle
1203 2046 1362 2075 comas:

381 2114 499 2154 Stare
529 2126 605 2153 nec
623 2120 728 2165 'ante
758 2112 869 2151 sores
898 2108 1050 2163 puduit
1079 2117 1153 2150 cet.

271 2191 467 2231 Similiter
508 2189 549 2238 Ι,
581 2193 628 2237 8,
661 2190 711 2226 57
743 2199 831 2239 sqq.
859 2208 917 2215 —-
984 2187 1176 2225 Postremo
1218 2181 1322 2222 adde
1365 2178 1478 2235 quod
1517 2193 1616 2218 nus-

272 2280 394 2320 quam
431 2263 635 2315 longiores
673 2260 868 2315 periodos
903 2261 1027 2300 habet
1057 2260 1261 2299 Tibullus.
1318 2256 1526 2306 Quattuor
1555 2253 1617 2293 di·

273 2343 401 2384 sticha
434 2340 570 2380 iunxit
606 2340 650 2378 in
681 2337 942 2391 oppositione
978 2338 1017 2386 1,
1046 2340 1093 2386 2,
1126 2340 1192 2376 67.
1222 2342 1260 2374 et
1292 2340 1466 2387 possunt
1497 2331 1617 2370 etiam

274 2421 395 2471 plura
435 2416 618 2456 membra
656 2414 712 2453 sic
754 2412 881 2454 dividi
922 2420 961 2452 et
1006 2411 1168 2465 disponi
1209 2424 1286 2463 per
1327 2407 1519 2456 disticha,
1573 2413 1619 2446 ut

275 2494 424 2532 habeat
479 2487 805 2543 unumquodque
857 2488 939 2528 vim
990 2485 1286 2533 necessariam,
1350 2481 1620 2523 nihilominus

279 2567 424 2608 Albius
455 2580 536 2606 non
570 2564 799 2615 composuit
831 2565 927 2603 tales
957 2561 1168 2615 periodos,
1205 2558 1335 2614 qualis
1365 2559 1465 2597 haec
1495 2557 1533 2606 Ι,
1559 2559 1620 2605 11,
