1721 2953
482 165 626 209 LIBR.
656 164 707 204 11.
765 162 925 203 ELEG.
956 163 1009 204 V.
1338 167 1419 203 273

73 293 264 333 pretemurz
289 286 389 320 flecte
413 282 516 317 verba
542 286 607 313 Ιιια
632 278 675 313 nd
700 277 808 312 laudis
833 277 978 313 modos?
1014 279 1144 313 Tamen
1171 277 1235 313 hoc
1260 280 1418 312 alienum.

72 356 166 389 Deus
198 352 330 387 Tibulli
352 350 455 385 verba
487 349 626 382 flectere
660 358 688 380 s.
723 347 851 389 tingere
885 351 920 379 et
951 351 1028 390 apta
1064 347 1206 381 reddere
1240 346 1343 381 debet
1376 345 1418 378 ad

73 421 201 454 laudes.
249 420 361 463 Atque
396 416 462 450 hoc
497 415 738 459 consequimur
773 414 945 459 proposita
971 414 1035 449 levi
1060 416 1256 448 mutatione.
1306 414 1420 458 Saepe

73 488 148 529 quis
173 496 291 520 vocem
315 496 409 519 suam
436 494 497 518 seu
522 487 657 518 cantum
682 483 820 516 flectere
851 482 980 516 musico
1005 494 1106 516 sensu
1130 483 1253 518 dicitur
1277 487 1315 518 ut
1337 493 1421 517 cou-

72 557 160 594 stat3
197 552 275 586 inde
300 551 402 585 ducta
426 551 598 584 locutione
621 560 710 583 nunc
736 549 859 593 Apollo
885 552 1025 591 rogatur
1055 554 1093 583 nt
1118 555 1271 595 poetam,
1296 560 1421 594 quere-

73 619 126 652 lae
151 619 326 661 elegiacae
357 618 460 660 vulgo
484 621 678 659 assuetum,
713 616 889 650 sublimius
916 627 1120 660 componere
1145 618 1334 652 orationem
1359 617 1422 652 do-

73 688 169 726 ceat,
204 683 488 727 quemadmodum
523 682 632 716 laudis
665 681 756 716 modi
789 682 1097 725 magnificentiores
1130 685 1314 728 postulent.
1372 686 1423 718 Ac

73 755 240 785 tractatur
272 762 391 785 revera
424 754 663 794 argumentum
695 750 815 783 maiori
847 750 987 794 spiritu,
1024 751 1214 795 diciturque
1247 753 1425 797 splendida

76 819 147 851 laus
171 818 285 852 statim
310 819 344 851 in
367 818 588 861 sequentibus
608 817 806 852 Messalino.
856 817 915 850 Sic
941 819 1051 851 omnia
1078 820 1178 852 clara.
1228 819 1298 854 lam
1319 819 1426 855 hexau

75 885 173 917 metri
200 889 235 917 et
260 884 462 927 pentametri
486 883 573 917 ratio
598 881 683 916 haec
707 887 760 917 est
784 893 828 916 ex
853 887 968 917 nostra
993 885 1238 929 explicatione,
1271 891 1309 921 ut
1332 887 1423 931 quod

74 951 132 983 illo
165 950 360 984 indireetins
394 951 624 994 significatur,
663 949 728 984 hoc
762 951 956 995 expressius
990 951 1157 985 indicetur
1194 957 1229 986 et
1264 955 1426 999 apertius,

74 1016 358 1059 quemadmodum
381 1027 486 1061 saepe
509 1018 548 1050 fit
570 1017 605 1050 in
629 1015 886 1049 hortationibus.
913 1035 958 1041 —
1001 1017 1043 1051 V.
1069 1020 1089 1050 5
1115 1029 1164 1061 sq.
1213 1018 1335 1063 Ipse,
1362 1019 1426 1054 bo-

76 1096 138 1118 nus
172 1084 333 1119 transitus
367 1095 411 1119 ex
438 1085 597 1129 opposito
631 1083 831 1128 pronomine
866 1094 987 1117 meas
1022 1084 1056 1117 in
1097 1085 1164 1118 fine
1197 1086 1430 1121 antecedentis

77 1161 205 1184 versus.
225 1169 270 1175 —
294 1151 567 1195 triumphali
592 1152 742 1193 lauro,
768 1161 810 1185 ex
831 1151 1063 1185 Romanorum
1088 1162 1200 1195 more,
1227 1153 1317 1197 apud
1342 1165 1429 1198 quos

78 1218 174 1251 lauro
200 1222 333 1252 constat
357 1217 621 1262 triumphatores
644 1218 749 1252 fuisse
775 1222 922 1252 ornatos.
972 1219 1043 1253 Sed
1077 1220 1157 1262 quid
1190 1222 1262 1254 vult
1295 1224 1429 1266 poeta?

78 1287 170 1319 Sane
196 1286 319 1329 Apollo
344 1286 532 1319 laureatum
558 1285 661 1319 debet
695 1284 821 1319 habere
847 1289 949 1330 caput
976 1286 1008 1319 in
1035 1287 1095 1320 tali
1127 1287 1238 1328 festo3
1273 1298 1334 1321 cur
1365 1299 1429 1322 au-

78 1355 148 1385 tem
181 1350 392 1394 triumphali
424 1351 607 1384 additum?
655 1351 808 1386 Vossius
836 1352 1061 1385 Octavianum
1089 1352 1280 1396 Augustum
1307 1356 1431 1399 respici

78 1421 195 1461 putat,
220 1417 278 1460 qui
302 1414 391 1460 apud
418 1416 552 1449 Actium
578 1414 764 1449 Antonium
789 1415 898 1457 fudit;
924 1420 958 1449 at
984 1418 1070 1450 enim
1097 1419 1226 1451 nullum
1252 1419 1341 1462 apud
1366 1420 1428 1453 Ti-

77 1483 206 1518 bullum
231 1483 274 1516 de
302 1484 456 1525 Augusto
481 1481 643 1523 verbum,
675 1492 739 1515 nec
765 1481 845 1514 licet
871 1482 1024 1524 cogitare
1051 1482 1094 1516 de
1119 1493 1179 1525 eo,
1215 1484 1311 1518 cuius
1337 1487 1430 1519 nulla

77 1553 205 1587 mentio
229 1552 339 1593 facta,
363 1552 391 1585 si
416 1549 686 1597 llermeneutices
712 1549 848 1592 regulas
874 1549 1039 1585 audimus.
1088 1550 1196 1584 Immo
1222 1551 1264 1585 ad
1293 1552 1430 1586 Messa-

78 1618 182 1652 linum
205 1628 260 1651 res
285 1618 443 1662 pertinet,
468 1617 522 1650 cui
548 1620 623 1650 orto
651 1626 670 1649 e
695 1615 796 1649 domo
825 1615 1031 1659 triumphali,
1057 1627 1133 1650 nam
1160 1621 1257 1660 pater
1280 1619 1429 1653 Messala

79 1684 122 1718 de
155 1684 333 1726 Aquitanis
367 1681 653 1725 triumphaverat,
699 1681 766 1713 iam
803 1684 837 1713 et
871 1681 934 1724 ipsi
970 1685 1046 1724 post
1080 1682 1428 1718 Quindecimviratum

80 1753 214 1793 partum
237 1748 381 1791 gloriam
405 1747 583 1780 militarem
609 1749 794 1788 auguratur
823 1748 925 1789 poeta
959 1749 993 1779 et
1027 1746 1231 1791 triumphum
1266 1748 1430 1793 futurum,

80 1815 364 1860 quemadmodum
383 1814 532 1858 apertius
550 1813 583 1846 in
604 1814 670 1846 fine
692 1813 848 1846 carminis
865 1813 1086 1856 significatur.
1129 1814 1216 1849 Nam
1237 1827 1298 1860 per
1322 1818 1430 1853 Quin-

81 1883 336 1923 decimviratum
353 1881 463 1914 aditus
479 1879 521 1913 ad
539 1879 749 1912 consulatum
777 1878 916 1922 patebat
935 1879 969 1912 in
991 1879 1095 1912 libera
1119 1882 1292 1924 republica
1315 1887 1350 1917 et
1368 1885 1432 1918 sub

84 1951 297 1986 Caesaribus.
337 1948 416 1984 L1v.
443 1947 502 1989 VI,
528 1948 593 1980 42:
630 1945 748 1978 Creati
773 1945 927 1992 quinque
949 1951 1116 1990 patrum,
1144 1946 1298 1993 quinque
1321 1948 1432 1993 plebis

83 2017 145 2060 (ut
170 2022 246 2048 tum
271 2020 351 2047 erat
378 2012 585 2055 numerus),
609 2010 796 2057 graduque
819 2023 858 2044 eo
883 2011 953 2043 iam
982 2011 1039 2044 ι’ἰα
1057 2011 1169 2056 jacta
1196 2012 1245 2045 ad
1267 2015 1432 2048 consula-

84 2089 161 2115 tum
186 2078 385 2114 videbatur.
435 2079 546 2112 STAT.
573 2078 657 2110 silv.
683 2077 710 2118 1,
734 2079 768 2119 2,
796 2078 874 2110 174.
901 2076 943 2110 de
969 2076 1010 2112 L.
1036 2078 1204 2112 Auruutio
1231 2081 1340 2114 Stella
1361 2082 1431 2115 Pa-

84 2147 220 2181 tavino:
251 2148 359 2178 IIunc
379 2151 415 2176 et
439 2143 601 2179 bissenos,
628 2143 678 2176 sic
703 2143 928 2189 indulgentia
947 2150 1080 2190 pergat
1104 2145 1289 2181 Praesidis
1312 2147 1433 2181 Auso-

83 2214 152 2249 nii,
189 2223 311 2245 crrnas
336 2210 499 2243 attollere
517 2210 643 2256 fasces
668 2211 767 2244 Ante
791 2210 902 2250 (liem5
940 2217 1032 2244 certe
1056 2210 1127 2243 iam
1152 2224 1246 2245 nunc
1272 2213 1433 2258 Cybeleia

84 2278 182 2311 novit
207 2276 349 2309 Limina
371 2282 407 2308 et
432 2274 610 2308 Euboicae
635 2288 774 2309 carmen
805 2275 892 2321 legit
921 2275 981 2308 ille
1007 2274 1176 2321 Sibyllae.
1225 2280 1331 2314 Vides
1356 2285 1434 2324 post

85 2342 169 2377 haec
194 2345 340 2376 mentem
365 2341 504 2374 Tibulli.
553 2341 696 2385 Apollo,
731 2352 818 2384 quae
849 2341 1047 2375 suavissime
1072 2345 1268 2387 excogitata
1292 2352 1431 2379 senten-

85 2411 132 2443 tia
165 2413 237 2451 est,
274 2411 395 2442 ornatu
428 2407 512 2440 lauri
545 2411 680 2452 sumpto
713 2418 820 2441 novae
854 2407 962 2440 laudis
995 2419 1090 2452 spem
1116 2410 1237 2443 afferto
1263 2412 1432 2445 sacerdoti

86 2485 160 2516 suo,
185 2478 220 2508 et
241 2474 431 2518 significato
455 2474 535 2517 quid
561 2485 635 2508 cum
662 2474 825 2509 hodierno
850 2473 979 2509 honore
1007 2475 1183 2519 promittat
1207 2478 1362 2522 amplius.
1387 2498 1432 2503 —

86 2538 193 2573 Dum
217 2540 442 2573 cumulant
466 2550 585 2582 aras,
620 2541 773 2584 prosiciis
799 2551 878 2574 arae
902 2541 1071 2585 impositis
1095 2546 1129 2576 et
1153 2547 1240 2580 ture.
1290 2545 1433 2580 Confert

86 2604 258 2638 Hermus
291 2604 412 2648 virgil.
439 2606 522 2638 Aen.
550 2605 612 2648 XI,
637 2608 703 2639 50:
744 2604 972 2652 cumulatque
1005 2605 1142 2640 altaria
1176 2608 1285 2644 donis.
1335 2611 1432 2644 Adde

87 2671 202 2704 Ccu'r.
234 2670 275 2712 V,
301 2673 340 2703 l:
377 2669 513 2705 altaria
533 2677 624 2715 *ture
658 2677 691 2703 et
726 2669 883 2704 omnibns
919 2670 1081 2705 odoribus
1114 2673 1303 2707 cumulare.
1363 2677 1431 2709 De-

1008 2744 1057 2780 18
