1721 2953
478 130 622 171 LIBR.
654 130 704 169 11.
762 127 922 170 ELEG.
952 131 1024 169 IV.
1337 135 1415 170 261

72 247 195 290 Eclog.
219 246 280 288 lv,
304 247 361 279 52.
387 263 430 269 -
465 244 533 277 Ite
563 241 742 286 procul,
771 240 939 275 Musae.
990 242 1167 286 Repetitio
1192 242 1310 276 horum
1340 254 1418 276 ver-

73 313 194 346 borum
219 316 257 345 ut
281 311 407 345 claudit
430 307 689 342 antecedentem
714 292 847 347 locum,
873 306 920 338 ita
946 309 1122 342 transitum
1149 309 1255 342 munit
1280 308 1323 341 ad
1349 319 1414 352 op-

73 380 217 422 positam
252 379 452 420 sequentem
485 373 700 408 sententiam.
751 371 850 405 Conf.
881 372 924 405 ad
949 373 976 414 I,
1004 377 1038 415 3,
1063 378 1097 408 5.
1122 394 1169 400 —-
1205 376 1247 409 V.
1273 378 1315 408 21
1345 386 1418 418 sqq.

71 457 150 489 per
174 444 355 478 caedem
391 445 436 475 et
469 441 660 474 facinus.
709 439 774 472 Est
800 439 895 482 quasi
922 439 1087 482 formula,
1122 442 1169 473 ait
1195 441 1419 473 Bnoucifflu-

70 520 157 552 ειυς,
182 519 382 553 comparans
408 508 536 540 Cmnn-
563 508 685 550 Agrar.
706 507 768 549 ΠΙ,
790 508 831 540 4:
861 506 955 538 Num
979 505 1057 552 quis
1082 513 1238 540 vestrum
1265 506 1315 538 cccl
1338 506 1418 544 vim,

70 577 119 608 ad
135 575 298 622 facinus,
323 575 373 607 ad
394 574 530 607 caedem
555 573 837 606 accommodatus
862 579 927 606 est.
979 574 1061 617 Agr.
1087 575 1131 617 ll,
1155 578 1225 608 28:
1256 574 1419 620 Quinque

70 640 245 673 hominum
271 639 425 672 millibus
449 639 499 672 ad
521 638 600 676 vim,
626 638 782 682 facinus,
810 638 949 670 caedem
976 639 1128 674 delectis.
1177 641 1332 684 Simplex
1359 649 1420 684 pel·

69 706 197 740 facinus
222 717 252 741 v.
279 717 308 741 c.
336 707 445 739 Ovm.
471 706 572 740 Rem.
599 706 673 740 Am.
703 708 760 740 61.
786 709 821 739 et
849 706 881 739 in
907 705 993 739 Ibid.
1021 709 1101 740 565.
1129 707 1288 740 laudante
1316 707 1417 741 Vnt.-

67 783 139 806 1›1o.
196 772 291 805 Idem
323 773 452 806 Tibulli
486 773 589 806 verba
623 774 673 807 sic
707 773 972 807 circumscribit:
1020 773 1243 814 „Nocturnus
1280 783 1418 816 grassa-

71 840 126 869 tor
150 838 250 879 fiam,
284 847 359 871 cum
386 839 455 871 telo
480 838 682 880 ambulabo,
713 838 863 872 viatores
889 839 1090 881 aggrediar,
1116 839 1291 880 occidam,
1318 843 1353 872 et
1377 849 1421 872 ex

70 905 205 938 illorum
232 905 350 948 spoliis
375 906 503 950 parabo
528 917 616 949 quae
638 906 796 940 dominae
820 907 948 940 donare
975 907 1139 950 possim.“
1164 924 1208 930 —
1247 908 1331 940 Aut
1358 917 1420 939 ra-

68 970 202 1012 piam,
236 980 313 1003 cum
346 974 426 1004 ante
457 971 602 1005 dixisset
637 976 742 1005 sunt
775 972 989 1015 paranda.
1041 972 1201 1006 Ceterum
1227 971 1423 1005 observabis

67 1036 170 1069 etiam
190 1034 244 1069 bic
262 1036 465 1078 διχοτομίαν
484 1037 587 1070 toties
606 1037 740 1070 obviam
760 1037 851 1081 apud
871 1038 1058 1079 Tibullum,
1078 1037 1121 1070 de
1142 1048 1208 1080 qua
1227 1038 1332 1070 multa
1352 1036 1422 1069 dixi

69 1101 104 1134 in
130 1101 379 1136 Dissertatione
404 1103 447 1137 de
472 1103 678 1136 Elocutione
702 1108 837 1147 poetae.
886 1104 977 1138 Dicit
1001 1105 1127 1147 igitur:
1150 1104 1218 1138 Aut
1243 1102 1419 1137 occidendi

68 1171 147 1200 sunt
182 1166 334 1200 homines
369 1171 428 1201 aut
461 1170 588 1212 templa
625 1167 814 1212 spolianda.
840 1187 886 1193 -—
934 1170 1167 1212 insignia,
1209 1172 1420 1210 ornamenta,

69 1230 230 1273 donaria,
256 1228 482 1276 «Zisaffifnara.
533 1233 675 1266 VALER.
702 1233 835 1266 FLAcc.
862 1234 940 1276 vll,
962 1237 1027 1267 48:
1056 1237 1124 1267 Cur
1150 1247 1214 1278 age
1240 1247 1307 1267 non
1333 1240 1420 1266 tem-

62 1297 137 1340 plis
165 1303 312 1330 sacrata
346 1298 497 1330 avellere
531 1297 623 1330 dona
659 1297 827 1331 Omnibus
852 1317 898 1322 —
923 1298 1036 1332 libet?
1085 1300 1226 1333 Confert
1262 1301 1423 1334 VULI‘IUS

69 1363 112 1397 de
151 1363 340 1397 huiusmodi
380 1365 571 1406 sacrilegiis
616 1365 786 1398 dicentem
824 1364 1044 1398 IuvnNALEM
1082 1367 1158 1398 Sat.
1195 1364 1292 1406 XIII,
1331 1366 1420 1397 147:

69 1429 198 1476 Confer
222 1436 257 1462 et
280 1429 357 1467 lios,
380 1429 508 1463 veteris
533 1429 594 1476 qai
620 1428 755 1462 tollant
777 1429 933 1475 grandia
959 1429 1080 1474 templi
1103 1429 1240 1462 Pocula
1265 1428 1421 1460 adoran-

68 1496 134 1528 dae
151 1495 329 1542 robiginis,
353 1502 389 1528 et
411 1495 623 1540 populorum
647 1497 765 1533 Dona,
789 1495 847 1529 vel
872 1495 1022 1541 antiquo
1043 1494 1183 1540 positas
1209 1506 1232 1526 α
1258 1505 1338 1539 rege
1365 1505 1421 1526 co-

67 1574 184 1596 ronas.
233 1564 335 1595 Ilaec
358 1560 407 1594 ibi
431 1561 463 1595 si
486 1574 556 1595 non
579 1567 676 1599 sunt,
703 1560 816 1594 minor
839 1567 962 1593 exstat
982 1560 1190 1606 sacrilegus,
1217 1559 1279 1605 qui
1297 1558 1420 1590 Rada!

67 1629 230 1663 inaurati
246 1630 372 1675 femur
398 1628 568 1663 Herculis
592 1634 628 1660 et
654 1627 792 1673 faciem
816 1627 930 1671 ipsam
957 1626 1136 1670 Neptuni,
1173 1625 1235 1672 qui
1263 1624 1424 1658 hracteo—

68 1695 140 1727 Iam
174 1694 214 1726 (Ie
247 1696 391 1726 Castore
424 1693 546 1726 ducat.
594 1692 657 1725 An
684 1690 841 1727 dubitet,
875 1691 1004 1724 solitus
1029 1697 1145 1724 totum
1170 1691 1322 1735 conflare
1352 1693 1419 1723 To—

68 1765 222 1793 nantem.
272 1758 440 1794 Videntur
473 1758 575 1791 etiam
611 1761 781 1790 amatores
819 1758 1009 1800 puellarum
1042 1758 1124 1790 talia
1159 1757 1299 1790 crimina
1325 1767 1420 1790 com—

68 1827 274 1860 misisse.—
302 1824 468 1858 suadet
496 1822 814 1865 dominamque
841 1832 1050 1866 rapacem
1077 1823 1162 1855 Dat
1186 1821 1311 1864 mihi,
1337 1832 1421 1854 sua—

69 1892 129 1925 det
162 1892 245 1925 dans
270 1891 440 1924 dominam
465 1900 647 1934 rapacem,
681 1889 742 1922 sed
768 1889 939 1933 positum,
965 1893 1003 1922 ut
1027 1899 1132 1933 saepe
1160 1890 1221 1930 fit,
1246 1890 1422 1922 nervosius

69 1958 209 1990 verbum
235 1957 367 1990 finitum
393 1967 444 2000 pr.
471 1956 664 2000 participio.
691 1973 735 1979 --

165 2023 206 2057 V.
226 2025 366 2056 27-50.
401 2022 597 2055 Medium
619 2031 806 2056 carmen.
842 2022 1000 2055 Altera
1022 2031 1134 2065 pars.
1170 2021 1422 2056 Crescente

70 2088 245 2122 affectu
278 2092 557 2122 exsecratur
589 2091 802 2121 auctores
835 2088 1063 2121 avaritiae
1097 2088 1353 2131 puellarum
1379 2093 1420 2122 et

70 2155 292 2189 Nemesim
318 2166 495 2189 avaram
520 2156 679 2199 ipsam,
704 2155 896 2188 laudans
922 2158 1079 2188 contra
1104 2154 1258 2187 bonas.

165 2221 207 2254 V.
241 2223 288 2253 27
320 2232 370 2263 sq.
418 2220 706 2262 smaragdos,
744 2220 788 2253 cf.
821 2219 864 2252 ad
898 2220 926 2260 I,
964 2222 995 2261 1,
1020 2222 1080 2252 51.
1140 2219 1268 2252 Omnes
1299 2219 1423 2252 virides

71 2297 227 2330 gemmae
270 2298 297 2321 s.
342 2286 449 2330 lapilli
491 2286 632 2330 pretiosi
678 2286 769 2329 apud
812 2289 946 2318 veteres
991 2284 1192 2317 dicebantur
1236 2284 1420 2326 smaragdi.

70 2351 207 2385 Eximie
239 2352 408 2396 placuisse
443 2350 532 2385 hunc
565 2351 717 2384 colorem
753 2350 865 2384 disces
891 2360 936 2383 ex
971 2350 1078 2383 Pms.
1103 2349 1287 2393 XXXVII,
1315 2353 1348 2383 5.
1374 2369 1420 2376 —-

72 2428 212 2460 ovem,
238 2417 269 2451 h.
290 2430 321 2452 e.
348 2419 469 2452 lanam.
521 2418 708 2462 Comparat
732 2418 1053 2452 anmmmcnms
1077 2415 1242 2461 Sophocl.
1261 2415 1422 2450 Trachin.

71 2488 161 2518 696:
196 2482 234 2516 τό
261 2482 325 2529 γάρ
352 2482 512 2527 naitanum
537 2482 694 2528 τυγχάνω
720 2482 849 2531 §docimi
877 2496 947 2521 πως
972 2483 1034 2528 τῆς
1063 2480 1150 2522 οἶός,
1178 2472 1204 2527 ᾧ
1228 2480 1423 2528 προῖἷχριον,

73 2551 130 2583 ubi
165 2547 213 2586 ὄϊς
249 2561 299 2594 pr.
331 2548 470 2589 μαλλός.
521 2551 580 2586 Sic
616 2549 762 2596 bombyx
798 2555 850 2584 est
881 2551 1029 2584 sericum
1057 2561 1076 2582 a
1102 2549 1271 2591 bombyce
1297 2553 1423 2589 netum,

76 2617 117 2651 cf.
142 2619 328 2652 Pnorssn‘r.
356 2619 398 2660 ll,
425 2623 457 2661 3,
489 2622 540 2654 15.
590 2620 685 2654 Bene
711 2630 790 2653 vero
816 2619 988 2653 niveam
1017 2617 1129 2659 addit,
1157 2617 1243 2650 male
1264 2620 1427 2650 mutatum
