1721 2953
496 96 737 142 'rlBULLl
786 95 894 142 LIB.
928 98 957 142 l.
984 109 1017 142 2.
1399 102 1427 144 7

142 225 232 270 'Nec
256 234 399 269 tamen
428 220 531 266 huic
554 220 704 266 credet
727 220 921 267 coniunx
945 232 1061 278 tuus,
1094 233 1141 267 ul
1164 221 1273 267 mihi
1297 240 1425 268 verax

199 306 399 354 Pollicita
431 316 496 353 est
527 306 702 369 magico
737 324 846 369 saga
881 306 1139 354 ministerio.

81 395 265 440 45Ha11c
301 411 383 455 ego
421 391 476 438 de
513 391 634 439 caelo
671 392 906 439 ducentem
943 393 1091 439 sidera
1126 393 1241 448 vidi,

201 477 419 524 Fluminis
456 477 564 525 haec
594 477 742 543 rapidi
779 478 974 525 carmine
1011 479 1139 526 vertit
1171 479 1274 535 iter,

129 564 248 609 Haec
284 575 415 610 cantu
451 562 671 629 finditque
706 563 851 611 solum
887 565 1133 630 Manesque
1165 564 1381 629 sepulcris

197 648 328 695 Elicit
363 661 404 696 et
439 650 591 715 tepido
626 650 811 697 devocat
845 669 945 697 ossa
977 669 1100 714 rogo.

126 735 217 781 Iani
253 747 371 783 tenet
404 736 602 783 infernas
637 736 812 800 magico
850 736 1040 783 stridore
1077 746 1299 790 catervas,

75 834 121 867 50
198 822 291 869 Iam
326 822 449 869 iubet
485 841 689 888 aspersas
723 821 834 869 lacte
871 821 1036 868 referre
1073 820 1254 886 pedem:

130 908 240 954 Cum
276 907 406 966 libet,
447 908 556 956 haec
585 908 700 956 tristi
737 907 919 974 depellit
952 907 1108 955 nubila
1146 906 1291 964 caelo,

190 995 301 1042 Cum
336 994 465 1053 libet,
508 995 672 1042 aestivo
709 1006 923 1042 convocat
954 994 1063 1041 orbe
1095 994 1230 1040 nives.

127 1079 233 1127 Sola
270 1092 418 1128 tenere
454 1081 593 1128 malas
630 1081 817 1129 Medeae
855 1081 1020 1128 dicitur
1049 1080 1236 1136 herbas,

173 1167 278 1215 Sola
314 1167 432 1215 feros
468 1169 661 1215 Hecatae
691 1167 1003 1233 perdomuisse
1041 1185 1184 1214 canes.

68 1254 242 1300 55Haec
273 1254 383 1300 mihi
418 1254 669 1318 composuit
703 1264 883 1310 cantus,
920 1253 1020 1318 quis
1051 1251 1205 1298 fallere
1237 1269 1415 1315 posses:

190 1340 280 1385 Ter
314 1357 446 1395 cane,
489 1349 555 1385 ter
590 1338 719 1385 dictis
759 1337 928 1402 despue
964 1336 1251 1384 carminibus.

117 1424 194 1472 Ille
227 1423 340 1472 nihil
375 1425 538 1490 poterit
569 1424 624 1471 de
658 1424 791 1471 nobis
828 1423 1008 1471 credere
1046 1423 1278 1488 cuiquam,

184 1513 286 1559 Non
320 1510 428 1569 sibi,
476 1511 515 1558 si
551 1509 759 1557 in‘molli
792 1509 954 1556 viderit
982 1509 1079 1574 ipse
1114 1517 1226 1557 toro.

119 1598 189 1642 Tu
225 1609 372 1644 tamen
410 1596 634 1644 abstineas
671 1595 794 1643 aliis:
844 1614 950 1642 nam
986 1606 1131 1642 cetera
1165 1606 1315 1642 cernet.

63 1695 109 1728 60
187 1682 376 1728 Omnia:
425 1681 481 1728 de
517 1699 586 1728 me
614 1700 706 1728 uno
742 1681 902 1727 sentiet
932 1680 1006 1726 ille
1041 1679 1165 1727 nihil.

120 1766 246 1829 Quid
268 1765 478 1813 credam?
513 1783 673 1830 nempe
699 1765 809 1811 haec
838 1765 992 1812 eadem
1019 1783 1064 1811 se
1096 1764 1206 1810 dixit
1236 1782 1408 1810 amores

184 1851 398 1898 Cantibus
437 1863 513 1898 aut
547 1851 699 1898 herbis
735 1850 903 1896 solvere
939 1868 1071 1914 posse
1107 1868 1252 1905 meos,

113 1937 170 1984 Et
203 1956 273 1984 me
306 1936 508 1984 lustravit
543 1936 708 1994 taedis,
757 1947 797 1982 et
833 1947 961 1982 nocte
996 1953 1154 1982 serena

182 2024 390 2070 Concidit
425 2023 483 2070 ad
513 2023 712 2087 magicos
746 2022 893 2069 hostia
923 2020 1046 2087 pulla
1084 2021 1204 2069 deos.

58 2109 217 2156 65Non
255 2127 337 2172 ego
372 2120 489 2157 totus
524 2109 698 2157 abesset
733 2127 882 2167 amor,
928 2107 1007 2155 sed
1041 2119 1222 2155 mutuus
1258 2119 1390 2165 esset,

180 2195 406 2253 Orabam,
454 2214 536 2243 nec
574 2208 614 2243 te
648 2213 779 2260 posse
815 2212 963 2243 carere
1000 2193 1142 2241 velim.

149 2357 189 2390 V.
204 2358 260 2391 46.
288 2356 508 2390 Fluminis
533 2375 576 2380 —
604 2357 768 2399 vertit,
803 2360 908 2392 recte.
960 2356 1025 2389 Alii
1050 2357 1137 2389 mate
1162 2354 1333 2388 Fulminis
1361 2375 1401 2378 ss

54 2420 164 2453 sistit.

149 2486 191 2519 V.
207 2490 263 2520 60.
288 2488 461 2520 Revocavi
489 2488 572 2520 ille
598 2498 648 2531 pr.
674 2487 764 2530 ipse,
800 2487 890 2529 quod
918 2487 1168 2520 LAcflmmiws
1196 2486 1307 2519 habet.
1356 2489 1403 2518 Ac

56 2553 259 2594 permutatio
287 2552 466 2594 frequens,
501 2553 543 2585 cf.
571 2553 612 2585 ad
643 2553 665 2591 Ι,
692 2557 724 2590 8,
754 2556 805 2585 15.
845 2553 888 2591 11,
912 2556 946 2593 3,
974 2554 1031 2585 59.
1065 2554 1097 2593 4,
1122 2555 1179 2586 36.
