1721 2953
310 182 390 223 354
621 169 990 216 COMMENTAR.
1020 173 1079 216 IN
1110 174 1339 218 TIBULLI

312 290 379 326 Sed
415 287 621 333 cupidum
655 289 797 324 virum
834 301 911 325 cum
947 291 1178 326 Emusmmo
1213 294 1400 326 amatorem
1439 293 1648 338 interpretor

310 358 442 400 Nempe
467 359 608 399 tangere
632 355 740 389 voluit
763 356 883 400 opinor
907 361 1052 392 matrem
1076 362 1110 392 et
1134 358 1275 391 rivalem
1299 359 1370 392 sic:
1410 359 1526 395 Quam
1550 360 1659 403 magis

308 432 399 458 amas
434 425 541 455 matre
574 424 609 454 et
640 425 793 455 amatore
824 432 923 457 novo.
974 423 1061 457 Cum
1098 428 1211 458 autem
1241 425 1367 458 tectius
1391 424 1571 459 dicendum
1596 423 1661 459 hoc

306 492 463 534 putaret,
497 487 640 522 mutavit
663 487 697 521 in
722 488 917 530 generalem
942 489 1167 531 sententiam3
1203 488 1264 523 sed
1291 490 1339 523 ita
1364 490 1399 523 in
1423 489 1516 524 aliud
1541 489 1659 524 vitium

306 555 435 590 incidit.
484 554 572 589 Nam
599 555 806 598 generaliter
842 566 1025 600 expressae
1059 556 1242 600 displicent
1277 554 1340 590 liae
1374 555 1658 600 comparationes,

306 622 413 656 aitera
444 625 483 656 ut
517 622 731 665 dissimilior,
767 623 874 656 altera
907 627 946 656 nt
980 623 1133 657 similior.
1198 622 1362 657 Ceterum
1397 623 1543 657 observa
1576 632 1658 656 con-

304 689 546 723 structionemz
592 691 807 732 quantum
845 700 926 722 nec
962 708 1009 714 ——
1043 690 1270 725 Quantum
1304 700 1385 724 nec
1419 700 1471 734 pr.
1496 693 1658 733 quantum

303 765 370 790 nec
392 774 439 781 --
462 766 545 797 nec,
569 759 629 789 ant
652 758 814 798 quantum
836 766 904 789 non
929 773 976 780 --
999 758 1162 799 quantum
1188 766 1268 790 non.
1317 756 1448 790 Similis
1473 755 1583 789 forma
1606 757 1659 788 est

303 821 364 866 iv,
392 825 425 865 1,
452 824 516 856 62:
557 827 646 866 apta
679 821 736 855 vel
767 821 883 855 herbis
918 828 1076 869 aptaque
1112 821 1169 856 vel
1202 828 1312 855 cantu
1347 828 1481 856 veteres
1516 827 1654 855 ηιιιῐανε

295 889 455 936 figuras,
479 907 527 914 --
559 890 753 922 Somnus
786 891 956 924 velavit
989 891 1171 925 amictu.
1223 890 1371 924 Honrnn.
1394 891 1436 926 Il.
1459 890 1555 933 XIV,
1575 892 1655 923 3590

301 957 387 992 <licit
410 960 551 991 notante
577 957 770 990 Huscmuo
795 950 920 994 Ἵῖτνος
945 957 988 991 de
1012 958 1094 992 Iove
1118 969 1139 991 a
1170 968 1210 992 se
1235 958 1432 1002 consopito:
1466 958 1538 990 ἐπεὶ
1561 954 1658 1000 αὐτῷ

302 1020 366 1066 {yssi
401 1020 555 1063 μαλακόν
585 1024 662 1069 περὶ
696 1019 779 1062 κῶμ’
810 1019 975 1059 ἐκάλυψα.
1025 1023 1113 1058 Add.
1148 1024 1275 1065 Odyss.
1300 1023 1431 1064 XVIII,
1455 1025 1540 1055 201.
1589 1022 1655 1055 SC-

302 1090 413 1124 riores
437 1089 572 1132 longius
605 1088 779 1133 progressi
813 1088 942 1121 Somno
978 1088 1115 1131 peplum
1140 1087 1289 1130 dedere,
1326 1098 1395 1131 quo
1419 1087 1550 1121 velaret
1574 1086 1658 1120 dor-⁵¹

303 1157 472 1199 iniente53
506 1157 606 1199 quale
633 1155 736 1189 habet
763 1156 797 1188 in
821 1155 1028 1198 imaginibus
1053 1154 1143 1199 apud
1171 1156 1364 1190 Semnum.
1389 1155 1433 1189 ad
1457 1153 1654 1188 Cailimach²

302 1224 336 1257 in
361 1223 436 1257 Del.
462 1224 544 1257 234.
578 1226 718 1256 notante
754 1222 892 1256 Vossm.
942 1222 1044 1267 Apud
1081 1223 1271 1256 Homerum
1307 1232 1390 1256 vero
1424 1222 1467 1256 de
1494 1221 1559 1255 hoc
1586 1222 1656 1256 noli

300 1289 468 1332 cogitare.
516 1290 602 1323 Aliis
626 1294 741 1323 autem
767 1290 800 1323 in
825 1290 930 1333 locis,
963 1301 1051 1335 quae
1075 1291 1251 1333 vulgatior
1276 1294 1328 1324 est
1353 1289 1468 1331 fictio,
1506 1290 1656 1323 Somnus

299 1356 412 1389 alatus
437 1356 499 1389 alis
523 1357 594 1389 suis
619 1356 753 1400 soporis
778 1355 961 1389 obumbrat
993 1360 1096 1399 atque
1122 1356 1341 1399 amplectitur
1365 1365 1446 1397 θος,
1479 1364 1566 1396 quos
1590 1365 1654 1398 op-

299 1421 426 1465 primit,
451 1420 518 1454 vid.
543 1430 647 1464 supra
671 1419 715 1453 ad
740 1420 785 1461 Π,
811 1422 844 1461 1,
869 1423 926 1453 89.
944 1438 987 1444 ——
1019 1421 1184 1455 Vanum
1209 1421 1340 1453 fallit
1365 1420 1654 1462 imaginibus,

301 1488 398 1521 cuius
430 1487 596 1530 cogitatio
621 1491 725 1522 noctu
758 1487 907 1520 animum
942 1491 1037 1521 tuum
1074 1488 1258 1531 deceptum
1288 1487 1493 1530 imaginibus
1518 1487 1654 1522 suturae

301 1552 473 1586 felicitatis
498 1552 594 1585 ludit.
647 1552 771 1586 Vanus
797 1551 921 1584 dicitur
946 1552 1048 1585 etiam
1079 1553 1136 1595 qui
1163 1553 1197 1586 in
1223 1563 1261 1586 re
1287 1553 1446 1596 quapiam
1471 1552 1655 1587 frustratus

303 1623 366 1660 est,
391 1623 430 1652 ut
454 1619 584 1653 TAcrr.
610 1618 700 1651 Hist.
721 1618 765 1659 11,
784 1620 818 1659 2,
841 1620 898 1650 22.
925 1621 960 1651 et
985 1628 1062 1651 cum
1088 1619 1240 1660 genitivo
1266 1619 1377 1652 Vme.
1399 1619 1484 1651 Aen.
1507 1618 1552 1661 X,
1572 1620 1653 1652 631.

299 1686 378 1719 Sin.
402 1686 503 1719 ITAL.
528 1685 609 1726 XII,
633 1687 714 1718 261.
763 1684 860 1716 Dixit
885 1694 968 1717 vero
994 1695 1154 1718 vanum
1185 1685 1314 1718 fallit
1347 1686 1537 1728 cumulate,
1563 1685 1655 1730 quod

299 1753 387 1786 bene
420 1751 572 1785 defendit
604 1751 839 1794 Huscnxms,
876 1752 1023 1785 afferens
1050 1751 1256 1785 CLAUDIAN.
1281 1751 1448 1793 XXXIII,
1474 1753 1541 1785 98:
1587 1755 1653 1784 aut

300 1830 415 1851 vanas
449 1818 585 1852 tonitru
619 1817 817 1851 deludimus
843 1829 970 1855 aures,
1005 1822 1041 1852 et
1068 1819 1175 1852 Ovm.
1203 1819 1314 1864 Epist.
1341 1829 1385 1853 ex
1408 1820 1523 1853 Ponto
1547 1818 1594 1862 ΙΙ,
1618 1821 1653 1862 9,

300 1887 366 1918 29:
409 1895 506 1917 vana
546 1882 743 1917 laborantis
781 1882 812 1915 si
841 1883 952 1929 fallit
989 1890 1072 1917 vota
1115 1884 1240 1918 coloni.
1306 1884 1536 1919 Nihilominus
1573 1895 1651 1920 cum

300 1950 527 1984 Eicnsmmo
554 1949 698 1982 observa
723 1949 858 1991 quoties
883 1950 1024 1984 verbnm
1051 1962 1168 1984 vanus
1200 1951 1232 1984 in
1259 1949 1323 1985 hoc
1347 1952 1497 1986 carmine
1522 1953 1654 1997 repeti-

301 2022 373 2052 tum
398 2018 455 2052 sit.
506 2017 625 2050 Nescit
649 2017 732 2050 satis
756 2019 889 2051 variare
914 2019 1104 2052 orationem
1133 2018 1186 2053 bic
1213 2023 1328 2063 poeta.
1379 2020 1479 2054 Haec
1503 2020 1547 2054 de
1572 2030 1652 2055 verr·

301 2085 372 2125 bis3
409 2083 500 2116 aliud
535 2093 617 2116 vero
650 2087 750 2115 acute
785 2082 827 2116 de
863 2087 936 2116 toto
971 2083 1115 2118 disticho
1151 2089 1246 2118 notat
1279 2084 1549 2119 Excnsmmus:
1586 2085 1650 2127 „In

299 2148 468 2181 sententia
500 2146 618 2180 horum
644 2157 801 2181 versuum
826 2148 915 2181 inest
949 2149 982 2182 ni
1021 2149 1119 2182 fallor
1150 2150 1277 2193 aliquid
1305 2150 1501 2184 offendiculi
1526 2160 1570 2185 ex
1596 2161 1650 2194 eo,

300 2212 391 2256 qnod
415 2213 584 2245 somnians
612 2217 713 2256 poeta
738 2213 812 2257 ipse
837 2213 879 2246 de
904 2214 1036 2247 somnio
1059 2215 1201 2258 cogitat.
1250 2216 1320 2250 Vix
1343 2216 1431 2250 enim
1453 2217 1537 2250 satis
1557 2220 1649 2261 apte,

301 2283 333 2313 in
365 2280 565 2313 secundario
590 2279 725 2322 quidem
752 2281 850 2323 loco,
889 2286 1072 2316 revocatur
1096 2283 1228 2317 animus
1253 2283 1393 2317 lectoris
1418 2283 1461 2318 ad
1487 2295 1578 2326 rem,
1614 2283 1648 2317 in

300 2355 368 2387 qua
403 2346 595 2389 primariffln
630 2348 787 2380 carminis
822 2354 1059 2391 argumentum
1096 2354 1131 2383 et
1169 2353 1244 2383 tota
1277 2350 1428 2385 inventio
1464 2350 1648 2385 cernitur.“

301 2411 396 2444 Alius
421 2410 565 2453 deniqne
592 2411 836 2456 reprehendat,
875 2413 965 2456 quod
994 2413 1047 2448 bic
1083 2414 1126 2448 de
1151 2414 1274 2448 diebus
1298 2426 1366 2449 uno
1390 2425 1491 2449 versu
1515 2414 1648 2449 dicatur

300 2481 526 2521 pentametro,
553 2478 596 2511 de
622 2480 778 2513 noctibus
803 2484 918 2513 autem
943 2484 1018 2515 toto
1044 2481 1212 2526 disticho;
1237 2483 1297 2517 sed
1323 2483 1404 2516 talia
1429 2483 1531 2516 etiam
1555 2482 1646 2527 apud

300 2544 473 2578 Tibullum
498 2545 658 2587 invenias,
683 2546 728 2581 cf.
756 2547 782 2589 I,
809 2549 843 2590 1,
868 2550 913 2582 69
936 2559 1010 2591 sqq.
1028 2566 1073 2574 —
1099 2548 1384 2583 Carminibus
1411 2548 1646 2582 celebrata

300 2612 410 2653 tuis,
449 2615 527 2644 sunt
562 2623 649 2654 qnae
684 2617 764 2647 ante
799 2613 888 2649 hunc
924 2615 1045 2649 librum
1083 2615 1221 2659 scripta.
1246 2633 1293 2639 —
1336 2614 1645 2657 Diversasque

300 2687 403 2711 suas
434 2677 590 2721 agitat.
642 2679 788 2713 Constat
814 2678 990 2713 diversum
1015 2679 1097 2725 agi,
1133 2678 1214 2712 duci
1240 2679 1304 2714 dici
1338 2690 1388 2724 pr.
1415 2679 1448 2713 in
1477 2678 1643 2714 diversam
