1721 2953
468 162 610 203 LIBR.
644 161 695 202 ΙΙ.
753 160 912 201 ELEG.
946 163 1019 202 VI.
1332 169 1407 202 301

76 283 177 316 etiam
214 281 265 314 hic
299 281 410 313 onmia
443 279 484 311 ad
519 277 702 322 perfectam
740 275 902 307 unitatem
938 274 1076 319 pulchre
1111 278 1298 321 composita
1335 278 1411 312 sint.

74 347 319 381 Exordium
358 346 497 389 primam
530 342 818 375 adumbrationem
856 342 956 375 habet
991 344 1149 377 luctantis
1182 347 1259 378 cum
1296 355 1413 378 amore

74 412 194 445 animi:
232 411 384 452 effugere
409 412 554 441 amatam
581 407 752 448 decernit,
788 406 847 440 sed
873 409 985 441 statim
1011 409 1127 443 aincit
1151 410 1326 443 consilium
1351 421 1414 444 nec

76 478 220 511 sustinet
244 476 347 507 abire.
387 474 465 507 Hoc
485 474 589 516 igitur
607 473 783 506 exordium
807 476 871 505 est.
905 473 1105 516 Iamque,
1132 479 1171 508 ut
1194 475 1260 508 fert
1284 479 1414 518 natura,

74 543 232 575 disertior
263 541 302 573 fit
339 540 488 583 querela.
538 539 588 571 Ac
618 537 770 581 primum
804 536 999 572 indirectius
1031 540 1230 582 aggreditur
1254 542 1413 584 puellam,

73 609 256 642 ostendens
296 610 457 650 quantum
499 606 647 650 patiatur
688 606 721 638 in
759 605 896 638 miseria
937 608 1182 650 propemodum
1221 609 1414 652 desperata.

76 679 164 708 Tam
191 676 344 718 sequitur
374 685 461 707 nova
495 684 573 717 pars
608 672 834 705 antecedente
869 673 1024 715 gravior3
1061 676 1170 717 magis
1195 679 1229 708 et
1255 676 1416 709 directius

72 746 304 776 commoturus
338 741 380 774 ad
415 741 677 774 obtestationem
714 739 848 783 pergit,
886 739 1054 773 flebilibus
1088 741 1196 774 modis
1232 742 1417 775 obsecrans

73 816 239 850 amatam,
277 813 315 841 ut
339 807 491 849 narravi,
527 817 588 850 per
612 816 729 840 manes
759 817 859 839 carae
893 809 1041 849 sororis,
1078 813 1112 841 et
1143 813 1269 842 metum
1296 820 1339 843 ex
1366 810 1417 843 ira

75 876 217 908 umbrae
244 876 408 908 excitans.
457 875 508 907 Ac
534 877 603 907 tam
629 875 796 916 tragicam
821 874 887 906 vim
921 872 1023 906 habet
1058 873 1111 907 hic
1138 875 1251 916 locus,
1287 879 1326 908 ut
1352 885 1414 908 ex-

73 941 193 975 hausta
218 942 397 974 videantur
422 942 554 982 omnia,
589 952 677 984 quae
711 942 865 983 elegiaca
892 942 1006 984 poesis
1040 943 1155 983 gravia
1190 943 1222 974 in
1256 942 1320 975 hoc
1354 953 1417 985 ge—

73 1018 156 1040 nere
199 1006 342 1048 habeat,
389 1017 450 1040 nee
484 1006 603 1040 credas
644 1010 821 1049 praeterea
864 1006 943 1039 addi
988 1007 1140 1050 potuisse
1180 1007 1270 1049 quod
1315 1007 1416 1040 altius

72 1077 229 1115 penetret
264 1073 422 1104 animum.
496 1070 720 1104 Nihilominus
757 1072 944 1104 subiectam
985 1073 1101 1105 vidisti
1138 1074 1237 1106 etiam
1275 1072 1418 1106 tertiam

71 1144 222 1180 partem,
249 1141 283 1169 et
310 1137 460 1169 restabat
484 1146 602 1169 revera
629 1137 703 1179 ipsa
729 1138 910 1170 tenerrima
934 1141 969 1170 et
994 1139 1190 1172 mollissima
1214 1139 1418 1181 significatio

75 1203 212 1235 amoris.
267 1202 351 1235 Vide
376 1202 483 1234 enim:
509 1201 692 1244 Abrumpit
717 1202 780 1234 ista
807 1203 916 1234 tristia
943 1203 1068 1244 verba,
1093 1208 1128 1236 et
1152 1205 1208 1246 qni
1235 1205 1308 1247 ipse
1332 1215 1415 1246 gra-

73 1268 210 1300 vissimo
250 1267 366 1300 dolore
407 1270 547 1310 propter
581 1265 755 1299 Nemesim
796 1267 947 1307 laborat,
992 1272 1128 1300 veretur
1166 1269 1323 1312 persequi
1360 1279 1415 1302 res

78 1333 166 1364 unde
191 1338 300 1364 amata
325 1332 423 1363 nimis
450 1331 567 1363 dolere
594 1333 702 1373 possit
728 1335 762 1363 et
786 1331 926 1365 foedare
952 1320 1130 1366 lacrimans
1156 1335 1274 1367 oculos
1296 1335 1418 1376 loqua-

74 1410 154 1440 ces,
181 1399 327 1442 puellam
357 1398 480 1430 bonam
507 1407 602 1438 esse,
639 1398 735 1428 lenae
761 1397 896 1439 culpam
923 1407 1070 1430 omnem.
1122 1398 1255 1432 Quibus
1280 1399 1417 1441 quidem

73 1464 186 1496 verbis
213 1465 287 1505 quis
313 1473 380 1495 non
411 1462 515 1495 sentit
539 1464 701 1503 quantum
728 1461 817 1495 insit.
875 1461 1051 1505 Depingas
1074 1463 1155 1495 licet
1181 1463 1317 1497 dolores
1342 1468 1419 1497 tuos

75 1532 112 1560 et
146 1529 307 1572 implores
333 1528 416 1561 deos
442 1538 481 1560 ac
516 1537 630 1560 manes
656 1526 856 1558 tristissimis
888 1527 1022 1569 verbis,
1063 1527 1144 1561 nihil
1169 1533 1282 1562 tamen
1308 1531 1417 1563 maius

73 1599 126 1628 est
152 1600 187 1628 et
218 1595 310 1637 quod
343 1595 490 1638 penitius
525 1597 644 1635 tangat
677 1594 824 1625 animum
858 1594 1043 1635 puellarem
1069 1593 1130 1627 hac
1156 1595 1247 1628 molli
1274 1596 1306 1627 in
1332 1605 1416 1638 pro-

73 1661 147 1704 prio
173 1661 292 1693 dolore
319 1661 451 1703 prodita
478 1671 579 1700 cura,
618 1663 729 1691 amata
752 1669 795 1691 ne
821 1659 954 1699 doleat,
990 1658 1052 1692 hac
1076 1661 1250 1693 voluntate
1274 1659 1416 1703 pulchra

72 1725 256 1758 excusandi
290 1725 502 1767 superbiam,
538 1724 627 1756 unde
660 1728 711 1756 tot
743 1734 921 1756 aerumnas
958 1723 1103 1767 habeas,
1138 1727 1265 1759 reiecta
1299 1727 1333 1758 in
1367 1727 1420 1760 le-

73 1802 149 1824 nam
176 1791 275 1834 culpa
300 1790 467 1822 dolorum.
524 1788 691 1821 Nimirum
717 1788 929 1822 vehementia
955 1791 1099 1823 affectus
1132 1792 1268 1834 gravior
1292 1796 1414 1834 regnat

72 1858 105 1889 in
140 1856 439 1897 antecedentibus,
473 1859 508 1888 at
543 1856 770 1898 persuasionis
806 1855 937 1889 dulcior
963 1861 997 1889 et
1028 1857 1181 1891 blandior
1213 1859 1261 1891 vis
1297 1863 1348 1892 est
1381 1859 1414 1891 in

72 1926 151 1957 tine.
201 1927 250 1958 Ac
285 1924 380 1957 vides
411 1933 488 1956 cum
523 1921 585 1955 hac
618 1929 715 1966 parte
750 1924 922 1956 exitum
959 1934 1075 1957 verum
1113 1926 1245 1968 elegiae
1281 1926 1414 1959 adesse.

73 1990 159 2022 Cum
186 1990 298 2033 puella
322 1990 411 2022 bona
435 1990 498 2030 sit,
538 1990 680 2022 meliora
714 2000 852 2033 sperare
886 1991 967 2024 lieet
1000 1991 1042 2024 ab
1078 2002 1138 2034 ea,
1172 1992 1221 2025 ira
1246 1996 1360 2026 autem
1382 1993 1416 2026 in

72 2057 182 2090 lenam
208 2060 433 2099 exoneratur,
457 2067 544 2100 quae
569 2067 696 2100 poenas
721 2057 804 2090 luet.

567 2398 922 2441 EXPLICATIO.

167 2576 210 2609 V.
248 2578 364 2609 1—14.
422 2575 684 2609 Exordium.
741 2576 844 2608 Cum
893 2575 1114 2609 Aemilius
1158 2576 1307 2610 Macer
1349 2586 1415 2609 re-

79 2643 197 2676 licta
233 2643 386 2687 puella
420 2654 498 2677 sua
532 2647 682 2677 castra
717 2647 905 2677 secutus
941 2644 1021 2686 sit,
1068 2644 1165 2689 ipse
1202 2645 1331 2678 etiam
1369 2645 1420 2677 de
