1721 2953
502 129 646 170 LIBR.
677 129 728 168 ll.
786 127 945 168 ELEG.
976 130 1026 169 ΙΙ,
1348 134 1428 168 229

85 243 254 277 Natalem
295 254 361 279 non
408 244 545 279 differre
590 254 610 277 a
655 242 768 277 Gen10
811 246 905 277 recte
941 247 1058 278 contra
1097 242 1277 277 Hermum
1315 248 1431 276 monet

83 311 427 353 Wuxnssnmcfflus3
463 310 642 344 manifesto
677 310 870 355 promiscue
896 315 1082 355 usurpatur
1105 314 1286 352 utrumque
1310 317 1431 342 nomen

83 381 117 410 et
143 378 175 410 in
201 377 264 410 hoc
290 377 435 410 carmine
462 379 497 409 et
521 375 608 410 infra
633 375 692 416 IV,
721 378 756 409 5.
783 379 820 408 ut
845 385 947 419 supra
974 376 998 417 Ι,
1025 380 1058 419 7,
1083 376 1139 409 fin.
1165 392 1211 399 —-
1246 373 1313 407 vir
1346 383 1430 406 mu-

82 442 270 485 lierque.
327 442 492 475 Familiae
527 442 641 485 plures
677 441 807 474 amicae
845 445 1007 474 venerant
1041 441 1084 475 ad
1117 441 1182 474 hoc
1215 439 1349 473 festum.
1384 455 1428 462 -

80 508 122 541 V.
147 510 169 540 3
193 519 244 551 sq,
279 511 468 541 urantur
493 507 675 541 odores.
724 507 870 540 Praeter
895 510 990 547 tura,
1030 516 1118 550 quae
1143 505 1297 548 legitima
1320 504 1353 537 in
1379 501 1430 536 his

79 573 204 614 sacrm,
229 573 383 607 solebant
413 573 472 607 illo
498 577 676 618 tempore,
703 572 751 605 ait
773 571 959 613 Hermus,
985 572 1087 604 etiam
1112 571 1198 604 aliae
1223 579 1277 603 res
1303 568 1429 602 odorae

77 640 110 673 in
136 651 195 673 ara
220 639 368 681 adoleri,
397 644 435 674 ut
459 640 551 674 croci
576 641 640 674 flos
665 649 695 672 v.
721 643 753 672 e.
780 638 887 673 Ovtn.
909 638 1003 672 Fast.
1024 637 1053 681 1,
1076 641 1154 680 76„
1182 638 1428 671 cinnamomum

78 710 112 738 et
140 707 252 747 casia,
277 716 363 748 quae
389 705 453 739 diis
478 715 546 750 per
564 704 715 747 singulas
739 703 844 737 micas
869 701 1011 745 dantur,
1043 706 1082 736 ut
1109 702 1191 736 dicit
1218 702 1324 736 an.
1349 699 1430 742 ΧΗ,

77 774 134 813 18,
159 773 238 814 41.,
278 782 380 817 porro
415 771 510 805 nardi
540 771 622 805 folia
656 775 691 804 et
725 770 862 816 spicae,
900 770 978 803 alia·
1038 769 1133 803 Adde
1168 769 1352 804 Vunrmnr.
1382 785 1424 791 —-

77 839 189 872 Quos
214 838 358 871 mittit
385 837 536 871 Arabs.
585 835 690 869 Mitti
715 835 874 869 dicuntur
899 845 1030 868 merces
1055 835 1255 879 peregrinae
1279 838 1317 867 ut
1341 843 1425 867 con-

74 907 164 946 stat,
200 904 243 937 cf.
269 904 440 937 HEYNms
465 903 508 936 ad
532 902 595 946 111,
620 905 654 944 2,
679 905 738 935 23.
765 905 799 935 et
824 901 1025 935 BummN.
1050 900 1092 933 ad
1119 900 1218 934 Ovid.
1246 901 1317 934 Art.
1349 900 1424 933 Am.

72 967 136 1011 111,
161 971 242 1003 213.
268 987 316 994 —-
352 979 372 1003 e
402 972 529 1002 terra
566 967 733 1010 divite,
771 968 911 1014 copiosa
947 971 983 1000 et
1007 966 1112 1001 feraci
1139 976 1251 1000 rerum
1277 966 1422 1010 optima-

72 1046 160 1069 rum.
179 1054 224 1060 —-
258 1039 404 1077 tener,
431 1033 464 1069 h.
489 1045 521 1070 e.
547 1035 681 1077 mollis,
708 1039 745 1068 ut
770 1035 873 1077 vulgo
899 1033 1040 1067 audiunt
1066 1032 1218 1075 Arabes,
1244 1032 1286 1065 cf.
1316 1032 1421 1066 Vme.

73 1102 204 1143 Georg.
229 1101 257 1143 Ι,
281 1104 338 1134 57.
377 1101 540 1134 Caurum.
569 1100 632 1142 XI,
657 1103 691 1134 5.
726 1100 866 1135 Mamm.
893 1099 955 1142 IV,
988 1102 1072 1134 652.
1104 1100 1258 1143 aliosque
1283 1099 1376 1132 locos
1402 1109 1421 1132 u

72 1166 335 1200 Bnoucmwsm
371 1168 503 1201 allatos.
564 1166 686 1210 Neque
720 1178 801 1201 vero
841 1169 988 1201 otiosum
1025 1172 1077 1201 est
1115 1166 1311 1212 epitheton,
1361 1165 1422 1199 sed

73 1244 149 1267 cum
175 1233 363 1277 pretiosos,
401 1232 544 1266 eximios
577 1233 700 1266 odores
733 1233 926 1275 significare
951 1233 1053 1274 velit,
1094 1244 1136 1266 ex
1168 1232 1292 1266 Arabia
1318 1231 1421 1265 divite

73 1297 236 1331 advectos
268 1297 369 1338 dicit,
404 1296 462 1329 ubi
494 1297 614 1329 molles
651 1295 802 1330 homines
839 1296 991 1331 bonitate
1024 1299 1110 1339 soii,
1144 1298 1419 1331 suavissimorum

72 1363 216 1397 odorum
241 1362 450 1394 feracissimi.
467 1377 515 1387 —
542 1361 582 1394 V.
609 1363 630 1394 5
650 1371 724 1403 sqq.
761 1361 864 1404 lpse
890 1372 991 1394 suos
1017 1362 1140 1396 adsit
1166 1362 1337 1395 Genius
1355 1366 1418 1395 etc.

67 1429 181 1473 Supra
215 1428 452 1462 adventantem
480 1427 580 1461 deum
606 1428 824 1472 praesagiens
850 1427 1004 1463 dixerat:
1046 1427 1160 1470 venit,
1198 1427 1310 1461 veniet
1340 1428 1417 1459 Na-

67 1493 179 1533 talis-,-
215 1505 304 1528 nunc
337 1495 463 1539 paratis
497 1494 595 1529 donis
629 1494 814 1541 praeclaris
848 1505 991 1541 precans
1023 1499 1062 1528 ut
1094 1499 1204 1528 ratum
1239 1495 1299 1527 fiat
1327 1494 1419 1537 quod

66 1561 342 1605 praesagiverat,
378 1561 512 1605 pergit:
548 1558 800 1606 ipsef'agedixm
835 1559 934 1594 adsit.
995 1561 1112 1596 Quare
1147 1561 1240 1593 nulla
1277 1558 1330 1593 llic
1364 1565 1418 1592 est

66 1628 303 1671 repugnantia·
371 1626 451 1660 Non
487 1626 653 1659 assentior
689 1636 771 1658 vero
809 1626 1131 1667 WUNDERmcfllo,
1174 1626 1231 1668 qui
1270 1627 1320 1658 sic
1354 1636 1414 1658 ex-

64 1694 191 1738 piicat:
240 1694 349 1726 Poeta
386 1696 565 1736 postquam
599 1691 654 1724 dei
691 1691 873 1724 adventum
906 1701 1010 1735 supra
1047 1691 1320 1735 praesagiverat,
1360 1690 1415 1723 hie

65 1762 163 1804 optat
193 1763 231 1792 ut
262 1760 307 1792 sit
340 1763 491 1793 ornatus.
540 1757 618 1791 Hoc
647 1759 735 1791 enim
769 1759 801 1791 in
835 1758 1054 1801 sequentibus
1090 1757 1225 1790 demum
1259 1757 1414 1799 additur;

66 1824 267 1858 hexameter
291 1822 370 1857 nihil
396 1823 438 1857 de
467 1827 589 1856 ornatu
614 1821 726 1857 habet.
774 1823 931 1867 Denique
957 1824 1138 1857 lectionem
1164 1824 1254 1868 quod
1280 1824 1412 1866 attinet,

65 1891 220 1925 codicum
245 1891 430 1924 auctoritas
457 1889 587 1922 Genius
613 1889 710 1923 adsit
742 1890 903 1934 praebet,
937 1890 1029 1934 quod
1055 1890 1269 1924 Huscnxms
1295 1901 1413 1924 exem-

64 1958 128 2001 plis
163 1956 327 1990 defendit.
374 1955 463 1990 Vide
500 1956 646 1989 maxime
681 1956 910 1989 ScuNssmssR.
946 1957 1099 1990 Gramm.
1128 1956 1205 1990 Lat,
1243 1955 1411 1996 T01n.11‚

62 2037 96 2069 p.
124 2027 193 2058 745
218 2035 292 2067 sqq.
324 2023 495 2056 laudatum
528 2023 594 2055 iam
629 2032 741 2066 supra.
798 2021 1026 2056 Nihilominus
1060 2023 1180 2057 mirum
1216 2022 1308 2066 quod
1343 2033 1410 2055 non

64 2090 218 2133 scripsit:
256 2088 350 2121 adsit
388 2088 538 2123 Genius,
575 2088 603 2120 si
636 2088 722 2120 ratio
755 2089 945 2122 sententiae
980 2093 1033 2122 est
1059 2093 1096 2122 ut
1120 2100 1222 2133 supra
1249 2090 1410 2132 explicui.

61 2157 121 2190 Sic
147 2157 236 2189 enim
261 2156 310 2189 vis
338 2156 449 2199 potior
474 2155 539 2188 erit
562 2156 596 2188 in
620 2155 752 2189 verbis:
785 2155 859 2199 ipse
884 2173 930 2183 -
956 2155 1063 2189 adsit.
1091 2174 1136 2180 -
1171 2156 1251 2188 Cui
1280 2155 1411 2188 deeo—

62 2226 161 2255 rent
187 2225 252 2256 etc.
301 2221 434 2254 Similia
467 2219 551 2254 haec
585 2225 618 2254 et
652 2222 829 2264 sequentia
863 2222 902 2255 iis
936 2226 1033 2264 sunt,
1068 2232 1156 2264 quae
1190 2232 1291 2265 supra
1320 2222 1346 2263 1,
1375 2225 1407 2264 7,

60 2289 118 2320 51.
145 2289 201 2319 52.
232 2286 398 2328 legimus,
426 2285 485 2319 sed
512 2290 623 2320 tamen
650 2297 715 2320 non
743 2287 842 2330 plane
869 2287 1007 2328 eadem,
1042 2287 1131 2330 quod
1159 2289 1260 2321 nolim
1291 2293 1324 2321 te
1354 2288 1408 2321 su-

60 2354 143 2396 giat.
192 2352 266 2385 Illic
291 2362 410 2384 sensus
446 2355 540 2384 erat:
583 2352 696 2384 venias
731 2352 860 2393 laetus,
899 2353 989 2385 laeto
1023 2358 1167 2395 ornatu,
1205 2352 1269 2386 hoc
1294 2357 1407 2386 autem

60 2418 156 2452 loco:
184 2420 296 2452 veniat
322 2418 451 2450 Genius
477 2417 564 2451 festo
591 2423 723 2460 ornatu,
749 2424 851 2462 atque
878 2418 941 2452 hnc
968 2424 1126 2452 revocata
1153 2418 1303 2463 epitheta
1328 2426 1406 2454 sunt

59 2488 162 2526 atque
187 2485 253 2517 alia
279 2485 410 2517 diversa
435 2484 468 2516 in
503 2482 552 2516 his
578 2484 671 2517 locis.
727 2485 838 2527 Igitur
866 2495 941 2517 cum
970 2495 1072 2529 supra
1098 2485 1242 2518 dixerit:
1283 2492 1318 2517 et
1345 2497 1405 2517 ca-

51 2548 130 2593 ]ite
157 2555 192 2581 et
219 2548 305 2582 collo
330 2549 449 2582 mollia
483 2555 580 2582 serta
612 2555 738 2595 gerat,
776 2560 865 2584 nunc
899 2551 1034 2584 maiuit:
1074 2551 1152 2584 Cui
1187 2551 1409 2586 decorent

58 2618 242 2648 sanctas
279 2615 428 2650 florea
463 2619 585 2649 serta
621 2626 791 2657 comam
829 2626 938 2661 neque
967 2617 1054 2652 enim
1081 2617 1197 2652 dubito
1222 2616 1273 2651 hic
1291 2618 1407 2663 storea
