1721 2953
232 105 311 140 '370
536 93 906 138 COMMENTAR.
938 96 992 135 m
1030 95 1257 136 'l'lBULLl

231 215 337 249 salino
366 212 548 252 tributum,
584 211 640 253 qui
677 211 839 255 recipitur
872 221 959 245 nunc
986 212 1075 246 inter
1101 210 1269 245 antistites
1295 211 1381 244 sacri
1411 215 1445 244 et
1471 210 1577 244 libro-

232 293 323 323 rum,
360 279 448 313 unde
482 278 614 311 Romae
649 277 718 311 fata
751 277 917 322 pendent,
955 283 1093 323 patente
1120 278 1319 322 ceteroquin
1350 278 1449 311 simul
1483 276 1576 310 aditu

232 350 308 381 hinc
341 346 383 380 ad
418 345 640 378 consulatum.
692 345 804 388 Atque
831 346 864 379 in
890 345 1083 379 exordio
1110 349 1252 379 vocatur
1278 345 1400 389 Apollo
1425 350 1462 376 ut
1490 343 1578 376 adsit

232 414 426 449 solennibus
461 413 548 455 diei,
587 411 870 455 quemadmodum
907 414 1011 456 vulgo
1048 414 1085 447 fit
1123 414 1154 447 in
1192 413 1305 455 festis,
1345 417 1380 446 et
1419 412 1577 446 admittat

234 479 456 513 Messalinum
489 477 532 511 ad
565 488 679 511 sacros
712 477 826 511 libros.
875 477 911 511 ln
944 478 1092 512 medio
1126 483 1240 512 autem
1273 479 1468 512 carmine
1500 479 1578 511 illu-

232 548 360 579 stratur
384 543 592 588 praestantia
617 543 704 576 sacri
731 544 936 587 Apollinaris
961 548 996 577 et
1022 543 1118 577 huius
1144 544 1323 578 sacerdotii
1348 546 1420 588 ipsa
1446 544 1579 586 magni-

230 613 295 646 fice
329 612 398 653 sic,
423 609 472 643 'ut
505 613 685 643 revocetur
718 609 874 642 faustitas
907 609 1000 642 urbis
1037 613 1072 642 et
1104 611 1286 653 praeterita
1319 614 1354 643 et
1387 610 1499 643 sutura
1535 608 1578 642 ad

233 680 400 724 Apollinis
433 678 593 712 favorem.
644 679 732 711 Sunt
757 678 864 721 igitur
889 678 976 712 duae
1003 682 1117 722 partes
1143 688 1265 712 rerum.
1314 678 1466 712 Primum
1491 678 1578 710 enim

232 747 370 781 oracula
401 746 540 788 antiqua
568 749 702 786 narrat,
741 745 864 788 quibus
890 746 1022 787 Sibylla
1055 745 1143 778 duce
1169 745 1326 788 Apolline
1351 744 1484 777 Romae
1509 742 1579 775 fata

234 819 268 848 et
302 812 568 855 magnitudinem
605 811 793 855 praedixit,
831 822 919 854 qnae
954 821 1032 855 pars
1066 814 1139 844 tota
1172 810 1310 854 politica
1337 813 1400 842 est.
1450 807 1580 841 Deinde

233 883 393 924 precatus
418 877 517 910 deum
543 881 581 910 ut
606 876 760 920 prodigia
785 881 977 910 ceterarum
1001 876 1209 918 Sibyllarum
1235 876 1268 908 in
1297 879 1470 921 posterum
1495 873 1581 907 abo-

233 948 294 980 lita
319 947 397 987 sint,
423 945 554 989 expetit
579 948 614 977 et
640 944 799 988 impetrat
824 944 939 977 futuro
961 954 1048 977 anno
1073 943 1184 977 fausta
1209 944 1333 984 omina,
1356 946 1395 975 ut
1418 942 1583 980 vidimus3

234 1022 345 1054 neque
369 1020 450 1043 vero
476 1009 597 1042 iterum
625 1010 762 1052 politica
786 1012 922 1051 tractat,
948 1009 1132 1052 ampliores
1149 1010 1233 1042 fines
1257 1008 1389 1052 imperii
1413 1012 1447 1041 et
1473 1008 1582 1040 victe<

234 1080 301 1112 rias
325 1087 431 1111 novas
456 1076 499 1109 de
523 1074 658 1109 Parthis
683 1079 717 1107 et
745 1074 938 1116 Germanis,
963 1075 1024 1108 sed
1051 1075 1144 1118 pacis
1170 1074 1259 1107 bona
1285 1077 1320 1107 et
1347 1073 1491 1106 rusticas
1517 1083 1581 1113 ree,

235 1150 437 1191 proventum
470 1153 670 1188 prosperum
702 1143 778 1175 anni
805 1146 839 1176 et
864 1142 950 1176 festa
977 1143 1128 1186 agrestia
1152 1143 1185 1176 in
1212 1141 1335 1175 herbis.
1384 1141 1473 1175 Nam
1499 1139 1582 1174 haec

234 1213 267 1245 ei
302 1211 459 1245 videntur
496 1208 720 1254 pulcherrima
755 1208 990 1252 prosperitatis
1031 1213 1066 1241 et
1107 1208 1279 1242 felicitatis
1316 1208 1471 1252 publicae
1507 1218 1583 1240 mo-

235 1283 370 1320 menta,
407 1278 530 1321 quibus
557 1276 788 1309 describendis
814 1277 994 1320 plurimum
1027 1276 1228 1309 delectatur.
1279 1276 1435 1308 Pertinet
1460 1273 1582 1306 eodem

235 1346 268 1377 in
303 1343 412 1387 prima
447 1345 543 1385 parte
577 1340 746 1382 digressio
781 1341 823 1373 de
859 1342 972 1383 prisco
1009 1339 1123 1373 habitu
1159 1342 1329 1381 locorum,
1366 1340 1423 1372 ubi
1449 1339 1583 1371 condita

236 1411 369 1449 Roma3
394 1416 595 1451 quamquam
622 1407 709 1438 enim
736 1406 991 1449 comparatione
1024 1406 1113 1438 illius
1139 1405 1300 1448 temporis
1326 1404 1426 1437 etiam
1452 1403 1584 1445 magni-

237 1476 320 1509 tudo
360 1479 395 1508 et
430 1474 680 1516 magnificentia
718 1472 810 1505 urbis
850 1473 1057 1514 illustratur,
1102 1478 1215 1506 tamen
1254 1471 1317 1505 hac
1358 1471 1438 1505 data
1480 1480 1585 1514 opera

238 1545 384 1574 tractata
419 1539 565 1581 imagine
602 1538 692 1570 vitae
726 1538 924 1581 pastoritiae
959 1538 1034 1580 quis
1070 1548 1138 1570 non
1173 1538 1266 1571 videt
1300 1537 1452 1581 praeludi
1485 1537 1584 1570 simul

237 1608 388 1640 suaviter
424 1605 593 1639 secundae
629 1605 744 1648 parti?
802 1604 970 1638 Nimirum
1005 1604 1213 1637 admirabilis
1248 1603 1446 1646 magnitudo
1481 1603 1586 1644 urbis,

239 1672 300 1705 sed
332 1681 453 1704 suaves
487 1670 589 1702 etiam
626 1679 739 1702 mores
772 1670 979 1712 agrestium,
1016 1681 1057 1703 ac
1091 1669 1170 1703 dum
1206 1680 1329 1712 magna
1361 1669 1431 1702 fata
1456 1669 1587 1712 imperii

240 1738 375 1778 laudat,
411 1735 527 1769 laudat
557 1745 623 1767 non
659 1735 768 1767 minus
794 1736 941 1768 rusticae
969 1736 1058 1768 vitae
1082 1735 1330 1777 iucunditates,
1364 1735 1586 1778 quemadmo-

240 1803 320 1836 dum
346 1802 436 1835 omni
461 1805 615 1844 tempore
640 1800 805 1833 Romanis
831 1804 1012 1843 utrumque
1038 1811 1153 1834 carum
1179 1801 1252 1834 fuit.
1311 1802 1371 1835 Sic
1403 1805 1478 1834 orta
1510 1801 1587 1844 pul-

240 1868 320 1902 chra
345 1867 537 1902 coniunctio
562 1869 614 1898 est
640 1866 853 1908 politicarum
890 1870 923 1898 et
956 1867 1120 1900 ruralium
1156 1877 1291 1908 rerum,
1327 1877 1394 1909 qua
1419 1865 1482 1900 lioc
1509 1876 1587 1899 car-

240 1947 317 1970 men
342 1934 582 1977 conspicuum,
622 1942 662 1964 ac
697 1936 826 1964 tantum
853 1931 949 1965 abest
983 1936 1020 1965 ut
1047 1932 1109 1966 liae
1134 1943 1188 1965 res
1212 1933 1277 1965 sibi
1302 1936 1512 1976 repugnent,
1553 1936 1589 1964 ut

241 2004 333 2037 nulla
366 2002 502 2035 suavior
538 1999 678 2042 reperiri
715 1999 821 2042 possit
859 2000 1091 2043 oppositarum
1126 2011 1238 2033 rerum
1273 1999 1458 2033 harmonia.
1515 1999 1586 2033 Sed

241 2070 324 2102 illud
357 2073 468 2101 tamen
502 2076 664 2109 quaeras,
701 2066 727 2098 si
763 2077 895 2099 sacrum
934 2078 1095 2110 praesens
1129 2067 1235 2100 solius
1266 2065 1526 2099 introductionis
1552 2070 1586 2098 et

242 2132 511 2176 inaugurationis
550 2142 649 2181 causa
687 2132 874 2164 institutum
919 2131 1001 2173 suit,
1042 2132 1215 2175 quomodo
1253 2130 1587 2175 publica'saustitas

243 2200 322 2232 anni
347 2209 389 2232 ex
416 2197 466 2230 liis
492 2196 650 2239 auspiciis
677 2196 762 2229 bene
788 2197 918 2230 dicatur
945 2198 1104 2241 pendere.
1155 2197 1337 2231 Enimvero
1358 2197 1499 2231 XV.viri
1521 2207 1586 2229 uon

243 2266 352 2299 solum
385 2268 462 2297 ante
496 2262 722 2305 inspiciendos
756 2261 859 2294 libros
885 2272 981 2295 sacra
1007 2262 1196 2304 faciebant,
1234 2267 1270 2295 ut
1303 2272 1364 2306 par
1397 2265 1489 2302 erat,
1526 2259 1587 2293 sed

244 2341 321 2364 cum
346 2330 481 2363 omnino
507 2329 710 2372 Apollinaris
734 2329 821 2361 sacri
854 2330 1021 2362 antistites
1055 2333 1189 2371 essent,
1226 2328 1314 2362 haud
1348 2328 1449 2361 dubie
1485 2327 1585 2359 etiam

244 2398 343 2431 statis
367 2396 567 2439 quibusdam
596 2396 714 2428 diebus
738 2406 866 2430 annuas
895 2397 1127 2430 solemnitates
1151 2396 1396 2437 Sibyllinorum
1428 2391 1588 2424 oraculo-

244 2473 319 2496 rum
360 2472 491 2495 summo
529 2462 658 2493 auctori
698 2461 762 2494 deo
802 2462 974 2495 curabant.
1047 2459 1340 2497 Quemadmodum
1377 2468 1458 2490 vero
1498 2457 1588 2501 apud

247 2529 402 2561 Graecos
428 2527 537 2560 vernis
571 2526 742 2559 mensibus
774 2537 897 2570 magna
931 2528 1017 2561 festa
1051 2527 1216 2571 Apollinis
1249 2528 1364 2565 erant,
1402 2524 1451 2557 sic
1485 2525 1588 2557 etiam

248 2593 380 2626 Romae
414 2591 576 2625 credibile
612 2597 663 2625 cst
698 2593 850 2626 solemne
883 2602 1015 2626 sacrum
1049 2602 1127 2626 vere
1154 2590 1301 2625 habitum
1327 2594 1416 2623 stato
1443 2589 1586 2632 quodam
