1721 2953
0 1439 2 1453 l

515 173 659 215 LlssR.
689 173 762 212 IV.
822 175 991 215 (lARM.
1022 177 1053 215 l,
1368 179 1446 217 421

101 290 160 330 24,
179 290 212 321 2.
239 292 378 322 notante
404 289 505 324 etiam
530 290 684 324 Bscnto.
712 307 756 314 —
782 290 985 335 Valgius.
1027 292 1078 325 De
1103 289 1143 325 C.
1171 291 1314 326 Vnam
1341 291 1447 327 Rxmo

101 364 210 397 nuper
233 359 392 388 accurate
419 356 490 397 egit
515 356 565 388 vir
590 355 803 389 doctissimus
829 355 1077 389 Wnrcnnn'rus
1111 356 1144 390 in
1169 356 1307 390 Poetar.
1336 358 1446 391 Latin.

102 419 171 452 Vit.
204 424 239 452 et
272 420 384 453 Carm.
420 421 559 463 Reliqq.
594 432 627 464 p.
658 422 727 452 203
754 430 829 461 sqq.
888 421 1031 454 Florens
1067 421 1223 464 Augusto
1257 422 1445 465 imperante

102 482 155 516 liic
188 485 239 517 vir
270 486 402 518 vinctae
438 490 473 518 et
505 486 638 518 solutae
664 484 827 517 orationis
853 486 1015 528 operibus
1040 486 1163 519 samam
1190 487 1336 529 aliquam
1362 497 1445 520 con-

100 553 237 582 secutus
265 554 327 583 est.
385 552 498 593 Atque
523 550 686 593 imprimis
712 549 848 592 quidem
875 549 1044 584 rhetorica
1069 555 1103 585 et
1127 554 1347 594 grammatica
1372 556 1446 585 stu-

100 612 155 645 dia
183 615 362 657 tractavit,
398 620 433 648 et
458 616 592 659 scripsit
620 615 721 648 etiam
755 624 841 657 opus
875 613 917 647 de
951 626 1013 648 usu
1047 616 1223 651 herbarum
1257 618 1300 651 ad
1325 619 1446 660 Augu-

99 683 209 721 stum,
243 681 334 723 quod
366 685 478 715 tamen
513 686 622 715 morte
659 691 842 726 oppressus
876 692 941 714 non
977 683 1131 716 absolvit.
1183 684 1269 716 Cum
1296 683 1444 725 eleganti

100 745 237 787 ingenio
266 751 367 789 esset,
393 748 536 781 tentavit
561 748 664 780 etiam
687 748 819 791 poesin,
844 747 905 780 sed
930 752 1065 791 praeter
1088 749 1216 790 elegias
1243 747 1323 781 nihil
1348 748 1444 781 vide-

99 813 155 842 tur
172 810 329 853 edidisse,
356 815 391 845 et
407 812 436 845 si
457 822 557 854 quam
578 812 712 845 laudem
734 811 784 845 his
803 812 1007 846 carminibus
1031 813 1094 846 sibi
1123 817 1314 857 pepererat,
1340 813 1442 846 etiam

97 874 181 909 llaec
215 877 359 910 aliorum
390 879 591 921 scriptorum
627 877 717 910 laudi
752 879 875 919 cessit,
914 888 1058 921 quorum
1093 889 1200 921 paene
1234 878 1443 921 frequentior

97 945 147 972 est
172 940 261 983 apud
286 942 471 985 scriptores
496 946 630 976 veteres
666 946 701 975 et
734 944 974 985 grammaticos
1007 945 1143 977 mentio.
1193 944 1326 987 Nempe
1350 944 1442 976 nullo

94 1014 239 1047 poeseos
265 1010 391 1048 genere
416 1007 620 1040 luculentius
647 1008 809 1041 excelluit
845 1008 934 1041 inter
959 1010 1137 1051 aequales,
1176 1014 1210 1042 et
1235 1009 1338 1042 fuisse
1364 1019 1441 1042 eum

95 1069 262 1111 insignem
302 1072 437 1115 epicum
474 1077 612 1116 poetam
655 1082 820 1114 nusquam
857 1083 939 1106 sane
979 1074 1106 1116 legitur
1147 1074 1210 1108 nisi
1249 1072 1313 1107 boc
1353 1075 1442 1106 loco.

96 1135 224 1168 Censet
249 1136 353 1179 igitur
374 1138 625 1172 Wsslcnnn'rus
652 1140 753 1172 etiam
779 1138 856 1172 huic
882 1140 1077 1174 testimonio
1103 1140 1183 1174 nihil
1208 1139 1442 1180 tribuendum

94 1205 223 1234 temere
267 1206 302 1235 et
343 1203 527 1236 inscienter
559 1203 686 1236 factum
725 1205 884 1247 Valgium
923 1206 1101 1249 egregium
1136 1206 1266 1249 epicum
1302 1208 1439 1247 poetam

93 1267 136 1299 ab
162 1268 237 1310 ipso
263 1267 362 1301 huius
397 1270 555 1303 carminis
589 1274 749 1312 auctore,
787 1272 845 1314 qui
878 1272 981 1305 sciret
1015 1283 1092 1306 enm
1119 1274 1288 1306 Messalae
1313 1276 1346 1304 et
1377 1271 1439 1303 Ti-

93 1336 185 1368 bullo
219 1338 396 1379 aequalem
430 1348 567 1381 operam
593 1338 729 1371 dedisse
762 1339 915 1372 versibus
944 1340 1142 1373 scribendis.
1193 1339 1295 1375 Quod
1326 1343 1438 1372 tamen

91 1412 158 1443 ego
193 1403 242 1434 sic
274 1412 341 1435 non
376 1403 497 1436 dicam.
557 1404 636 1437 Non
670 1405 879 1438 nominasset
913 1410 1016 1448 poeta
1054 1406 1234 1446 Valgium,
1269 1405 1331 1437 nisi
1369 1404 1439 1437 veri

91 1466 170 1509 quid
196 1466 353 1500 subesset
385 1468 446 1500 rei.
498 1467 643 1511 Nempe,
669 1473 705 1501 ut
730 1470 906 1513 suspicor,
940 1470 1171 1502 meditabatur
1196 1469 1339 1511 Valgius
1364 1473 1436 1501 tum

89 1533 222 1576 epicum
248 1545 391 1578 poema,
415 1539 450 1569 et
474 1537 658 1579 scripserat
683 1537 748 1570 iam
776 1537 975 1580 particulam
1003 1538 1232 1581 praeclaram,
1259 1548 1359 1580 quam
1386 1538 1438 1570 vi-

90 1598 187 1632 derat
212 1599 364 1633 Messala
389 1605 494 1643 atque
520 1602 622 1633 etiam
644 1599 702 1633 'bic
728 1606 828 1643 poeta
855 1603 979 1644 aliique
1010 1603 1182 1643 nonnulli,
1220 1602 1303 1644 sed,
1337 1602 1438 1644 igno-

88 1667 160 1697 tum
187 1675 254 1706 quo
279 1676 382 1706 casu,
412 1675 477 1698 non
504 1666 696 1699 absolutum
722 1671 775 1700 est
799 1678 885 1711 opus
910 1678 973 1700 nec
999 1668 1125 1710 prodiit
1151 1668 1306 1711 publice3
1346 1667 1437 1700 unde

89 1728 132 1761 de
158 1729 255 1772 epica
280 1730 377 1773 poesi
403 1730 515 1772 Valgii
541 1730 621 1764 nibil
647 1735 825 1774 praeterea
850 1731 1022 1765 traditum.
1048 1751 1094 1757 --
1129 1733 1317 1776 propior
1351 1742 1435 1765 non

87 1795 208 1828 alter
233 1795 438 1829 Homero.
491 1797 568 1830 Non
592 1798 690 1830 nimis
716 1799 870 1840 urgenda
896 1799 987 1831 talia.
1023 1799 1211 1831 Pnopnn'r.
1235 1799 1261 1839 l,
1284 1803 1317 1840 7,
1342 1799 1433 1831 init.:

86 1862 183 1893 Dum
208 1860 274 1893 tibi
300 1861 469 1894 Cadmeae
495 1862 685 1899 (licuntur,
712 1864 867 1899 Pontice,
897 1862 1033 1895 Thebae
1061 1882 1105 1887 —-
1125 1864 1267 1908 Atque,
1293 1863 1346 1894 ita
1369 1862 1435 1895 sim

78 1927 188 1973 felix,
209 1928 324 1972 primo
349 1929 528 1962 contendis
555 1931 719 1965 Homero.
745 1948 792 1954 -
818 1931 858 1963 V.
885 1933 947 1962 181
977 1941 1025 1972 sq.
1060 1930 1305 1972 Languida.
1356 1930 1433 1963 Non

86 1996 173 2029 bene
195 1996 318 2029 omissa
344 1996 510 2039 particula
535 1996 609 2032 At,
637 2002 754 2029 tamen
780 1995 842 2029 hic.
893 1998 1022 2029 Sensus
1047 2001 1178 2029 autem:
1216 1998 1430 2038 Quamquam

85 2062 227 2096 adversa
253 2062 385 2096 fortuna
411 2066 508 2104 utor,
547 2073 633 2106 quae
667 2074 733 2096 non
759 2063 849 2096 favet
876 2063 1017 2106 poeticis
1043 2063 1182 2104 studiis,
1222 2074 1286 2096 nou
1316 2068 1428 2096 tamen

86 2127 211 2159 otiatur
245 2127 410 2160 industria
444 2138 519 2160 mea
553 2137 616 2160 nec
652 2128 762 2171 patiar
794 2138 848 2160 me
882 2127 1028 2161 abstrahi
1065 2139 1084 2161 a
1119 2129 1275 2162 laudibus
1301 2130 1367 2161 tuis
1392 2133 1430 2162 ut

86 2196 208 2235 potero
242 2193 415 2226 canendis.
441 2212 488 2218 —
526 2194 656 2227 labor
689 2198 726 2227 ut
762 2190 860 2230 πίνος
896 2193 939 2227 de
973 2195 1085 2228 studio
1124 2196 1270 2238 poetico.
1297 2213 1341 2219 —
1385 2198 1430 2226 ut

82 2268 174 2291 mos
210 2262 278 2291 est
310 2259 396 2292 illi.
445 2260 597 2293 Fortuna
623 2265 660 2294 ut
691 2262 778 2294 solet
805 2271 929 2294 vexare
964 2259 1136 2303 homines,
1172 2263 1221 2295 sic
1247 2262 1348 2294 etiam
1375 2271 1428 2293 me

84 2327 186 2356 vexat
210 2324 353 2358 inimica.
412 2326 471 2359 Sic
496 2328 666 2370 explicata
691 2328 796 2361 verba
819 2338 888 2361 non
912 2327 1011 2361 video
1037 2329 1117 2371 quid
1143 2328 1341 2362 offensionis
1368 2326 1427 2360 lia-

81 2388 196 2422 beant.
247 2390 339 2423 Male
368 2390 530 2424 BAcnms
560 2392 732 2426 distinxit:
768 2398 809 2425 ut
835 2405 905 2426 mos
931 2399 1005 2430 est,
1030 2394 1174 2436 iungens
1200 2392 1254 2424 illi
1280 2392 1426 2434 (labori)

82 2455 243 2491 adversa,
270 2456 360 2499 quod
388 2457 485 2490 valde
512 2458 672 2491 ieiunum.
693 2476 736 2482 —
763 2458 955 2500 fatiget,
981 2462 1092 2499 vexet,
1119 2459 1229 2492 Vme.
1256 2459 1340 2492 Aen.
1366 2458 1425 2498 vl,

80 2523 171 2554 533:
210 2533 256 2553 αη
293 2534 384 2567 quae
417 2529 451 2555 te
478 2524 637 2568 fortuna
667 2523 845 2570 fatigat?
869 2543 914 2548 --
954 2525 996 2558 V.
1023 2528 1089 2558 183
1115 2536 1190 2567 sqq.
1239 2525 1324 2558 Cum
1350 2534 1426 2556 ann.

78 2587 160 2619 713.
198 2591 275 2629 post
307 2590 472 2631 proelium
511 2589 727 2634 Philippense
761 2592 968 2625 Octavianus
1002 2596 1037 2626 et
1073 2592 1239 2625 Antonius
1273 2591 1425 2634 legiones

81 2662 159 2686 suas
193 2654 419 2697 assignatione
454 2658 547 2701 larga
573 2669 732 2701 agrorum
762 2664 1075 2701 remunerarentur,
1115 2659 1217 2693 etiam
1244 2657 1297 2693 hic
1323 2663 1422 2703 pocta
