1721 2953
269 145 321 180 60
576 138 945 182 COMMENTAR.
974 137 1034 180 IN
1064 136 1291 179 TIBULLI

609 313 1250 362 ELEG1A111.

740 565 799 607 ΙΝ
802 563 1143 609 TRODUGTIO.

266 696 382 756 Post
417 730 566 766 pugnam
597 720 770 756 Actiacam
801 724 984 756 auctumno
1018 729 1096 754 ann.
1121 720 1201 753 723.
1237 717 1360 752 factam
1384 716 1535 751 Messala
1565 715 1608 749 ab

265 788 422 830 Augusto
455 787 619 822 adversus
651 787 840 831 Aquitanos
872 784 1076 821 rebellantes
1110 796 1174 831 pro
1206 786 1345 820 consule
1377 784 1500 818 missus
1533 786 1612 817 erat

266 862 395 896 eosque
427 852 680 895 debellaverat,
718 853 762 888 cf.
796 854 950 889 Amin.
983 852 1027 887 de
1059 853 1138 887 bell.
1174 852 1262 886 civil.
1295 852 1356 893 lv,
1380 853 1439 885 38.
1480 850 1609 884 Tibull.

267 919 357 962 eleg.
377 917 457 954 VII.
504 918 710 953 Intersuerat
735 918 785 953 his
809 919 912 953 rebus
935 920 1040 954 etiam
1060 919 1228 962 Tibullus,
1252 919 1309 962 qui
1333 922 1412 952 ante
1437 917 1611 952 Actiacam

266 993 416 1028 pugnam
437 984 649 1018 valedixerat
670 984 823 1026 militiae,
848 994 925 1018 cum
948 984 1047 1019 civile
1064 984 1147 1018 illud
1171 984 1298 1018 bellum
1321 987 1426 1026 esset,
1451 983 1484 1016 in
1503 982 1613 1025 Aqui-

265 1051 390 1085 taniam
413 1061 497 1085 vero
521 1051 618 1095 sequi
642 1054 823 1096 patronum
847 1061 1007 1085 recusare
1033 1051 1198 1085 noluerat.
1259 1051 1408 1084 Peracto
1433 1048 1497 1083 hoc
1522 1049 1613 1082 bello

267 1115 419 1150 Messala
443 1115 486 1150 ad
511 1116 688 1150 Orientem
711 1116 982 1160 componendum
1008 1120 1169 1150 evocatus
1194 1116 1356 1149 continuo
1389 1126 1410 1149 e
1435 1115 1549 1148 Gallia
1578 1114 1611 1148 in

265 1181 382 1216 Asiam
406 1182 634 1226 proficiscitur
657 1193 721 1217 nec
753 1183 899 1217 Romam
926 1183 1028 1217 rediit
1060 1183 1124 1217 nisi
1156 1192 1232 1216 ann.
1257 1184 1362 1224 727„
1394 1182 1453 1215 ubi
1489 1182 1609 1215 trium-

264 1244 368 1290 phum
393 1248 477 1291 egit.
526 1248 684 1282 Tibullus
708 1251 821 1282 autem
846 1248 1071 1282 comitabatur
1096 1258 1173 1282 eum
1198 1248 1299 1281 etiam
1324 1247 1356 1280 in
1387 1246 1452 1281 hoc
1478 1247 1612 1289 itinere,

271 1316 363 1346 terra
386 1313 560 1357 marique,
585 1318 623 1347 ut
650 1314 718 1355 ait,
744 1324 775 1347 v.
802 1317 881 1356 56.‚
905 1324 1051 1357 sequens
1078 1317 1278 1358 patronum,
1303 1312 1364 1346 sed
1393 1323 1472 1346 mox
1497 1312 1615 1345 morbo

269 1383 444 1413 contracto
476 1379 613 1422 cogitur
648 1389 824 1412 remanere
856 1379 890 1411 in
916 1379 1068 1421 Corcyra
1097 1379 1298 1412 abeuntibus
1324 1378 1458 1411 ceteris.
1511 1376 1612 1412 Quod

267 1444 395 1478 sactum
419 1455 496 1478 ann.
517 1447 598 1479 724.
623 1449 806 1479 auctumno
832 1450 867 1479 et
885 1450 963 1490 post
987 1450 1166 1488 aestatem,
1191 1449 1228 1478 ut
1254 1444 1341 1478 bene
1366 1444 1497 1486 colligit
1519 1444 1612 1477 Vos-

265 1521 341 1544 51th
368 1521 388 1545 e
413 1522 501 1545 νει-5.
526 1514 607 1554 85.,
637 1511 696 1544 ubi
730 1511 888 1544 lucernae
920 1512 1135 1555 vespertinae
1172 1510 1298 1543 mentio
1333 1509 1508 1542 breviores
1541 1508 1614 1541 dies

265 1575 402 1610 indicat.
451 1577 564 1619 Atque
589 1576 654 1610 hoc
678 1580 834 1620 tempore
859 1576 970 1619 elegia
995 1577 1171 1622 proposita
1196 1577 1334 1620 scripta,
1356 1586 1444 1618 quae
1468 1586 1487 1609 e
1512 1585 1613 1619 prae-

265 1642 483 1676 stantissimis
507 1642 647 1675 Tibulli.
696 1641 883 1676 Videamus
910 1642 1203 1685 compositionem.
1252 1643 1392 1675 Summa
1427 1640 1510 1675 haec
1541 1646 1612 1674 est:

265 1708 378 1742 Poeta
413 1714 558 1742 mortem
593 1708 657 1741 sibi
694 1708 821 1742 instare
855 1708 998 1742 credens
1030 1709 1063 1742 in
1102 1708 1283 1752 peregrina
1315 1712 1406 1741 terra
1440 1709 1559 1752 procul
1594 1718 1613 1741 a

267 1773 529 1815 consanguineis
554 1779 589 1806 et
613 1784 633 1806 a
658 1773 757 1807 Delia
781 1773 974 1815 carissima,
1012 1773 1105 1807 luctu
1139 1774 1270 1816 ingenti
1297 1774 1480 1818 corripitur
1504 1778 1538 1807 et
1564 1774 1613 1807 la—

269 1839 468 1872 mentabiles
500 1840 657 1883 querelas
690 1838 821 1880 fundit,
858 1839 962 1881 erigit
995 1843 1108 1872 tamen
1144 1838 1267 1873 deinde
1292 1840 1440 1872 animum
1466 1843 1500 1872 et
1533 1839 1614 1872 dum

268 1904 464 1937 consolatur
489 1904 662 1947 dolorem,
698 1909 873 1948 postremo
899 1915 976 1938 eum
1001 1905 1212 1939 obliviscitur
1236 1906 1306 1948 sic,
1342 1910 1381 1939 ut
1404 1907 1516 1939 exitus
1542 1907 1613 1939 lae-

268 1971 417 2004 tissimus
445 1971 500 2005 sit.
548 1970 727 2004 Enarrabo
762 1982 852 2006 nunc
885 1973 1028 2015 singula.
1078 1973 1192 2016 Atque
1217 1973 1450 2006 exordium
1475 1972 1612 2015 quidem

271 2037 508 2080 proficiscens,
542 2041 580 2070 ut
605 2038 677 2070 fieri
702 2037 810 2078 solet,
843 2048 863 2070 a
889 2037 1162 2081 praesentissimo
1189 2048 1312 2080 sensu,
1355 2038 1463 2081 ipsum
1488 2041 1613 2071 statum

268 2100 512 2146 deplorabilem
547 2107 670 2148 poetae
703 2104 856 2137 tristibus
890 2105 1002 2137 verbis
1035 2104 1186 2140 exhibet.
1250 2107 1339 2138 Tam
1363 2105 1516 2138 succedit
1540 2115 1614 2138 am-

268 2168 357 2212 plior
381 2180 491 2203 rerum
517 2170 638 2212 orbis‚·
662 2172 820 2214 querela,
858 2175 895 2204 ut
920 2172 977 2213 fit,
1012 2171 1055 2205 ad
1090 2183 1210 2205 causas
1244 2177 1279 2206 et
1313 2172 1425 2205 sontes
1457 2172 1613 2206 miseriae

269 2236 454 2278 redeunte3
486 2237 520 2271 in
546 2247 613 2280 quo
639 2236 749 2270 vivida
775 2236 939 2279 cogitatio
966 2241 1088 2281 poetae
1113 2238 1225 2271 omnia
1250 2239 1379 2280 tangit,
1405 2248 1491 2280 quae
1517 2236 1612 2269 liuius

269 2301 335 2334 loci
362 2311 436 2335 esse
461 2302 672 2344 videbantur,
698 2300 837 2346 pulchre
862 2302 1085 2346 progrediens
1110 2314 1129 2336 a
1155 2304 1368 2347 propioribus
1394 2308 1429 2337 et
1453 2303 1614 2347 speciali-

275 2367 339 2401 bus
375 2368 417 2401 ad
454 2369 637 2402 remotiora
672 2373 706 2402 et
730 2370 943 2411 generaliora
968 2380 1030 2414 per
1053 2370 1300 2412 gradationem.
1349 2369 1499 2402 Primum
1526 2369 1613 2402 enim

270 2446 306 2467 se
330 2439 478 2477 accusat,
503 2435 595 2477 quod
620 2435 739 2469 Deliae
765 2437 875 2470 timori
897 2446 1047 2479 suaeque
1071 2436 1177 2480 ipsius
1200 2440 1278 2469 ante
1303 2436 1486 2469 discessum
1512 2445 1612 2479 prae-

271 2502 418 2535 sensioni
444 2512 508 2535 non
535 2502 717 2535 obsecutus
744 2507 872 2536 temere
897 2503 1019 2536 abierit
1037 2503 1141 2536 invito
1163 2505 1298 2543 Amore,
1323 2513 1399 2535 cnm
1426 2502 1455 2534 vi
1483 2503 1611 2536 descri-

274 2569 356 2602 bens
383 2569 515 2612 puellae
552 2580 666 2603 curam
699 2581 845 2613 suasque
877 2571 1128 2612 ςιιιιεῐειῐίοιιεε,
1162 2571 1256 2603 cuius
1293 2570 1491 2604 temeritatis
1525 2581 1611 2603 nunc

272 2644 413 2678 poenam
439 2646 475 2669 se
505 2636 574 2680 pati
601 2636 769 2680 intelligit.
822 2638 967 2672 Accusat
994 2637 1113 2672 deinde
1140 2636 1267 2669 Isidem
1294 2637 1495 2678 salutarem,
1521 2636 1609 2680 qnod

1718 687 1721 707 i
