1721 2953
333 167 413 203 406
639 161 1008 206 COMMENTAR.
1038 166 1094 205 m·
1126 166 1352 205 TlBULLI

333 278 458 322 quenti.
509 276 585 310 Cio.
614 275 657 309 ad
691 276 761 310 Att.
787 276 889 321 XVI,
912 281 956 312 3:
995 279 1047 310 Ne
1077 277 1114 311 in
1149 289 1200 311 me
1230 279 1447 312 stomachum
1477 286 1675 323 erumpant,

332 356 410 377 cum
430 342 495 375 tibi
512 342 584 375 sint
602 341 701 377 irati.
716 362 762 368 —
789 344 920 379 Verba:
945 345 1111 380 Laudis
1136 351 1180 380 et
1203 347 1385 380 assiduo
1406 351 1470 381 etc.
1503 347 1674 381 Hermu-s

332 410 382 442 sic
416 408 585 452 explicat:
622 413 660 443 ut
693 410 788 444 locus
823 411 964 446 idoneus
998 414 1135 447 relictus
1165 414 1209 446 sit
1234 414 1467 447 exercitationi
1493 414 1674 458 campestri

332 475 484 508 militum.
557 475 617 508 Sic
654 476 718 509 tria
756 479 909 520 posuerit
947 483 1049 522 poeta
1086 480 1119 512 in
1158 480 1243 512 locis
1279 485 1468 514 castrorum
1506 481 1674 523 eligendis

331 539 538 583 spectanda,
585 544 623 574 ut
663 551 751 584 aqua
792 541 880 576 adsit
919 543 1027 586 bona,
1073 548 1112 577 ut
1151 543 1261 577 aditus
1301 543 1388 578 hosti
1426 544 1592 587 difficilis,
1638 548 1678 578 nt

330 606 477 649 spatium
503 608 586 641 satis
611 608 746 652 planum
773 613 957 654 aptumque
979 611 1024 644 sit
1048 611 1348 645 exercitationibus
1373 611 1527 647 militum.
1575 613 1675 646 Vun-

332 681 411 705 rms
443 677 561 708 autem
593 675 643 708 sic
674 675 858 719 intelligite
895 681 932 710 ut
968 677 1081 711 aditus
1115 677 1240 711 arduus
1273 679 1318 711 sit
1350 677 1437 712 bosti
1465 683 1500 712 et
1529 679 1561 712 in
1592 679 1675 711 tutis

333 741 454 772 castris
487 742 607 784 procul
642 742 684 775 ab
719 742 850 777 insidiis
886 742 1032 778 hostium
1071 746 1224 779 exerceri
1259 746 1395 780 assidue
1429 746 1536 790 possit
1568 747 1675 788 miles,

332 809 429 839 arcte
464 806 631 850 hingem,
675 813 713 842 ut
746 809 862 852 vides,
911 808 998 844 bunc
1035 822 1168 845 versum
1207 812 1361 856 proxime
1398 813 1677 846 antecedentibus

333 871 456 905 verbis.
505 873 576 906 Sed
602 874 758 917 praefero
785 876 946 918 alterum,
981 880 1015 909 et
1040 887 1107 910 nou
1133 877 1200 910 duo
1226 877 1287 911 sed
1313 878 1377 911 tria
1402 882 1570 911 momenta
1596 879 1675 921 poni

332 938 455 980 credo,
480 949 623 982 quorum
648 941 804 975 ultimum
829 943 1005 986 sequentia
1030 943 1154 976 docent
1177 954 1250 977 uon
1271 944 1441 977 minimum
1469 954 1554 976 esse.
1605 943 1675 975 Ad-

332 1004 424 1038 ditur
457 1003 521 1040 hoc
555 1013 617 1051 per
650 1009 828 1052 copulam,
869 1010 918 1043 uti
955 1020 1058 1053 saepe
1092 1009 1210 1042 ultima
1241 1009 1410 1050 membra,
1449 1019 1492 1042 ne
1524 1010 1599 1050 quis
1634 1012 1677 1039 ut

333 1070 428 1103 malit
462 1081 538 1105 cum
573 1072 716 1117 Doum,
756 1075 905 1117 Voss10,
941 1076 1261 1116 Wunnssnmcisso,
1300 1075 1452 1108 ano.
1515 1075 1676 1107 Ceterum

334 1136 616 1172 Bnoucxmssms
655 1140 698 1173 de
735 1141 930 1175 laudatione
970 1142 1134 1175 castrensi
1170 1151 1304 1175 versum
1340 1142 1603 1185 interpretatur,
1643 1142 1675 1174 in

333 1215 401 1247 quo
426 1215 504 1239 eum
529 1215 643 1239 errare
668 1212 809 1243 certum.
836 1226 881 1231 -—
931 1208 970 1242 V.
998 1211 1044 1240 89
1070 1219 1143 1250 sqq.
1193 1208 1291 1242 Haec
1318 1209 1447 1251 priores
1472 1208 1676 1251 interpretes

333 1271 376 1304 ad
410 1272 518 1315 ipsum
551 1273 735 1307 Messalam
769 1273 986 1315 referebant,
1024 1277 1062 1306 ut
1095 1273 1186 1306 sacta
1219 1274 1390 1306 mentione
1424 1273 1677 1306 exercitationis

334 1339 516 1371 castrensis
549 1338 615 1372 iam
648 1339 805 1372 ostendat
840 1343 941 1382 poeta
967 1338 1090 1372 ducem
1123 1339 1232 1382 ipsum
1259 1340 1291 1372 in
1318 1338 1368 1372 his
1393 1339 1522 1372 artibus
1552 1339 1676 1371 milites

331 1411 412 1435 suos
447 1408 684 1447 superantem,
722 1405 833 1447 sitque
858 1404 942 1438 baec
966 1415 1054 1437 nova
1086 1416 1165 1448 pars
1196 1405 1316 1438 laudis.
1374 1404 1430 1437 Ex
1457 1404 1518 1437 liac
1544 1406 1675 1437 ratione

325 1467 437 1509 igitur
473 1472 633 1511 punctum
672 1470 809 1512 ponitur
846 1473 924 1512 post
960 1469 1079 1506 miles,
1127 1474 1162 1503 et
1199 1471 1473 1512 interrogationis
1509 1471 1605 1513 signa
1643 1472 1675 1503 in

333 1535 569 1577 sequentibus,
599 1535 820 1569 coniunctivis
846 1540 960 1569 autem
987 1546 1067 1569 usus
1092 1535 1193 1569 fuerit
1218 1541 1339 1579 poeta,
1365 1541 1403 1570 ut
1428 1537 1530 1570 etiam
1556 1541 1676 1579 postea

333 1611 362 1633 v.
379 1602 457 1634 100.
484 1600 586 1633 dicit:
616 1603 714 1632 Tunc
738 1599 804 1632 tibi
829 1613 897 1633 non
922 1601 1022 1634 (lesit.
1072 1600 1147 1634 Nec
1170 1602 1420 1635 assentiendum
1445 1603 1597 1636 ΗΕΥΝΙΟ
1624 1607 1677 1636 est

333 1666 366 1699 in
391 1676 453 1708 eo,
490 1666 582 1709 quod
610 1666 763 1710 putidam
790 1667 940 1710 appellat
965 1667 1067 1699 talem
1093 1666 1356 1710 explicationem
1384 1667 1460 1701 loci.
1509 1668 1674 1700 Similiter

334 1733 423 1767 enim
455 1733 535 1766 olim
562 1732 611 1766 M.
636 1732 794 1765 Valerius
820 1732 950 1764 Corvus
985 1731 1016 1764 in
1053 1732 1207 1764 exercitu
1231 1743 1293 1765 suo
1317 1731 1367 1765 his
1395 1733 1518 1766 talibus
1548 1734 1676 1766 artibus

335 1798 524 1841 eminebat,
549 1798 591 1831 de
615 1809 682 1841 quo
708 1799 881 1842 praeclare
903 1798 1133 1831 Nmnmmms
1156 1798 1242 1831 dixit
1268 1799 1356 1833 Hist.
1375 1799 1477 1832 Rom.
1504 1799 1675 1842 Tom.lll,

333 1877 364 1909 p.
379 1866 458 1898 143.
508 1863 735 1897 Nihilominus
759 1864 793 1896 in
817 1874 891 1896 eam
920 1867 1049 1906 partem
1075 1864 1219 1905 inclino,
1254 1868 1292 1896 ut
1316 1865 1482 1897 veriorem
1509 1865 1674 1897 rationem

333 1930 376 1963 ab
401 1930 554 1964 Hmmo
584 1930 700 1963 initam
733 1929 886 1971 credam,
922 1931 979 1972 qui
1005 1930 1105 1963 colon
1140 1931 1252 1974 posuit
1281 1934 1359 1974 post
1384 1930 1482 1962 miles
1507 1935 1542 1964 et
1566 1935 1674 1964 totum

332 1997 444 2030 locum
476 2006 538 2039 per
564 1995 809 2038 digressionem
841 1994 1011 2028 adiectum
1042 1996 1160 2028 statuit
1186 1996 1484 2039 antecedentibus,
1522 2001 1560 2030 ut
1587 1997 1676 2030 mili-

334 2067 404 2096 tum
446 2062 649 2095 exercitatio
690 2062 945 2095 commemorari
984 2067 1106 2106 coepta
1146 2073 1234 2096 nunc
1270 2063 1483 2096 describatur
1518 2063 1673 2106 amplius.

332 2128 451 2160 secuti
486 2131 564 2160 sunt
600 2126 769 2168 Vossms,
806 2126 985 2168 memus,
1025 2127 1254 2167 Huscnxms,
1291 2129 1525 2162 Gonnssnws.
1587 2127 1674 2161 Nam

333 2192 504 2225 fatendum
539 2196 592 2225 est
622 2202 652 2226 v.
669 2195 746 2234 88„
782 2194 861 2226 licet
887 2193 1024 2236 elegans
1049 2196 1093 2227 sit
1118 2195 1247 2236 oratio,
1282 2205 1342 2238 per
1367 2205 1403 2228 se
1429 2194 1673 2236 obscuriorem,

335 2259 562 2302 explicatione
597 2269 719 2301 egere,
763 2263 798 2293 et
832 2260 1084 2302 quodammodo
1123 2261 1294 2304 postulare
1330 2266 1368 2293 ut
1404 2263 1580 2302 sequentia
1610 2260 1672 2292 sibi

332 2324 580 2368 adiungantur3
616 2324 788 2359 fatendum
816 2327 919 2360 etiam
946 2326 1030 2360 haec
1056 2328 1220 2361 eiusmodi
1247 2339 1341 2369 esse,
1374 2332 1411 2360 ut
1436 2328 1490 2360 vix
1518 2327 1594 2360 inde
1621 2326 1673 2358 di-

332 2391 408 2424 velli
443 2391 585 2434 possint.
651 2391 738 2424 Nam
774 2392 806 2425 in
841 2393 900 2426 tali
933 2394 1174 2427 consecutione
1216 2394 1416 2427 verborum:
1464 2397 1502 2426 ut
1535 2391 1671 2425 assiduo

331 2458 516 2492 certamine
550 2457 659 2491 laudis
692 2459 807 2501 vigeat
834 2461 948 2502 miles,
981 2462 1056 2503 quis
1082 2462 1201 2494 melius
1227 2462 1346 2495 iecerit
1377 2464 1463 2501 cet.‚
1498 2459 1670 2501 quomodo

332 2524 374 2558 de
402 2524 550 2558 Messala
582 2526 725 2567 cogitari
759 2531 891 2570 potest,
929 2528 1022 2561 nullo
1048 2528 1152 2560 verbo
1181 2521 1318 2568 addito,
1351 2526 1439 2559 unde
1467 2526 1576 2559 discas
1606 2536 1670 2558 non

331 2591 374 2624 de
401 2591 582 2632 militibus,
611 2591 670 2624 scd
695 2591 737 2624 de
763 2592 849 2626 duce
874 2593 959 2635 agi?
1008 2593 1194 2626 Dicendum
1221 2593 1309 2625 enim
1337 2596 1430 2624 certe
1457 2595 1548 2623 erat:
1585 2590 1671 2625 Quis

332 2662 364 2690 tc
389 2656 508 2690 melius
538 2660 603 2690 cet.
639 2657 701 2690 etsi
727 2658 779 2691 vel
804 2658 853 2691 sic
877 2657 919 2690 ad
949 2658 1131 2691 Messalam
1157 2657 1265 2690 oratio
1291 2655 1467 2700 abruptius
1499 2655 1655 2689 transiret
