1721 2953
242 159 292 194 30
547 151 915 195 COMMENTAR.
946 154 1004 194 IN
1036 155 1260 196 TIBULLI

241 273 354 301 notam
380 277 480 301 carae
507 266 640 310 puellae
666 269 902 309 properasset,
935 266 1067 299 clausas
1093 266 1216 300 vidisse
1250 267 1339 300 fores
1365 272 1398 301 et
1424 269 1581 301 maritum

242 334 446 377 comperisse
472 333 603 372 inesse,
630 330 672 364 de
698 341 763 373 qua
788 341 825 363 re
851 341 928 364 eum
954 331 987 364 in
1015 331 1077 364 luoc
1103 333 1251 365 carmine
1276 333 1381 374 queri.
1430 333 1583 366 Primum

241 399 331 431 enim
356 408 443 430 nova
468 397 582 430 limina
606 400 684 429 sunt
706 397 755 439 (v.
783 397 881 440 17.)‚
914 408 981 431 non
1007 399 1120 442 priora
1144 399 1282 440 Deliae,
1322 409 1397 432 cum
1422 403 1586 433 mutasset

241 463 447 497 domicilium
472 467 507 496 et
542 463 632 507 apud
665 464 818 496 maritum
849 462 1028 497 habitaret.
1080 464 1210 497 Deinde
1235 474 1301 497 non
1326 474 1414 498 nunc
1439 466 1582 508 primum

237 529 402 572 comperit
428 532 566 572 nuptam
592 540 687 570 eam,
720 530 781 563 sed
807 531 873 564 iam
899 531 966 564 alia
991 535 1092 564 nocte
1117 534 1196 564 ante
1221 531 1354 564 ianuam
1382 530 1510 573 fuerat,
1548 536 1585 565 ut

237 596 304 636 ait,
341 598 377 628 et
409 595 635 638 suspenderat
665 600 775 638 serta,
813 602 848 630 et
882 599 915 630 ni
948 598 1047 631 fallor
1079 598 1145 630 iam
1180 598 1317 641 saepius
1351 596 1404 630 hic
1429 600 1583 630 steterat.

237 659 336 693 Unde
361 659 456 693 vides
481 660 528 693 ita
553 660 666 704 potius
689 662 904 703 cogitandam
926 673 1008 704 rem,
1032 666 1071 695 ut
1095 672 1162 704 ego
1188 662 1272 695 dixi.
1318 661 1366 694 Et
1387 660 1487 695 hodie
1508 663 1584 704 qui-

235 725 312 758 dem
339 729 476 759 venerat
499 725 628 760 aditum
653 737 804 770 sperans.
854 726 976 769 Neque
1002 727 1090 760 enim
1118 727 1312 770 asperitatis
1336 731 1395 760 aut
1421 725 1583 769 perfidiae

236 791 383 833 puellam
408 795 566 833 accusat,
598 791 658 825 sed
691 791 854 825 audaciae
879 802 920 825 ea
944 791 1093 825 nondum
1119 792 1201 825 satis
1226 791 1328 826 habet
1352 791 1395 825 ad
1420 791 1584 825 fallendos

234 856 403 890 custodes.
453 858 676 901 Perspicuum
712 862 764 892 est
796 869 840 892 ex
875 857 924 891 his
956 868 1024 901 quo
1057 862 1212 902 tempore
1246 860 1410 902 scriptum
1447 868 1583 892 carmen

235 933 402 957 censeam.
451 924 608 957 Hiemem
635 925 739 958 fuisse
772 929 865 969 patet
890 937 909 959 e
933 936 1039 961 νει-55,
1063 929 1123 959 31.
1146 929 1211 959 32:
1262 928 1342 959 Non
1367 925 1452 958 mila·
1473 927 1580 971 pigra

233 994 357 1020 nocent
381 987 546 1022 hibernae
563 989 711 1036 frigora
736 990 860 1032 noctis,
887 1002 955 1022 non
980 990 1063 1022 milli
1090 1002 1168 1023 cum
1191 991 1306 1023 multa
1326 990 1455 1023 decidit
1475 990 1582 1023 imber

234 1065 342 1100 aqua.
391 1057 504 1098 Atque
529 1054 639 1090 hieme
664 1067 740 1090 ann.
769 1059 940 1090 724-725.
967 1057 1058 1090 facta
1083 1058 1240 1091 videntur
1265 1068 1326 1099 ea,
1358 1067 1445 1099 quae
1471 1057 1582 1099 elegia

233 1123 349 1165 quinta
382 1127 622 1158 memorantur.
672 1123 746 1157 Nec
779 1135 901 1157 vereor
932 1129 969 1157 ut
1000 1124 1143 1157 hiemem
1179 1135 1254 1158 ann,
1281 1127 1450 1157 726-727.
1485 1126 1581 1167 cogi-

233 1189 369 1222 tandam
397 1199 537 1222 censeas
561 1193 595 1223 et
619 1193 749 1223 tantum
776 1189 988 1222 intervallum
1013 1200 1118 1233 ponas
1139 1191 1226 1222 inter
1250 1190 1400 1231 quintam
1421 1194 1456 1222 et
1477 1189 1582 1231 hanc3

233 1257 330 1286 erant
355 1258 425 1286 tum
450 1254 564 1297 potius
598 1255 716 1287 ultima
747 1258 903 1298 tempora
936 1253 1033 1287 liuius
1068 1255 1212 1296 amoris,
1247 1255 1304 1297 qui
1330 1265 1406 1288 cum
1431 1255 1581 1288 Messala

232 1331 308 1353 ann.
336 1322 417 1355 727.
442 1319 569 1353 rediret
595 1331 639 1353 ex
665 1322 817 1362 Oriente,
846 1323 959 1355 finitus
985 1321 1089 1354 fuisse
1115 1321 1258 1362 videtur,
1285 1332 1348 1354 nec
1372 1325 1580 1354 memoratur

234 1386 378 1428 amplius
412 1385 445 1417 in
481 1386 628 1418 carmine
661 1387 815 1430 septimo.
881 1388 997 1422 Quare
1024 1392 1129 1419 restat
1154 1391 1191 1419 ut
1218 1386 1361 1419 hiemem
1387 1397 1463 1419 ann.
1489 1389 1579 1420 725-

232 1453 313 1485 726.
352 1451 601 1493 intelligamus,
642 1451 732 1493 quod
773 1452 914 1493 egregie
952 1452 1109 1484 convenit
1148 1461 1222 1483 cum
1258 1452 1381 1484 ceteris
1414 1452 1580 1490 omnibus,

233 1527 320 1559 quae
354 1517 608 1561 disputavimus.
660 1519 771 1551 Unum
806 1523 923 1552 restat.
975 1518 1106 1551 Mentio
1141 1519 1177 1551 fit
1207 1518 1260 1552 hic
1286 1518 1364 1551 belli
1391 1519 1578 1560 incilicia,

234 1582 296 1616 sed
329 1583 431 1616 etiam
462 1582 546 1616 llaec
580 1594 633 1616 res
666 1583 901 1616 difficultatem
935 1584 1061 1616 nullam
1094 1583 1215 1624 liabet3
1253 1593 1329 1616 cum
1357 1584 1504 1617 Messala
1535 1583 1579 1616 ab

232 1654 414 1684 auctumno
457 1661 533 1683 ann.
571 1652 741 1684 724-727.
783 1650 958 1684 Orientem
995 1655 1233 1695 componeret,
1272 1651 1365 1684 vides
1403 1661 1469 1684 nou
1504 1661 1580 1685 esse

234 1726 294 1749 eur
316 1716 405 1749 circa
431 1721 584 1759 tempora
610 1716 743 1758 elegiae
767 1715 801 1748 id
826 1719 960 1757 gestum
987 1726 1159 1758 negemus.
1209 1716 1303 1749 Satis
1327 1715 1370 1749 de
1394 1715 1445 1749 his
1466 1716 1579 1757 rebus,

232 1781 404 1814 veniamus
429 1781 472 1814 ad
497 1782 573 1815 alia.
632 1782 777 1816 Carmen
813 1784 1143 1827 παρακλαιόίθυρον
1179 1787 1250 1823 est,
1288 1787 1325 1816 ut
1356 1782 1506 1824 videtur,
1545 1786 1580 1816 et

232 1851 310 1880 ante
334 1848 466 1880 ianuam
487 1848 621 1890 puellae
646 1848 785 1890 fingitur
809 1852 1002 1888 cantatum;
1030 1859 1105 1881 nam
1131 1858 1160 1881 v.
1180 1850 1214 1882 9.
1240 1858 1306 1881 non
1332 1843 1476 1882 obscure
1500 1852 1578 1881 ante

235 1911 367 1944 ianuam
394 1916 539 1945 stantem
565 1913 678 1955 prodit
702 1917 805 1954 atque
830 1914 932 1946 etiam
960 1914 1017 1946 alii
1051 1914 1115 1946 loci
1149 1914 1183 1947 id
1218 1913 1361 1947 suadent
1386 1917 1424 1946 ut
1447 1918 1578 1948 statua-

234 1982 301 2010 tur.
352 1977 503 2010 Vossms
538 1978 620 2012 dicit
647 1983 782 2022 poetam
806 1981 839 2012 in
866 1981 1019 2013 convivio
1044 1986 1209 2014 nocturno
1234 1981 1417 2014 amicorum
1443 1981 1580 2020 versari,

235 2042 276 2075 ad
304 2042 394 2083 qnod
422 2042 544 2081 credo,
578 2045 752 2077 exclusum
778 2045 880 2078 domo
906 2057 943 2079 se
969 2046 1105 2088 videns,
1130 2048 1189 2080 ivit
1214 2052 1272 2080 aut
1298 2047 1417 2088 rediit,
1441 2045 1579 2080 hausto-

234 2118 299 2149 que
336 2109 441 2141 mnlto
476 2110 552 2142 vino
586 2110 717 2143 ebrium
747 2111 852 2143 videri
884 2111 947 2144 sibi
982 2115 1073 2145 stare
1097 2116 1175 2145 ante
1200 2113 1334 2145 ianuam
1355 2111 1485 2145 Deliae.
1542 2111 1579 2144 In

234 2184 302 2215 quo
327 2174 483 2217 displicet
508 2176 738 2216 maximopere
772 2178 989 2221 pronuntiata
1023 2179 1056 2211 in
1088 2178 1233 2211 convivii
1264 2179 1341 2212 loco
1372 2179 1484 2221 elegia
1507 2182 1579 2211 tota

235 2240 277 2272 ad
303 2241 433 2273 Deliam
459 2241 608 2283 directa,
643 2243 801 2286 displicet
826 2245 973 2278 ebrietas
997 2249 1092 2278 tauta
1116 2249 1154 2278 ut
1178 2246 1211 2278 in
1237 2244 1391 2278 convivio
1424 2254 1500 2277 cum
1524 2243 1578 2283 sit,

233 2310 312 2338 ante
346 2307 478 2349 puellae
512 2307 648 2341 domum
682 2309 745 2342 sibi
780 2309 936 2343 videatur
969 2321 1055 2344 esse.
1115 2310 1223 2343 Immo
1249 2314 1317 2343 stat
1343 2313 1420 2342 ante
1445 2308 1578 2351 puellae

236 2372 328 2405 sores
364 2373 453 2415 ipsas
488 2383 598 2415 neque
633 2374 806 2416 abscedit,
840 2380 875 2408 et
908 2376 1050 2419 primum
1085 2375 1187 2408 etiam
1220 2375 1395 2417 quiescere
1426 2373 1472 2405 ibi
1497 2372 1578 2412 vult,

235 2449 299 2472 non
331 2443 444 2482 potest
468 2450 568 2482 vem,
595 2442 655 2474 sed
682 2442 793 2476 denuo
819 2443 860 2476 ad
888 2454 1007 2486 preces
1032 2443 1261 2476 convertitur:
1298 2441 1380 2474 llaec
1405 2439 1502 2472 nobis
1527 2441 1579 2472 vi-

234 2504 333 2538 detur
351 2505 444 2538 fictio
465 2507 599 2549 poetica
618 2509 756 2541 carmini
778 2510 943 2543 subiecta.
992 2509 1176 2543 Videamus
1194 2518 1282 2541 nunc
1302 2515 1436 2539 carmen
1458 2505 1579 2548 ipsum.

236 2569 504 2603 Fundamentum
538 2576 590 2603 est
625 2574 746 2605 ardens
771 2575 938 2618 cupiditas
972 2575 1156 2618 potiundae
1181 2573 1313 2616 puellae
1339 2576 1411 2605 toto
1439 2574 1579 2613 pectore

236 2640 377 2669 amatae.
429 2637 593 2669 Caruerat
622 2645 731 2680 poeta,
759 2645 794 2672 nt
820 2640 983 2676 vidimus,
1015 2650 1074 2683 per
1099 2640 1174 2672 anni
1201 2644 1333 2682 teinpus
1360 2639 1478 2672 Deliae
1506 2647 1578 2675 usu,
