1721 2953
258 133 309 167 38
566 125 597 166 C
603 123 935 168 OMAxlENTAR.
967 125 1024 165 m
1056 124 1284 166 'l'lBULLI

262 245 401 276 Vannii.
437 243 569 275 chc.
596 241 623 282 Ι,
653 243 742 275 835:
774 247 914 286 portam
945 247 1103 278 temate,
1143 246 1177 274 et
1206 241 1367 274 Cs'rcLL.
1394 238 1455 280 XI,
1484 241 1538 272 13.
1579 243 1612 271 et

261 310 370 342 Yme.
400 309 481 340 Aen.
507 306 568 348 ΙΙ],
593 309 674 339 363.
708 317 796 349 quae
828 307 1145 340 Wunnssnmcuivs
1179 306 1306 339 laudat.
1338 322 1373 330 -
1417 309 1611 339 reserat·

264 374 408 407 Notabis
434 373 476 405 de
503 373 732 406 collocatione
757 373 949 417 verborum,
975 385 1052 408 cum
1078 375 1110 407 in
1136 373 1199 407 lioc
1222 372 1366 406 disticho
1387 372 1511 416 pariter
1531 371 1612 404 sul)-

262 440 349 473 iecta
375 439 439 472 sibi
464 440 623 483 opposita
647 440 714 472 sint
738 443 774 473 et
806 441 930 483 verba,
965 444 1059 474 recte
1092 441 1245 485 potuisse
1271 439 1336 472 dici
1361 442 1419 472 aut
1445 438 1512 470 sic:
1549 447 1613 470 seu

263 507 338 548 quis
365 505 502 538 iuvenis
528 505 641 539 limina
671 510 799 548 tentat,
834 517 896 540 seu
927 506 1049 551 puella
1084 510 1214 540 reserat
1238 505 1348 546 sores3
1385 508 1445 538 aut
1468 504 1539 545 sic,
1578 508 1615 536 ut

264 576 366 615 poeta
396 572 495 605 fecit:
530 582 591 605 seu
613 572 688 614 quis
715 572 845 605 iuvenis
868 570 990 604 limina
1017 578 1136 603 tentat
1165 581 1224 604 seu
1249 576 1383 602 reserat
1412 571 1525 613 puella
1548 568 1614 613 fo-

264 648 331 671 res,
382 640 494 681 Atque
521 636 603 670 llaec
632 638 814 671 collocatio
845 636 1069 680 pulcherrima
1095 641 1148 669 est
1174 641 1209 669 et
1240 647 1344 680 saepe
1378 636 1529 680 praelata
1563 635 1614 666 al-

265 704 329 737 teri
360 704 511 747 vulgari,
549 708 585 737 nt
619 705 732 737 statim
768 714 798 737 v.
829 705 896 736 23:
931 713 1016 745 quos
1043 713 1105 735 nec
1129 702 1249 735 inertia
1274 701 1401 733 tardat
1427 711 1490 733 nec
1518 706 1616 731 retat-

266 781 407 813 surgere
431 772 540 804 timor.
560 790 605 796 -
641 771 737 804 fixo
763 770 920 811 dente,
948 769 992 803 cs.
1017 769 1058 802 ad
1085 781 1116 802 v.
1143 772 1174 802 6.
1199 788 1246 794 —
1273 769 1313 802 V.
1336 771 1378 801 19
1404 778 1454 810 sq.
1481 768 1617 809 molli,

266 842 470 882 perpetuum
498 839 577 871 lecti
603 837 796 881 epitheton,
831 837 891 871 sed
925 841 962 870 ut
994 837 1097 870 etiam
1124 841 1289 880 perpetua
1321 845 1433 868 rerum
1466 833 1618 878 epitheta

267 915 434 948 nusquam
461 905 570 937 otiosa
593 909 672 937 sunt
697 905 730 937 in
756 903 807 937 his
833 903 1051 944 carminibus,
1076 902 1125 935 sic
1149 900 1212 934 lioc
1237 911 1374 944 quoque
1400 910 1467 933 non
1492 900 1619 932 otiatur

267 980 375 1012 nunc,
409 970 470 1003 sed
495 970 746 1014 oppositionem
773 969 921 1003 suaviter
946 969 1103 1009 adiuvat3
1142 967 1218 1001 vide
1243 967 1362 1000 modo:
1398 966 1510 1000 limina
1545 970 1620 998 ten-

271 1044 367 1080 tare,
392 1048 546 1071 reserare
572 1037 682 1079 fores,
715 1038 819 1070 molle
843 1038 970 1070 lectum
997 1036 1199 1079 relinquere.
1249 1035 1530 1079 oppositionibus
1556 1045 1621 1067 au-

270 1108 338 1136 tem
364 1102 561 1136 fortioribus
585 1103 761 1136 nervosior
784 1107 820 1136 et
843 1102 988 1135 alacrior
1012 1101 1050 1133 fit
1077 1101 1198 1142 oratio,
1221 1100 1264 1133 de
1289 1110 1357 1142 quo
1385 1101 1521 1143 saepius
1547 1110 1620 1133 mo-

269 1180 335 1203 neo
362 1180 423 1213 per
448 1169 535 1203 hunc
561 1170 694 1203 librum.
721 1185 764 1194 -
807 1167 1026 1202 decedere
1052 1169 1176 1201 lecto
1202 1171 1254 1201 est
1278 1168 1469 1210 relinquere
1495 1168 1619 1201 lectum

271 1235 428 1278 (furtimz
474 1235 549 1268 sich
584 1247 659 1267 vom
690 1236 797 1266 Belle
831 1233 1066 1277 semea-hen),
1102 1244 1165 1266 nec
1199 1244 1285 1277 opus
1318 1233 1452 1266 videtur
1477 1234 1621 1267 Donsm

271 1302 467 1334 coniectura
495 1300 708 1335 descendere.
746 1302 853 1334 Ovm.
883 1303 1017 1336 Amorr.
1040 1301 1102 1342 ΙΙΙ,
1130 1304 1161 1343 1,
1186 1303 1250 1333 51:
1281 1298 1398 1332 delabi
1422 1306 1497 1332 toro
1523 1300 1621 1334 dixit·

272 1367 434 1400 Ceterum
460 1377 525 1399 non
553 1367 595 1400 de
621 1367 692 1400 sola
718 1367 831 1410 puella
864 1365 948 1399 haec
982 1367 1085 1399 verba
1111 1366 1258 1410 accipias
1290 1370 1451 1409 surgente
1476 1371 1515 1399 ut
1539 1354 1622 1399 con-

271 1434 386 1468 veniat
418 1438 626 1476 amatorem3
664 1435 778 1467 valent
812 1435 912 1467 etiam
950 1434 992 1467 de
1027 1439 1199 1473 amatore,
1237 1435 1293 1477 qui
1327 1434 1442 1467 furtim
1478 1434 1623 1467 discedit

272 1503 353 1533 ante
379 1499 478 1532 diem.
528 1500 692 1532 Similiter
718 1503 930 1543 pentameter
964 1503 999 1532 et
1035 1500 1169 1543 puellae
1206 1504 1240 1532 et
1274 1500 1415 1532 amatori
1451 1501 1624 1533 convenit.

275 1565 572 1602 Quemadmodum
603 1566 690 1598 enim
716 1566 748 1598 in
782 1565 997 1599 antecedenti
1023 1565 1170 1599 disticho
1201 1566 1252 1599 der
1269 1571 1420 1600 amatore
1445 1571 1480 1600 et
1512 1567 1624 1610 puella

274 1632 418 1673 dicitur,
455 1632 502 1664 sic
531 1632 563 1664 in
593 1631 656 1664 lioc
681 1636 716 1664 et
741 1632 929 1674 sequenti,>
960 1632 1154 1674 postulante
1187 1632 1423 1665 concinnitatis
1455 1633 1543 1675 lege.
1581 1650 1624 1658 -

275 1698 398 1730 nullo
425 1696 579 1741 pedem
607 1707 776 1740 ponere
802 1706 928 1737 son0‚
964 1695 996 1729 h.
1023 1707 1053 1729 e.
1082 1707 1248 1740 suspenso
1279 1698 1388 1740 gradu
1417 1699 1477 1731 ire.
1516 1699 1623 1732 Ovm.

274 1765 297 1796 l.
320 1764 395 1799 cit‚:
421 1768 530 1809 atque
555 1762 786 1807 impercussos
804 1769 904 1796 nocte
923 1775 1056 1796 movere
1074 1763 1192 1808 pedes.
1242 1764 1361 1797 Multis
1387 1775 1455 1797 rem
1481 1765 1627 1799 illustrat

273 1832 390 1866 JANUS
418 1832 658 1864 Gssnflmnus.
685 1849 731 1854 -
761 1832 861 1865 V.21
882 1842 956 1874 sqq.
992 1831 1088 1865 viro
1105 1841 1262 1865 coram.
1317 1831 1379 1865 l⁴'st
1397 1832 1566 1878 gradalio
1592 1834 1625 1868 in

275 1900 350 1930 toto
375 1897 451 1929 loco
476 1900 511 1929 et
533 1896 751 1940 progreditur
780 1901 882 1940 poeta
907 1908 926 1930 a
947 1897 1054 1931 minus
1082 1898 1265 1931 audacibus
1291 1898 1334 1932 ad
1361 1898 1554 1933 audaciora.
1581 1918 1624 1924 -—

276 1961 329 1995 Ad
364 1961 495 1994 docet
530 1962 652 1994 iterum
690 1973 755 1995 non
786 1962 945 2006 puellam
978 1965 1099 2007 supple
1125 1963 1185 1997 sed
1210 1970 1381 1997 canantes.
1432 1966 1483 1998 De
1509 1969 1626 1999 mutuo

276 2028 365 2060 enim
391 2028 563 2070 colloquio
589 2029 690 2070 dicit⁷
728 2034 879 2063 ceterum
907 2031 1027 2064 Deliae
1059 2032 1207 2064 animum
1241 2031 1368 2064 addere
1402 2032 1543 2075 cupiens
1577 2031 1628 2065 liis

277 2095 572 2139 descriptionibus.
599 2115 645 2121 -—
682 2101 819 2130 nutus
845 2097 1058 2132 conferre
1084 2099 1156 2132 scil.
1181 2100 1270 2132 inter
1299 2110 1356 2141 se,
1392 2104 1429 2132 ut
1454 2110 1628 2133 sermones

276 2161 451 2203 conferre,
477 2159 738 2203 συμβάλλεσθαι
764 2160 893 2204 λόγους.
919 2182 961 2188 ——
993 2165 1291 2208 compositis,
1325 2165 1368 2199 de
1394 2165 1516 2208 quibus
1548 2169 1627 2199 ante

277 2233 480 2262 conventum
504 2233 565 2261 est.
601 2230 707 2262 Ovm.
734 2231 865 2262 Amorr.
892 2229 953 2272 ΙΙΙ,
977 2232 1010 2272 2,
1027 2233 1095 2263 25:
1125 2229 1308 2276 Verbaque
1333 2230 1532 2281 cognposilis
1557 2230 1628 2263 dis-

279 2293 451 2328 simulata
476 2295 581 2328 notis.
635 2296 762 2330 Locum
800 2297 953 2340 pluribus
987 2298 1134 2331 illustrat
1169 2299 1285 2332 Jmus
1319 2299 1559 2332 szmnnus.
1584 2317 1628 2322 -

277 2360 328 2395 Ad
348 2371 378 2394 v.
397 2372 415 2393 a
428 2361 478 2394 bd
491 2372 563 2394 ere
584 2363 762 2397 conferunt
782 2365 887 2398 Ovm.
911 2367 982 2400 Art.
1003 2366 1117 2407 Am.1‚
1133 2368 1221 2399 489:
1251 2365 1345 2397 Neve
1365 2364 1496 2410 aliquis
1517 2363 1628 2397 verbis

277 2426 415 2458 odiosas
439 2426 571 2471 afferat
599 2440 719 2464 arctas,
743 2441 849 2475 qaam
867 2437 969 2474 potes
991 2429 1165 2476 ambiguis
1184 2429 1336 2462 callidus
1355 2427 1442 2460 abde
1463 2429 1567 2462 notis.
1584 2446 1629 2455 —-

276 2494 467 2532 Postrema,
497 2505 580 2536 quas
608 2494 657 2527 his
683 2495 839 2529 distichis
863 2497 1043 2540 descripsit
1071 2500 1173 2536 artes,
1201 2505 1259 2529 eas
1284 2504 1351 2527 uno
1380 2495 1486 2527 verbo
1517 2495 1627 2526 Vene-

277 2571 347 2592 rem
364 2559 550 2605 furtivam
577 2560 657 2594 dicit
683 2561 769 2594 infra
796 2562 820 2603 Ι,
840 2565 873 2603 8,
897 2565 953 2595 57.
980 2562 1036 2594 ubi
1063 2562 1162 2594 etiam
1188 2561 1253 2593 alia
1279 2560 1416 2593 indicat.
1437 2579 1481 2583 —-
1510 2560 1548 2592 V.
1569 2561 1625 2592 ⁸23.

278 2625 367 2660 Nec
401 2626 534 2660 docet
569 2626 649 2661 lioc
683 2639 832 2662 omnes
866 2634 930 2663 etc.
992 2628 1197 2662 observabit
1223 2629 1331 2662 lector
1356 2632 1493 2672 poetam
1520 2626 1628 2660 redire
