1721 2953
262 128 330 177 42
662 128 700 174 T
703 127 904 175 IBULLI
952 128 1064 178 LIB.
1094 128 1147 175 Π.
1178 137 1209 174 1.

317 253 434 301 Hinc
472 263 513 299 et
544 251 764 300 femineus
800 251 929 301 labor
957 265 1035 312 est,
1071 253 1177 300 hinc
1212 269 1353 318 pensa
1382 250 1609 317 colusque,

381 341 528 387 Fusus
561 350 603 386 et
634 339 840 404 apposito
876 339 1036 405 pollice
1074 350 1218 386 versat
1253 356 1390 404 opus:

262 424 465 490 65Atque
503 423 652 491 aliqua
691 425 897 473 assiduae
935 426 1091 473 textrix
1128 436 1308 490 operata
1344 423 1573 470 Minervae

387 512 569 569 (Mutat,
606 523 647 559 et
681 511 899 577 applauso
933 511 1018 559 tela
1049 523 1177 559 sonat
1206 510 1354 560 latere.

311 597 414 662 Ipse
446 596 652 662 interque
686 616 844 661 greges
872 598 1076 663 interque
1114 608 1310 644 armenta
1347 594 1524 661 Cupido

378 683 521 731 Natus
554 694 595 731 et
630 683 873 730 indomitas
911 683 1076 730 dicitur
1109 683 1226 730 iuter
1261 700 1411 747 equas.

309 769 405 817 Illic
441 770 624 818 indocto
654 770 850 835 primum
888 788 933 817 se
971 769 1165 816 exercuit
1200 786 1331 815 arcu:

258 867 306 901 70
386 857 469 903 Hei
505 856 630 914 mihi,
667 876 801 922 quam
834 856 987 903 doctas
1010 874 1130 902 nunc
1155 854 1291 901 habet
1326 852 1398 900 ille
1423 854 1607 900 manus!

311 942 405 990 Nec
436 943 656 1008 pecudes,
702 941 822 990 velut
856 953 983 1000 ante,
1024 942 1156 1007 petit:
1206 940 1353 987 fixisse
1384 938 1555 1005 puellas

374 1028 519 1075 Gestit
550 1040 593 1076 et
628 1028 821 1076 audaces
850 1027 1162 1094 perdomuisse
1197 1026 1328 1072 viros.

310 1113 395 1161 Hic
430 1114 580 1160 iuveni
616 1114 806 1161 detraxit
838 1132 971 1178 opes,
1010 1113 1084 1160 hic
1121 1112 1269 1159 dicere
1307 1110 1438 1158 iussit

375 1199 531 1246 Limen
570 1203 629 1247 ad
664 1200 801 1247 iratae
837 1199 974 1247 verba
1008 1198 1224 1264 pudenda
1259 1215 1437 1244 senem:

256 1296 302 1332 75
316 1287 413 1333 Hoc
450 1287 563 1334 duce
599 1286 807 1334 custodes
844 1286 998 1333 furtim
1033 1297 1314 1348 transgressa
1344 1283 1538 1330 iacentes

376 1371 450 1418 Ad
486 1372 690 1418 iuvenem
720 1371 914 1419 tenebris
947 1371 1041 1418 sola
1073 1370 1222 1435 puella
1257 1370 1377 1416 venit

308 1458 364 1505 Et
394 1458 586 1523 pedibus
622 1469 870 1523 praetentat
905 1457 989 1505 iter
1024 1475 1243 1522 suspensa
1278 1456 1460 1512 timore,

381 1543 597 1609 Explorat
632 1562 784 1591 caecas
815 1544 887 1591 cui
918 1562 1079 1590 manus
1112 1554 1212 1589 ante
1247 1542 1355 1589 vias.

309 1629 383 1677 Ah
422 1630 599 1688 miseri⁷
636 1649 748 1695 quos
784 1629 858 1677 hic
890 1629 1082 1693 graviter
1118 1629 1228 1675 deus
1261 1628 1416 1691 urget!
1453 1638 1498 1674 at
1531 1626 1603 1673 ille

256 1729 303 1763 80
381 1716 528 1774 Felix,
576 1716 647 1763 cui
683 1715 888 1780 placidus
925 1715 1083 1762 leuiter
1115 1714 1238 1761 afflat
1272 1713 1425 1760 Amor.

310 1803 495 1860 Sancte,
543 1802 643 1849 veni
677 1802 870 1867 dapibus
906 1801 1057 1858 festis,
1101 1800 1180 1847 sed
1215 1818 1333 1865 pone
1368 1799 1550 1863 sagittas

383 1889 441 1934 Et
474 1887 632 1952 procul
669 1887 875 1934 ardentes
910 1887 1017 1932 hinc
1054 1905 1216 1950 precor
1250 1885 1366 1931 abde
1401 1885 1533 1931 faces.

310 1977 401 2021 Vos
438 1973 656 2020 celebrem
694 1984 867 2019 cantate
904 1972 1036 2018 deum
1072 1970 1314 2035 pecorique
1349 1981 1502 2016 vocate

366 2063 511 2108 Voce:
562 2058 710 2125 palam
748 2058 924 2124 pecori,
970 2056 1083 2105 clam
1119 2057 1205 2105 sibi
1242 2057 1430 2122 quisque
1465 2069 1600 2103 vocet.

349 2307 390 2340 V.
407 2308 464 2339 65.
498 2306 613 2349 Vulgo
647 2305 756 2338 textis
791 2305 834 2339 de
864 2305 1058 2339 coniectura
1092 2305 1276 2338 Fnu'rssmr
1313 2303 1448 2337 minime
1481 2313 1599 2336 neces-

255 2372 353 2405 saria.
376 2391 422 2396 —
471 2372 707 2406 Minervae
739 2372 841 2405 hum
875 2376 989 2413 recte,
1023 2371 1098 2403 libri
1125 2369 1335 2402 Minervam.

349 2461 392 2494 V.
407 2463 462 2493 82.
492 2471 653 2503 precor
678 2461 753 2493 libri
780 2460 898 2504 optimi
925 2464 959 2493 et
984 2460 1128 2503 plurimi.
1178 2459 1293 2500 vulgo
1320 2468 1362 2490 ex
1388 2457 1461 2489 aliis
1488 2457 1600 2499 placet

252 2525 378 2569 procul
410 2526 511 2558 etiam
549 2524 611 2558 liic.
683 2526 752 2559 Sed
792 2530 960 2569 repugnat
994 2524 1077 2558 llaec
1110 2523 1319 2558 vehementia
1353 2523 1497 2556 allectus
1532 2522 1596 2555 leni

255 2593 350 2626 initio
378 2590 530 2625 distichi:
556 2593 704 2630 iS'atn-le,
732 2590 808 2623 reni
836 2590 995 2635 dapibus.

1703 0 1719 159 matun—-
