1721 2953
337 184 492 209 mxxiv
877 170 952 209 DE
986 168 1138 211 POESI

336 285 655 338 descriptionum
689 283 824 333 varia,
868 298 1002 337 pauca
1038 298 1135 324 vero
1170 285 1371 338 mythica,
1413 283 1502 325 (lico
1541 285 1681 326 vatici-

334 362 449 402 nium
481 360 684 414 Sibyllae,
728 357 869 398 laudes
909 357 1106 410 Osiridis,
1152 373 1282 412 porro
1315 361 1463 414 Elysii,
1503 361 1680 410 Tartari,

333 454 480 480 aureae
517 438 657 478 aetatis
687 445 746 486 et,
788 451 912 490 quam
945 437 1081 477 statim
1112 438 1482 489 considerabimus,
1523 439 1680 479 servitii

331 516 539 568 Apollinei
575 512 683 566 apud
722 512 944 554 Admetum
987 513 1325 567 descriptionem3
1369 529 1444 554 nec
1483 514 1678 553 historica

330 592 488 641 videas,
535 591 614 630 nisi
654 591 726 629 ubi
761 591 962 631 Messalae
1004 592 1177 632 victoria
1212 590 1458 644 Aquitanica
1495 591 1678 630 breviter

329 669 572 707 celebratur.
628 667 778 707 Nullae
809 681 908 709 vero
944 669 1201 709 narrationes
1236 667 1385 706 adsunt
1413 667 1582 719 proprie
1614 665 1675 704 di-

329 744 500 794 cendae,
537 759 638 798 quas
668 759 753 784 uon
783 746 878 784 fecit
907 744 1120 797 Tibullus3
1158 745 1348 785 describit
1378 757 1484 796 quae
1514 742 1674 792 cogitat,

327 821 468 870 sentit,
507 820 772 871 imaginatur,
811 822 928 872 facit,
970 835 1056 860 non
1096 829 1236 860 narrat
1274 833 1474 872 usquam,
1516 827 1562 857 ut
1600 818 1674 856 ali-

326 896 486 948 quoties
512 895 751 947 Propertius
782 896 888 946 fecit‚
917 911 957 937 v.
974 912 1006 936 c.
1028 896 1059 945 Ι,
1081 901 1120 936 3.
1174 896 1257 934 Vel
1284 896 1381 934 hinc
1405 901 1528 946 patet,
1559 892 1672 946 quod

323 973 564 1026 ceteroquin
610 973 731 1011 etiam
779 987 865 1012 non
912 972 1091 1012 monitus
1147 973 1265 1011 facile
1315 972 1527 1019 coniicias,
1583 983 1672 1010 non

324 1051 565 1089 exhaustam
599 1064 622 1087 a
652 1050 818 1088 Tibullo
851 1047 1110 1088 describendi
1141 1055 1291 1097 arte1n3
1337 1054 1433 1086 sunt
1460 1046 1672 1097 praeclara

322 1125 490 1165 artificia
527 1139 631 1177 quae
670 1138 755 1163 non
791 1124 944 1174 attigit,
987 1123 1115 1163 veluti
1150 1121 1253 1161 illud
1288 1122 1332 1159 in
1361 1121 1670 1159 narrationibus

320 1207 575 1252 usurpatum,
606 1197 679 1237 ubi
705 1198 954 1250 exspectatio
979 1204 1180 1245 movetur,
1206 1195 1472 1248 suspenditur
1495 1196 1668 1245 animus,

318 1275 538 1313 interiectis
571 1274 680 1323 aliis,
711 1272 841 1312 donce
872 1272 964 1312 finis
992 1271 1150 1311 evadat.
1208 1271 1415 1311 Nimirum
1443 1271 1551 1310 intra
1581 1285 1669 1309 cer-

317 1358 379 1389 tos
404 1350 504 1388 fines
527 1363 568 1388 se
594 1349 774 1388 continet
797 1348 1002 1387 Tibullus.
1061 1350 1227 1387 Placent
1255 1362 1396 1387 omnes
1426 1347 1668 1399 descriptio-

318 1441 389 1466 nes
418 1426 556 1466 nativa
587 1423 765 1478 quadam
795 1424 1047 1477 simplicitate
1080 1425 1352 1474 inventionis,
1384 1425 1428 1463 in
1463 1424 1667 1476 composi-

317 1505 426 1544 ti0ne
465 1516 564 1544 vero
609 1502 714 1541 nihil
762 1514 849 1540 non
892 1500 943 1540 ad
982 1503 1242 1540 distinctionem
1286 1510 1462 1540 exactam
1500 1505 1666 1554 patrium

313 1588 554 1629 revocatur,
586 1593 691 1633 quae
721 1592 797 1630 per
823 1591 964 1617 omnes
988 1579 1142 1617 formas
1171 1587 1313 1629 regnat
1343 1593 1367 1617 a
1394 1579 1513 1618 nobis
1538 1578 1663 1619 modo

315 1657 575 1708 explanatas,
620 1662 657 1693 et
697 1669 820 1692 verum
846 1653 1138 1705 fundamentum
1170 1662 1223 1692 est
1261 1654 1490 1693 D'bullianae
1525 1658 1561 1693 in
1595 1656 1663 1692 hoc:

309 1746 441 1780 genere
471 1734 574 1770 artaz.
631 1731 767 1783 Atque
798 1732 842 1769 in
873 1729 1060 1783 sequenti
1090 1731 1222 1782 capite
1255 1729 1543 1770 demonstrabo
1575 1745 1661 1769 esse

311 1808 421 1847 idem
455 1808 624 1847 omnino
661 1808 903 1846 elocutionis
937 1807 1197 1846 Tibullianae
1230 1806 1407 1845 maxime
1445 1808 1663 1859 proprium

312 1883 647 1931 fundamentum,
684 1890 721 1919 et
744 1880 881 1919 redire
907 1880 1091 1920 similiter
1115 1881 1159 1919 in
1185 1881 1443 1932 singulorum
1467 1881 1661 1921 disticho-

311 1974 403 1998 rum
436 1959 592 1998 formis.
648 1956 745 1997 Fuit
778 1957 819 1995 in
851 1958 930 1996 hoc
959 1965 1080 2009 poeta
1112 1957 1280 2007 insignis
1313 1956 1520 2007 diligentia
1553 1957 1660 2007 cogi-

311 2033 425 2074 tandi
455 2033 506 2072 ad
537 2032 725 2092 distincta
754 2034 938 2070 membra
969 2031 1106 2071 omnia
1136 2045 1357 2081 revocans,
1393 2017 1503 2079 unde
1538 2031 1659 2071 etiam

310 2109 597 2151 concinnitatis
627 2118 763 2149 ortum
794 2107 975 2148 studium
1004 2117 1085 2148 tani
1117 2109 1397 2161 conspicuum.

395 2186 469 2225 His
500 2185 696 2237 expositis
726 2184 830 2224 nihil
859 2184 924 2225 hic
955 2197 1167 2237 superesse
1197 2182 1345 2234 video,
1380 2198 1504 2237 quam
1534 2191 1580 2222 ut
1608 2182 1657 2222 de

312 2262 465 2300 servitii
491 2260 700 2312 Apollinei
729 2259 1003 2312 descriptione
1033 2261 1084 2307 II,
1110 2263 1146 2308 3,
1172 2262 1336 2298 11—28.
1367 2258 1519 2309 dicam3
1559 2273 1657 2298 nam

313 2351 402 2376 cum
451 2339 553 2375 aliae
601 2351 744 2377 omnes
793 2336 1087 2389 descriptiones
1133 2337 1238 2374 bene
1288 2337 1519 2375 elaboratae
1564 2335 1656 2384 sint,

311 2413 410 2451 haec
434 2412 619 2450 ultimam
645 2425 812 2451 manum
838 2412 939 2450 mihi
961 2424 1047 2450 non
1069 2409 1231 2450 videtur
1254 2419 1438 2463 experta.
1494 2410 1655 2461 Nempe

310 2490 441 2530 voluit
468 2496 590 2540 poeta
617 2487 853 2538 ostendere,
888 2496 934 2527 ut
959 2486 1060 2527 deus
1085 2486 1137 2527 ad
1163 2486 1303 2526 infima
1329 2486 1490 2537 negotia
1516 2495 1655 2539 pasto-

308 2565 403 2604 ritia
431 2562 685 2603 descenderit
714 2562 844 2603 missis
868 2561 1015 2602 divinis
1041 2561 1292 2610 muneribus,
1320 2569 1365 2599 ut
1389 2575 1476 2600 non
1498 2561 1653 2601 veritus

311 2643 359 2680 sit
389 2638 663 2679 horridiorem
700 2638 886 2678 habitum
920 2637 1104 2690 corporIS
1138 2644 1409 2691 ornatumque
1444 2649 1652 2676 comarum
