1721 2953
657 103 894 145 TlssULLI.
1324 119 1457 143 xxxo:

114 225 232 263 etiam
262 226 338 262 hoc
369 228 653 274 argumentum
677 231 775 258 mox
802 215 852 258 ad
874 218 1028 257 ruralia
1049 219 1316 259 revocaverit.
1375 221 1456 263 Sed

110 300 320 340 videamus
348 298 521 350 propius
550 296 722 347 singula.

219 375 346 426 Igitur
372 373 552 427 primum
582 368 793 424 quomodo
825 368 1017 409 describit
1044 383 1108 409 rus
1130 375 1169 408 et
1191 372 1348 408 rusticas
1369 384 1427 408 res
1439 372 1457 409 2³

108 452 204 492 Non
236 453 343 492 canit
371 451 635 492 amoenitates
664 447 866 499 regionis,
909 448 1105 487 arborum
1135 447 1324 496 umbras,
1360 461 1455 499 pra-

107 537 243 568 torum
275 529 453 577 colores,
491 525 672 565 fontium
701 537 913 574 susurrus,
956 537 1092 577 neque
1123 523 1292 562 omnino
1322 522 1454 574 ipsam

105 617 180 655 per
209 617 251 643 se
280 616 422 642 rerum
449 609 641 641 naturam
671 598 874 652 depingit,
912 597 982 639 sed
1011 599 1137 640 vitam
1165 597 1306 638 laudat
1333 601 1456 638 rusti-

107 693 195 718 cam
236 687 276 718 et
311 679 446 731 prima
486 686 730 718 ornamenta
769 679 876 718 vitae
917 691 963 716 ac
1002 674 1149 726 gaudia
1183 673 1320 714 debita
1352 677 1455 725 ruri,

106 763 145 795 et
173 769 268 794 cum
296 756 340 794 in
369 755 473 794 urbe
501 754 670 793 luxuria
701 754 834 792 omnis
854 751 1016 803 generis
1036 758 1192 801 regnet,
1220 751 1330 789 ruris
1353 750 1454 789 ima-

104 831 239 882 ginem
269 831 382 882 fingit
412 831 668 883 simplicitate
699 829 875 882 pulchra
905 828 1090 868 colorum
1119 827 1350 879 placentem
1378 828 1456 866 mi-

104 906 229 946 rifice.
285 906 410 957 Rure,
440 907 509 955 ait,
537 905 720 945 cultioris
751 903 858 945 vitae
888 911 927 942 et
954 901 1157 942 felicitatis
1186 902 1456 942 fundamenta

105 991 206 1022 orta.
272 983 351 1023 Hic
390 982 573 1035 primum
613 995 727 1022 casae
766 988 944 1020 structae
984 988 1024 1019 et
1054 979 1185 1019 victus
1217 978 1365 1017 melior
1392 979 1456 1016 in-

104 1069 272 1109 ventus,
313 1060 379 1100 hic
413 1068 519 1099 artes
555 1059 734 1098 musicae
764 1058 807 1096 in
839 1056 1013 1097 deorum
1040 1056 1245 1095 honorem
1274 1055 1455 1106 primum

103 1144 301 1186 tentatae,
331 1144 372 1175 et
400 1149 544 1175 earum
570 1134 679 1187 quae'
706 1133 758 1172 acl
781 1135 936 1174 cultum
965 1141 1005 1172 et
1034 1139 1226 1171 ornatum
1245 1131 1455 1183 pertinent

104 1212 393 1265 simpliciores,
439 1211 601 1252 coronis
640 1211 778 1251 vernis
820 1209 999 1248 Laribus
1039 1209 1157 1247 nexis
1198 1215 1237 1246 et
1267 1221 1319 1245 ex
1357 1208 1453 1244 lana

105 1290 245 1328 ovium
281 1287 464 1327 vestibus
504 1284 683 1324 femineo
724 1285 885 1326 labore,
908 1283 1124 1330 confectis;
1168 1281 1234 1321 hic
1275 1279 1454 1333 (lenique

105 1363 226 1403 etiam
255 1362 387 1401 Amor
414 1360 595 1413 primum
627 1367 747 1399 natus
780 1367 851 1398 est.
919 1357 1057 1410 Atque
1086 1357 1150 1397 his
1179 1358 1304 1396 rebus
1336 1357 1456 1396 abso-

102 1440 212 1477 lutus
244 1437 445 1477 felicitatis
477 1450 600 1477 verae
634 1436 834 1486 ambitus,
875 1450 898 1474 a
929 1448 1012 1488 qua
1044 1433 1235 1474 luxuriae
1265 1434 1455 1484 volupta-

102 1523 160 1553 tes
191 1514 380 1553 abessent
410 1522 451 1553 et
478 1513 579 1554 vitia
609 1521 815 1553 crescente
844 1513 951 1552 luxu
975 1511 1087 1550 illata
1111 1511 1290 1563 plurima
1319 1511 1363 1549 in
1393 1511 1455 1550 vi-

101 1599 195 1630 tam.
252 1590 366 1630 Rure
405 1603 506 1631 vero
538 1591 660 1630 etiam
689 1605 800 1631 nunc
830 1590 935 1629 nillil
967 1594 1028 1628 est
1055 1585 1288 1627 iucundius.
1347 1585 1455 1626 Vide

102 1666 280 1717 primum
310 1670 456 1716 negotia
484 1666 650 1716 rustica,
679 1666 866 1718 plantare
897 1664 1014 1713 vites,
1040 1670 1080 1701 et
1102 1663 1283 1711 arbores,
1314 1669 1454 1700 tenere

103 1738 310 1778 interdum
332 1740 543 1779 bidentem
571 1748 611 1778 et
640 1741 804 1779 stimulo
834 1739 1049 1789 increpare
1078 1738 1220 1786 boves,
1250 1737 1452 1787 inspicere

103 1828 228 1866 pecus
269 1822 308 1853 et
346 1828 490 1865 agnam
520 1814 702 1854 fetumve
733 1812 911 1864 capellae
942 1811 1100 1850 referre
1139 1809 1332 1850 domum:
1379 1824 1453 1849 nec

104 1892 240 1931 minus
271 1892 451 1932 suaviter
478 1891 624 1930 Deliae
654 1890 796 1929 sutura
826 1887 989 1938 negotia
1020 1886 1274 1935 adumbrata,
1300 1887 1333 1925 si
1364 1900 1455 1926 cum

102 1976 224 2019 poeta
255 1968 393 2010 vivere
427 1981 524 2008 rure
558 1968 766 2009 voluisset.
825 1967 965 2005 Altera
993 1977 1088 2019 pars
1118 1965 1361 2004 rusticarum
1391 1978 1455 2003 re-

103 2062 197 2088 rum
227 2049 411 2098 religiones
448 2055 488 2087 et
506 2046 612 2100 festa
639 2054 736 2088 sunt
769 2045 962 2098 agrestia,
1006 2058 1186 2098 quorum
1217 2044 1455 2097 descriptio-

106 2125 227 2164 nibus
265 2126 388 2176 plena
428 2123 569 2163 omnia
607 2125 652 2163 in
692 2123 756 2163 his
788 2123 1050 2164 carminibus.
1107 2123 1206 2161 Erat
1234 2136 1333 2162 vero
1364 2124 1455 2174 pius

106 2208 225 2251 poeta
255 2213 503 2252 magnopere
535 2199 718 2241 addictus
755 2200 972 2252 agrestium
1007 2197 1179 2239 deorum
1220 2200 1369 2247 cultui,
1411 2208 1455 2238 ut

104 2279 191 2328 ipse
219 2277 435 2330 profitetur
464 2278 495 2327 I,
530 2283 574 2317 1:

218 2357 325 2397 Nam
349 2370 529 2397 veneror
560 2370 628 2396 seu
659 2358 783 2410 stipes
813 2358 938 2397 habet
968 2356 1152 2398 desertus
1182 2358 1224 2396 in
1253 2358 1369 2409 agris,

277 2434 357 2474 Seu
391 2444 505 2474 vetus
536 2436 578 2473 in
608 2436 728 2475 trivio
758 2433 886 2473 florea
917 2443 1023 2475 serta
1052 2436 1176 2487 lapis:

222 2515 270 2554 Et
302 2515 581 2570 quodcunque
613 2517 711 2556 mihi
745 2531 911 2569 pomum
946 2530 1076 2558 novus
1109 2515 1252 2556 educat
1282 2530 1426 2563 annus,

279 2591 469 2632 Libatum
499 2595 715 2645 agricolam
746 2595 915 2647 ponitur
946 2603 1037 2634 ante
1067 2585 1203 2632 deum.
