1721 2953
477 130 622 174 LIBR.
650 130 721 170 III.
778 127 939 169 ELEG.
968 128 1042 170 lv.
1344 128 1424 167 343

83 250 263 286 somnia.
312 248 519 283 Annotatum
552 249 626 288 est,
666 254 784 279 vocem
810 245 972 289 imprImis
997 244 1039 279 de
1064 241 1256 287 irrequietis
1280 244 1421 277 somniis

82 318 207 351 dictam
240 315 366 357 videri,
403 313 510 347 veluti
534 312 688 345 Pmmus
713 309 793 352 XX,
818 320 845 344 s.
870 313 928 344 72.
969 307 1142 342 insomnia
1177 306 1290 342 levari
1329 307 1420 342 dicat

81 384 175 417 aniso
199 383 232 416 in
258 381 394 425 pulvino
418 387 602 423 suspenso,
627 380 665 410 ut
690 376 895 411 dormientes
922 377 1092 412 olfaciant.
1118 395 1165 402 —
1200 375 1287 410 Mox
1312 375 1416 418 vulgo

81 454 237 481 extrema
279 448 422 479 nocte.
484 442 573 477 Nam
608 442 739 476 somnia
773 453 890 476 versus
926 444 1028 477 finem
1059 442 1168 476 noctis
1200 441 1304 484 vulgo
1338 450 1419 475 vera

81 525 156 550 esse
190 516 324 547 veteres
357 510 575 552 statuebant,
613 520 690 544 eum
726 508 798 542 dies
836 508 986 542 instaret.
1045 509 1104 543 Sic
1137 508 1421 541 Baoucmmsws

79 578 202 612 Horat.
226 578 301 613 Sat.
325 575 352 618 Ι,
379 578 434 618 10,
460 577 516 608 33.
543 573 677 607 laudat:
714 572 830 606 vetuit
861 584 913 605 me
939 572 1007 605 tali
1033 584 1112 606 voce
1136 571 1308 617 Quirinus
1331 573 1421 605 Post

79 641 226 675 mediam
261 647 396 676 noctem
430 639 547 677 visus,
584 648 663 671 cum
686 636 821 671 somnia
848 648 952 674 vera,
990 638 1047 671 ubi
1072 638 1116 672 cf.
1140 639 1422 672 HEINDORFIUM·

78 708 167 743 Vide
192 707 292 741 etiam
317 707 425 740 Ovm.
449 705 592 739 Heroid.
618 703 714 746 XIX,
741 705 830 736 195:
858 703 1018 749 Namque
1042 702 1107 736 sub
1132 703 1324 741 Auroram,
1347 702 1420 735 iam

80 773 293 808 dormitante
316 772 473 814 lacerna,
496 770 639 805 Somnia
663 783 731 816 quo
757 768 851 802 cerni
875 775 1024 814 tempore
1047 780 1130 803 vera
1150 768 1274 803 solent.
1323 767 1421 803 Adde

79 842 270 874 DRAKENB.
295 840 338 873 ad
364 840 427 873 Sil.
452 839 528 872 Ital.
550 838 611 880 ΙΙΙ,
633 840 714 871 200.
764 837 930 870 Romanis
957 835 1040 870 haec
1065 839 1185 879 quarta
1207 845 1285 880 pars
1308 835 1420 869 noctis

80 906 163 948 suit,
189 905 332 939 Graecis
359 904 479 946 tertia,
512 902 557 937 cf.
580 903 723 936 Mosam
750 901 881 946 Europ.
908 912 938 936 v.
964 904 1066 935 2-5:
1103 898 1240 938 Νυκτός
1263 896 1319 933 ὅτε
1343 903 1419 946 τρί-

76 983 182 1003 τατον
207 967 311 1012 λάχος
337 967 496 1008 ἵσταται,
521 965 645 1011 ἐγγύθι
670 965 703 1001 δ’
728 964 795 1012 ἠώς
824 986 868 992 --
892 956 982 1000 Etim
1008 968 1064 999 καὶ
1094 964 1257 1012 ιῖῑρεκέων
1282 969 1419 1006 ποιμαί-

78 1050 172 1070 νεται
198 1036 299 1073 ἔθνος
325 1033 472 1080 ὀνείρων.
520 1034 593 1068 Sed
618 1044 685 1067 non
711 1043 796 1077 opus
830 1031 881 1065 his
907 1032 1079 1074 omnibus3
1115 1043 1194 1066 vera
1219 1033 1320 1066 lectio
1346 1042 1417 1065 mea

78 1103 198 1135 tiorum
223 1100 437 1134 hesterna
461 1103 532 1141 est,
566 1098 598 1132 h.
623 1108 654 1131 e.
680 1108 750 1130 nox
774 1097 876 1130 modo
901 1098 1154 1142 praeterlapsa,
1179 1098 1284 1132 veluti
1309 1099 1415 1132 Ovln.

77 1167 221 1202 Heroid.
246 1167 343 1209 XIX,
368 1170 424 1201 72.
476 1165 578 1202 Quod
612 1165 738 1198 bonum
764 1167 799 1197 et
822 1164 971 1206 suffi‘cit3
1006 1169 1141 1208 tempus
1167 1164 1277 1197 noctis
1303 1167 1340 1196 ut
1365 1164 1417 1196 111-

77 1233 225 1275 dicaret‚
261 1242 401 1266 necesse
430 1241 497 1264 non
522 1233 606 1264 erat.
632 1248 679 1255 —-
716 1230 756 1264 V.
781 1233 815 1262 3.
841 1231 873 1262 4.
906 1229 1002 1263 iocus
1037 1233 1076 1262 ut
1100 1231 1133 1263 in
1159 1234 1257 1262 textu
1291 1229 1418 1271 legitur

77 1303 277 1344 corruptus,
317 1299 360 1331 de
393 1309 461 1340 quo
492 1297 640 1330 sanando
675 1296 870 1340 discrepant
894 1297 1019 1330 iudicia
1044 1297 1279 1341 interpretum.
1328 1295 1415 1329 Cum

77 1368 109 1399 in
127 1365 254 1398 maiore
280 1367 377 1408 parte
402 1363 565 1396 librorum
590 1364 691 1396 vani
715 1364 860 1405 legatur,
886 1363 1038 1396 defendit
1060 1362 1124 1396 hoc
1140 1372 1249 1406 nuper
1269 1362 1417 1395 Rusca<

78 1441 158 1464 κως
184 1430 254 1472 sic,
284 1433 323 1462 ut
348 1439 424 1462 cum
450 1429 679 1461 Pissssmmo
704 1427 878 1460 vanidicos
903 1427 1108 1470 interpretes
1131 1427 1340 1460 somniorum
1366 1427 1417 1459 in⁴

77 1496 278 1540 telligendos
298 1494 531 1529 contenderet.
580 1492 732 1526 Frustra.
782 1493 879 1526 Bene
901 1495 1078 1526 monuerat
1099 1491 1290 1525 HssYNms:
1316 1491 1418 1534 „Hos

74 1563 229 1597 absolute
255 1573 365 1594 vanos
390 1559 556 1604 appellari
580 1569 646 1605 qua
671 1557 802 1591 ratione
825 1561 860 1590 et
883 1558 1042 1601 exemplo
1066 1558 1158 1591 dieas
1168 1558 1210 1592 ‘?“
1236 1558 1311 1591 Nec
1335 1568 1416 1601 pro<

78 1631 171 1664 bavit
195 1630 418 1663 Huscnxms.
466 1628 652 1660 Praeterea
676 1626 786 1657 aliena
811 1625 855 1657 ab
881 1623 944 1658 hoe
974 1625 1052 1658 loco
1077 1628 1130 1657 est
1155 1625 1273 1657 talium
1304 1623 1414 1657 homia

78 1705 156 1729 num
181 1693 332 1734 menti03
366 1691 532 1724 insomnia
557 1690 781 1734 deprecatur,
806 1690 1012 1732 interpretes
1037 1689 1242 1722 somniorum
1267 1699 1328 1722 cur
1353 1689 1417 1722 ima

78 1761 247 1800 misceret,
274 1768 376 1791 causa
401 1756 493 1789 nulla
518 1758 602 1797 erat,
627 1755 730 1787 immo
752 1754 918 1796 frangitur
941 1754 991 1787 vis
1014 1755 1090 1796 loci,
1114 1754 1171 1787 ubi
1194 1765 1255 1798 pro
1277 1755 1417 1787 somniis

75 1828 280 1869 interpretes
303 1822 510 1856 somniorum
534 1820 657 1853 abesse
681 1819 856 1853 iubentur.
914 1820 1060 1853 Accedit
1083 1820 1175 1863 quod
1199 1830 1288 1854 nunc
1312 1831 1414 1854 sensu

73 1896 190 1927 carent
223 1890 421 1933 sequentia:
460 1887 720 1930 falsumque
757 1887 957 1920 avertite
995 1887 1157 1929 visum,
1196 1898 1257 1931 pro
1291 1888 1414 1930 quibus

73 1958 163 2002 quod
190 1957 403 1990 Huscnfflus
437 1953 645 1988 substituere
671 1953 752 1986 velit
784 1963 862 1985 cum
886 1951 1240 1986 WAARDENBL‘RGw:
1269 1952 1413 1998 salsum

74 2038 114 2058 ne
139 2023 316 2057 aduertite
341 2022 473 2058 visum,
512 2022 587 2064 quis
613 2031 681 2054 non
714 2020 822 2064 primo
847 2019 1012 2063 adspectu
1036 2019 1130 2053 videt
1153 2019 1300 2053 maxime
1325 2019 1412 2052 ἰείη-

73 2101 152 2126 num
187 2093 222 2124 et
253 2089 405 2133 ineptum
431 2088 535 2121 esse?
582 2085 681 2120 Haec
713 2086 819 2129 igitur
852 2085 963 2118 omnia
999 2084 1103 2119 nihili.
1161 2084 1276 2127 Magis
1311 2085 1413 2118 etiam

73 2166 233 2201 perversa
258 2155 444 2188 CYLLENII
472 2157 507 2188 et
528 2154 660 2187 S'rmrr
686 2153 882 2198 explicatio,
908 2153 966 2196 qui
990 2152 1205 2186 simulatores
1232 2151 1414 2185 mendaces

72 2223 281 2256 somniorum
304 2221 570 2264 interpretantur
589 2230 709 2255 vanos,
734 2219 777 2253 de
802 2229 871 2262 quo
897 2219 964 2252 iam
988 2218 1138 2253 Vossms
1163 2217 1260 2251 dixit.
1311 2219 1410 2253 Quae

74 2299 151 2322 cum
185 2288 233 2320 ita
257 2287 345 2328 sint,
381 2286 462 2319 ferri
487 2286 579 2318 nullo
604 2284 705 2318 modo
737 2284 822 2316 caui
853 2287 980 2328 potest.
1030 2283 1103 2317 Iam
1128 2283 1277 2318 Vossius·
1301 2283 1412 2315 somni

73 2353 240 2393 coniecit3
277 2351 339 2385 sed
372 2361 436 2384 nee
469 2351 672 2393 intelligitur
706 2349 879 2393 quomodo
906 2348 971 2384 hoc
998 2349 1031 2382 in
1058 2349 1142 2382 vam·
1165 2349 1309 2390 abierit,
1347 2359 1411 2382 ne„

74 2427 193 2450 sensus
231 2415 267 2449 id
302 2417 457 2459 requirit.
528 2415 617 2449 Nam
657 2418 736 2459 post
772 2415 902 2448 verba:
949 2425 1029 2449 nec
1065 2415 1159 2448 sint
1192 2414 1414 2447 insomnia

75 2492 194 2523 vera,
234 2483 358 2518 Quae
392 2481 503 2514 tulit
529 2480 748 2515 hesterna
782 2481 972 2525 pessima
1006 2485 1138 2515 nocte
1163 2482 1314 2524 quies,
1357 2480 1411 2512 ubi

74 2547 244 2589 sequitur:
281 2547 349 2581 lte
386 2549 567 2590 procul,
606 2547 682 2590 quis
710 2558 836 2590 quaeso
861 2547 950 2580 serio
975 2546 1192 2581 affirmaverit
1218 2558 1255 2580 se
1281 2547 1413 2580 nescire

75 2622 173 2654 quani
202 2622 271 2646 rem
295 2613 488 2656 alloquatur
523 2615 655 2657 poeta?
706 2614 838 2650 Quodsi
862 2613 1051 2648 obscuritas
1075 2624 1143 2648 non
1168 2624 1291 2657 magna
1307 2638 1316 2655 ,
1353 2622 1415 2645 no-
