1721 2953
483 184 627 225 LIBR.
658 185 689 223 I.
749 182 906 223 ELEG.
937 184 969 223 Ι.
1348 186 1396 221 15

54 306 152 340 bonis
169 305 279 339 Vitam
290 301 427 336 Tibulli.
450 317 488 325 —
517 300 558 333 V.
575 301 631 331 20.
658 307 835 331 munera
853 298 990 331 sertis
1010 297 1155 331 illustrat
1174 296 1396 339 noscimus,

53 377 88 405 et
109 374 258 404 vestra
280 371 350 401 est:
375 365 472 399 vobis
495 364 619 397 debita·
669 363 838 405 Loquitur
856 368 969 397 autem
994 363 1036 396 de
1056 364 1301 397 ambarvalibus
1321 374 1398 397 vere

53 437 173 481 quovis
197 433 361 469 celebrari
386 432 513 474 solitis,
539 441 615 465 cum
641 429 751 463 hostia
775 434 828 463 ter
853 430 1082 464 circumducta
1109 430 1182 472 agri
1207 440 1398 473 gregesque

57 503 290 536 lustrarentur.
347 499 397 531 Ac
421 497 561 530 ditiores
585 495 743 537 vitulam,
781 495 890 528 minus
914 494 1035 529 divites
1059 505 1200 538 agnam,
1233 505 1399 538 pauperes

55 578 194 614 porcam
218 563 474 605 sacrificabant,
509 562 565 595 ubi
592 564 704 595 autem
737 560 931 594 solemniori
958 560 1058 594 modo
1084 561 1263 594 coniuncta
1286 564 1398 593 essent

55 635 138 669 haec
163 634 226 667 tria
253 642 401 675 genera,
442 629 683 664 suovetaurilia
708 628 867 661 lactentia
892 627 1111 669 dicebantur,
1151 627 1195 661 cf,
1224 627 1321 661 Voss.
1354 626 1398 660 ad

53 700 174 743 virgil.
201 699 330 740 Georg.
363 696 390 738 Ι,
418 707 449 739 p.
478 697 557 728 157.
600 693 721 735 Eclog.
748 693 776 734 Ι,
805 704 838 736 p.
863 694 918 725 18.
962 691 1174 727 Hssmnomv.
1208 691 1251 724 ad
1275 690 1395 724 Horat.

50 766 126 800 Sat.
152 765 198 806 ΙΙ,
224 766 257 805 3,
282 765 340 798 65.
388 761 621 794 Bnoucifflus.
648 758 690 791 ad
725 756 756 792 li.
783 758 805 791 Ι.
836 760 872 790 et
896 756 973 790 vide
998 757 1084 790 infra
1108 757 1396 790 introductionem

50 831 92 866 ad
109 831 154 873 ΙΙ,
169 833 200 865 1.
214 847 252 855 -
277 829 316 863 V.
331 830 388 863 22.
410 827 561 861 hostia
586 835 719 870 parva
740 828 791 858 est
810 824 937 868 optima
958 824 1072 865 lectio,
1094 833 1157 857 nec
1172 823 1286 856 obstat
1305 822 1396 865 quod

52 896 211 940 exigui
235 894 353 935 adest;
379 894 529 936 graviter
550 891 700 934 loquitur
723 895 758 923 et
778 889 958 923 cumulate.
1009 889 1147 933 Magna
1171 888 1227 930 qui
1253 887 1399 930 probant

50 965 100 998 sic
132 964 326 1005 intelligere
357 962 502 995 debent:
543 970 636 993 nunc
660 969 757 1003 agna
790 956 890 1001 apud
921 968 971 988 me
996 966 1126 1001 magna
1151 954 1270 988 hostia
1295 954 1398 986 audit

51 1042 78 1065 s.
114 1029 271 1063 maxima
304 1035 378 1066 est,
415 1039 521 1075 quam
556 1026 686 1071 afferre
717 1037 870 1070 possum.
930 1025 984 1058 Ex
1011 1025 1117 1058 altera
1142 1024 1273 1057 ratione
1298 1023 1398 1056 dicit:

54 1098 157 1130 Nunc
186 1109 252 1142 pro
277 1098 404 1141 exiguo
427 1106 514 1140 agro
537 1104 653 1138 parva
679 1091 798 1125 hostia
822 1089 998 1134 affertur,
1032 1100 1148 1135 agna,
1185 1088 1275 1132 quod
1301 1088 1399 1121 flebi-

51 1165 184 1197 lius.—
209 1165 308 1197 v.23.
326 1164 384 1195 24.
410 1162 530 1204 Agna
555 1159 689 1193 cadet
714 1157 863 1199 vobis,
888 1156 1029 1190 vividius
1052 1159 1213 1199 surgente
1232 1156 1397 1197 oratione,

51 1230 153 1272 idque
180 1229 326 1272 optime,
363 1237 440 1260 cum
464 1228 648 1268 sequantur
675 1224 797 1257 verba:
837 1224 874 1256 io
899 1232 1068 1256 messes
1095 1226 1138 1256 et
1162 1223 1274 1255 bona
1299 1223 1399 1256 vina

52 1296 166 1329 date.
216 1296 275 1328 Sic
300 1292 440 1338 pulchre
463 1303 506 1326 ex
532 1292 700 1325 flebilibus
722 1290 831 1324 modis
856 1290 900 1323 ad
925 1290 1067 1323 laetiora
1090 1289 1187 1322 redit.
1237 1290 1399 1323 Ceterum

51 1361 257 1395 antecedens
284 1360 422 1392 fertis
455 1369 486 1393 v.
511 1361 569 1392 20.
602 1368 669 1391 non
694 1362 765 1391 est:
802 1357 938 1398 seretis,
972 1360 1010 1388 ut
1035 1355 1170 1398 quidam
1195 1356 1398 1399 intelligunt,

49 1425 129 1459 sed:
148 1425 250 1471 ferre
273 1423 392 1456 soletis
402 1436 414 1462 ,-
440 1434 528 1457 nunc
549 1427 663 1456 autem
681 1426 856 1456 crescente
875 1421 1050 1454 alacritate
1071 1422 1232 1454 orationis
1250 1421 1398 1455 futurum

50 1492 165 1526 inferri
183 1491 340 1524 debuisse
359 1489 463 1523 vides.
481 1506 525 1515 —
551 1488 726 1522 rustica
751 1487 911 1531 pubeS,
936 1496 1037 1528 quam
1062 1486 1095 1519 in
1120 1486 1260 1530 praedio
1286 1486 1398 1522 habet.

144 1560 186 1594 V.
211 1561 336 1592 25-28.
384 1556 526 1591 Redit
549 1555 766 1600 primaria
790 1553 1038 1587 sententia.

145 1624 325 1657 Transitus
350 1622 403 1655 liic
429 1627 500 1655 est:
526 1622 660 1655 dixerat
680 1621 722 1654 de
747 1620 903 1654 Laribus.
952 1619 1058 1653 Lares
1083 1623 1195 1653 autem
1219 1620 1274 1662 qui
1301 1621 1398 1662 cogi-

50 1694 117 1731 tat,
155 1690 255 1722 simul
290 1688 566 1730 tranquillitatem
600 1687 691 1720 vitae
729 1685 820 1718 domi
844 1691 880 1717 et
905 1685 942 1718 in
972 1684 1095 1729 patria
1128 1689 1224 1718 actae
1258 1686 1397 1728 cogitat,

52 1757 111 1790 ubi
137 1758 170 1790 in
197 1757 334 1800 proprio
360 1756 434 1788 solo
460 1754 585 1795 degas,
611 1763 674 1785 nec
699 1752 782 1785 foris
802 1762 877 1784 cum
903 1751 983 1783 belli
1008 1750 1179 1784 laboribus
1204 1754 1238 1784 et
1263 1752 1398 1794 pericu-

51 1823 91 1855 lis
112 1822 261 1855 lucteris.
312 1822 429 1856 Quare
454 1818 611 1851 facillime
637 1821 671 1849 et
695 1816 891 1849 suavissime
916 1819 1018 1859 poeta
1049 1815 1091 1848 ab
1120 1815 1398 1848 antecedentibus

52 1888 95 1922 ad
121 1887 297 1931 sequentia
323 1886 468 1919 ducitur.
524 1886 603 1916 Iam
628 1882 718 1917 enim
743 1881 892 1928 contigit
917 1881 1012 1918 milii,
1037 1882 1085 1914 ait
1106 1881 1226 1922 laetus,
1252 1886 1293 1912 ut
1313 1892 1399 1924 pos-

51 1955 116 1988 sim
143 1954 232 1987 domi
257 1958 443 1986 contentus
472 1951 587 1984 vivere
608 1958 742 1994 parvo,
767 1961 827 1982 nec
850 1960 981 1993 semper
1006 1948 1131 1993 longae
1156 1947 1233 1981 viae
1258 1947 1398 1980 deditus

54 2032 126 2053 esse
152 2025 215 2053 etc.
266 2019 335 2051 Hic
360 2019 389 2051 si
415 2028 513 2050 verus
538 2027 646 2049 nexus
673 2020 736 2057 est,
761 2020 798 2048 ut
823 2015 955 2048 videtur
980 2025 1068 2055 esse,
1093 2024 1158 2047 non
1186 2014 1396 2057 probaverim

53 2088 276 2120 Lmnmmm
303 2085 367 2117 mei
394 2084 640 2117 coniecturam:
675 2084 753 2114 Iam
780 2081 878 2114 modo
901 2081 932 2114 si
954 2093 1116 2125 possum,
1144 2082 1240 2124 quasi
1266 2081 1398 2114 dubitet

53 2165 95 2187 an
122 2155 226 2197 possit
254 2156 433 2186 contentus
460 2152 573 2185 vivere
610 2161 735 2195 parvo,
768 2161 835 2193 quo
867 2150 1033 2192 frangitur
1066 2148 1206 2193 pulchra
1240 2149 1288 2182 vis
1323 2150 1399 2182 loci.

56 2219 130 2252 Nec
156 2219 269 2262 placet
295 2219 373 2249 Iam
396 2216 492 2252 volo,
518 2217 588 2248 iam
611 2228 772 2260 possum,
801 2215 861 2250 sed
887 2217 984 2249 unice
1005 2227 1148 2259 possum
1175 2214 1227 2248 hic
1254 2226 1273 2248 a
1298 2221 1398 2259 poeta

55 2286 218 2328 scriptum
243 2294 377 2324 censeo,
403 2284 460 2325 qui
486 2283 632 2316 laetatur
656 2293 692 2315 se
718 2293 829 2326 posse,
854 2282 918 2314 sibi
945 2281 1130 2323 contigisse
1156 2281 1310 2324 propitiis
1335 2281 1399 2314 diis

54 2356 92 2384 ut
126 2354 321 2384 contentum
357 2349 447 2381 domi
481 2349 594 2381 vivere
630 2348 740 2380 liceat.
790 2347 902 2380 'Multo
936 2347 1044 2379 minus
1077 2347 1155 2377 Iam
1188 2345 1284 2382 volo,
1318 2357 1400 2378 nam.

52 2429 193 2461 possum
219 2417 378 2450 Tibullus
413 2415 508 2448 dixit.
565 2415 718 2448 Ieiunum
746 2415 848 2448 etiam
882 2418 916 2447 et
949 2414 1084 2446 minime
1115 2422 1230 2446 verum
1264 2411 1400 2455 Quippe

55 2495 117 2527 ego
142 2482 213 2514 iam
234 2494 398 2525 possum,
441 2485 500 2514 aut
530 2483 680 2512 Possum
706 2479 831 2526 quippe
864 2491 926 2523 ego
959 2479 1047 2514 iam,
1087 2478 1130 2511 ab
1154 2477 1400 2519 antiquioribus

55 2548 291 2581 coniectatuni.
341 2548 508 2591 Displicet
533 2557 637 2590 porro
663 2548 740 2577 Ιαηι
765 2544 884 2580 modo,
920 2545 991 2577 iam
1010 2556 1174 2588 possum,
1208 2543 1299 2586 quod
1325 2553 1398 2575 cum

55 2612 188 2644 Grss'ro
214 2613 363 2646 Vossrus
389 2613 480 2654 vult,
519 2612 575 2645 ubi
600 2611 731 2645 nescias
755 2610 835 2653 quid
870 2611 913 2644 sit
947 2610 1068 2652 modo,
1104 2614 1262 2643 monente
1298 2608 1395 2641 ellan·

54 2677 264 2718 Huscnmo,
298 2679 355 2721 qui
381 2682 494 2712 tamen
520 2677 609 2721 quod
635 2680 761 2710 tentat:
802 2678 878 2709 Iam
904 2688 1067 2720 possum,
1102 2676 1199 2709 modo
1225 2687 1290 2707 mm
1319 2685 1399 2704 ww
