1721 2953
533 140 675 181 LIBR.
709 139 760 179 11.
819 138 978 179 ELEG.
1015 139 1045 179 Ι.
1385 141 1464 175 219

126 259 218 305 garis
242 259 305 294 suit
329 257 444 304 opinio
468 260 623 290 veterum
660 265 679 288 e
704 252 825 286 florum
852 262 955 286 succo
987 262 1098 288 ceram
1131 250 1226 293 fieri,
1261 250 1328 284 mel
1353 252 1466 283 autern

126 339 237 362 rorem
270 335 346 360 esse
379 324 473 358 eaelo
501 322 699 365 delapsum,
733 330 834 363 quem
870 319 1034 361 colligant
1058 328 1140 363 apes
1172 327 1192 351 e
1230 316 1320 350 foliis
1344 316 1464 348 florum

127 396 370 437 arborumque,
403 390 445 425 cf.
481 391 655 424 Amsrow.
691 388 783 422 Hist.
808 386 919 421 Anim.
944 388 986 428 V,
1017 389 1076 421 22.
1117 385 1224 419 CssLs.
1249 395 1304 428 ap.
1331 382 1465 416 Colum.

126 462 187 503 IX,
214 462 269 494 14.
312 460 421 492 Ptm.
451 457 514 498 XI,
547 458 601 489 12.
649 455 751 490 Voss.
784 454 827 487 ad
861 454 959 496 Virg-
994 455 1124 496 Georg.
1149 452 1210 494 lv,
1235 463 1268 495 p.
1294 452 1364 484 730
1391 459 1466 491 sqq.

125 525 258 562 Quodsi
288 523 353 557 hoc
386 524 461 556 loco
493 523 594 556 flores
624 531 676 566 pr.
702 531 806 554 succo
839 530 858 552 e
884 519 1023 553 floribus
1047 520 1151 553 ducto
1176 517 1323 562 accipis,
1357 516 1464 549 veluti

126 601 194 625 vox
219 594 403 634 usurpatur
428 589 540 623 Vme.
567 588 699 628 Georg.
724 585 786 627 IV,
808 586 866 618 39.
894 589 929 617 et
955 595 1066 617 ceram
1091 583 1253 626 intelligis
1277 592 1355 615 cum
1380 581 1472 615 Vos„

126 668 201 701 ⁵10,
232 657 366 692 exsistit
389 656 473 690 haec
498 653 711 688 incommoda
743 653 936 686 sententia:
976 653 1059 696 Apis
1095 662 1209 685 ceram
1243 650 1398 693 colligit,
1435 651 1473 682 ut

125 726 225 761 melle
261 726 356 759 favos
390 723 568 768 compleat.
625 721 734 755 Immo
769 719 903 753 nonnisi
942 718 985 752 de
1021 719 1123 752 melle
1161 718 1309 752 collecto
1345 724 1473 756 sermO,

127 796 230 836 poeta
254 791 297 825 de
322 801 401 825 cera
425 791 525 834 plane
549 792 697 830 tacente,
729 791 769 821 ut
794 796 856 832 par
880 790 967 828 erat,
995 790 1030 820 et
1054 784 1137 818 illud
1162 785 1272 818 solum
1297 783 1472 826 cogitante

127 856 219 900 quod
253 858 448 891 maximum.
498 856 548 889 Ac
575 855 689 900 flores
723 854 882 888 videntur
917 864 994 888 esse
1031 852 1219 897 particulae
1256 851 1376 884 florum
1409 848 1473 882 de—

126 926 285 967 cerptae,
310 922 416 955 veluti
440 921 636 955 memus
662 919 744 953 dicit
772 920 903 962 Georg.
928 918 989 960 lv,
1015 920 1078 952 54:
1108 926 1375 962 purpureosque
1400 925 1471 947 me-

126 995 212 1022 tant
238 989 369 1033 flores,
405 991 440 1021 et
465 987 691 1020 Conunrsnmr
716 986 759 1021 de
785 987 841 1020 Re
873 986 977 1019 Rust.
1000 984 1062 1026 IX,
1089 985 1153 1016 14:
1189 981 1329 1014 idoneos
1354 978 1473 1012 decer-

121 1059 217 1098 punt
232 1054 345 1098 flores
362 1058 471 1098 atque
494 1051 593 1085 intra
614 1057 712 1084 tecla
735 1055 968 1095 comportant.
1017 1049 1091 1083 Has
1116 1058 1205 1082 nunc
1229 1047 1355 1090 ingeril:
1377 1046 1475 1079 alveo

126 1119 200 1163 apis
224 1122 262 1152 ut
286 1119 353 1152 mel
378 1119 554 1160 abstergat
579 1128 599 1150 e
624 1116 721 1149 caelo
746 1115 938 1159 delapsum,
963 1114 1027 1148 nisi
1051 1114 1146 1147 dicas
1165 1122 1304 1147 succum
1329 1108 1474 1150 extrahi,

129 1188 164 1218 et
197 1182 284 1216 huuc
308 1194 370 1227 pro
402 1183 503 1216 melle
535 1181 687 1214 habitum
713 1191 734 1213 a
767 1180 908 1213 Tibullo
943 1182 1063 1213 contra
1095 1188 1307 1212 communem
1341 1176 1477 1220 opinio-

128 1260 216 1284 nem.
265 1251 379 1293 Atque
414 1248 498 1282 haec
532 1247 706 1282 hactenus.
730 1266 778 1272 —
824 1246 896 1280 Sed
932 1246 1093 1290 perlectis
1125 1245 1268 1287 singulis
1303 1246 1477 1287 postremo

128 1319 231 1351 etiam
265 1316 416 1349 ordinem
454 1315 613 1356 attende,
655 1324 756 1356 quem
788 1317 892 1357 poeta
925 1312 959 1346 in
994 1311 1057 1345 hac
1082 1310 1312 1354 descriptione
1336 1310 1474 1341 secutus

127 1386 190 1416 est.
240 1381 327 1414 Cum
351 1384 429 1413 ante
454 1379 517 1412 feri
541 1379 650 1412 victus
676 1378 839 1419 fuissent,
875 1375 908 1410 h.
935 1386 966 1409 e.
993 1386 1070 1409 cum
1093 1378 1173 1408 ante
1199 1373 1350 1407 homines
1376 1373 1474 1415 glan-

128 1448 208 1491 ch,
247 1447 389 1490 arbuta,
425 1457 530 1481 corna
565 1445 794 1479 comedissent
827 1447 862 1478 et
893 1442 1015 1477 herbas
1046 1442 1156 1484 feras,
1195 1441 1360 1475 bibissent
1392 1447 1475 1471 vero

127 1524 267 1558 aquam,
299 1513 456 1547 Tibullus
481 1511 532 1545 his
557 1512 704 1556 primum
729 1511 873 1555 opponit
897 1511 1027 1543 consita
1051 1519 1154 1554 poma
1179 1511 1214 1541 et
1239 1508 1332 1541 olera
1356 1504 1474 1539 horto-

127 1584 202 1613 r'um
229 1583 263 1613 et
287 1579 382 1620 vina,
416 1582 489 1611 tum
514 1577 737 1620 exquisitiora
769 1577 923 1610 ciborum
949 1586 1078 1618 genera
1102 1576 1364 1614 commemorat,
1402 1570 1475 1604 fru-

127 1651 278 1681 mentum
312 1649 347 1678 et
381 1644 469 1686 mel,
505 1643 604 1676 simul
635 1642 783 1675 suaviter
809 1643 910 1674 etiam
938 1641 1017 1673 anni
1039 1644 1195 1684 tempora
1220 1640 1313 1672 varia
1343 1636 1474 1679 signifi-

129 1722 233 1753 cans;
269 1721 346 1743 nam
383 1719 459 1742 cum
493 1708 661 1741 vindemia
694 1710 877 1740 auctumno
908 1707 989 1748 fiat,
1025 1706 1148 1739 deinde
1181 1714 1327 1739 messem
1360 1702 1477 1736 laudat

129 1781 226 1812 aestu
250 1777 332 1811 solis
357 1779 392 1809 et
415 1775 621 1808 mellificium
646 1783 798 1807 vernum.
824 1791 870 1796 —
905 1772 949 1806 V.
971 1774 1113 1805 51-66.
1163 1771 1212 1804 In
1241 1768 1376 1803 laude
1408 1778 1478 1802 ru—

129 1844 194 1877 ris
226 1844 398 1876 tractat
430 1850 544 1874 nunc
576 1838 824 1872 secundam
857 1848 1006 1871 rerum
1043 1840 1236 1881 partem,
1275 1845 1389 1878 quae
1427 1834 1479 1868 de

130 1895 305 1942 artibus
339 1911 420 1941 est.
469 1906 586 1948 Rure,
622 1906 690 1948 ait,
730 1910 823 1939 artes
848 1905 998 1938 musicae
1027 1904 1186 1937 inventae
1211 1913 1275 1936 nec
1299 1912 1366 1935 non
1391 1902 1476 1935 sim-

130 1975 292 2019 pliciores
317 1983 446 2014 earum,
472 1982 560 2015 qnae
587 1971 630 2004 ad
656 1971 810 2015 corporis
835 1972 962 2003 cultum
987 1973 1022 2003 et
1047 1973 1202 2003 ornatum
1227 1968 1407 2012 pertinent.
1427 1983 1474 1990 —-

128 2042 171 2074 V.
198 2043 240 2073 51
268 2050 342 2082 sqq.
391 2038 628 2081 Agricola,
663 2037 731 2078 ait,
764 2040 846 2080 post
868 2036 1039 2078 laborem,
1065 2039 1143 2080 post
1167 2045 1310 2069 coenam
1334 2033 1378 2068 ad
1402 2044 1477 2068 11111Ν

128 2108 219 2141 sicos
244 2107 337 2140 lusus
361 2114 568 2147 conversus,
604 2103 663 2138 has
695 2108 785 2137 artes
819 2103 967 2145 invenit3
1002 2103 1138 2147 peperit
1163 2112 1221 2135 eas
1245 2101 1393 2136 studium
1418 2111 1475 2133 re·—

129 2173 310 2206 creationis
345 2182 388 2205 ex
420 2182 526 2216 opere
559 2176 595 2205 et
618 2170 769 2205 hilaritas
803 2172 910 2205 saturi
943 2172 979 2204 in
1012 2170 1104 2203 victu
1137 2169 1290 2203 meliore.
1339 2167 1476 2203 Verba:

129 2237 317 2272 assiduo
354 2238 550 2270 satiatus
587 2241 742 2270 aratro
779 2237 807 2270 si
845 2237 888 2270 de
923 2236 1037 2270 taedio
1071 2236 1248 2269 molestiae
1278 2234 1474 2277 accipimus,

131 2303 234 2336 veluti
269 2302 483 2336 Huscmuus
510 2304 623 2340 Cicer.
649 2315 701 2348 pr.
735 2305 831 2338 Sulla
866 2315 896 2338 c.
926 2306 984 2337 32.
1017 2302 1153 2337 laudat:
1190 2307 1226 2335 te
1259 2300 1373 2346 ipsam
1405 2299 1477 2331 iam

134 2369 313 2413 Torquate
336 2367 514 2411 expletum
539 2380 612 2401 esse
637 2368 746 2401 liuius
773 2367 923 2401 miseriis
943 2379 1015 2413 par
1045 2373 1146 2405 erat,
1181 2368 1230 2401 sic
1256 2367 1383 2410 igItur‚
1422 2367 1475 2398 in-

132 2445 253 2477 quam,
291 2435 454 2469 dissimile
492 2440 544 2470 est
576 2447 722 2480 sequens
757 2442 883 2473 satur,
922 2435 1014 2480 quod
1039 2439 1151 2469 tamen
1175 2439 1379 2478 cognatum,
1415 2444 1478 2467 nec

134 2500 245 2543 placet
268 2501 303 2534 in
328 2501 429 2535 laude
455 2502 542 2535 ruris
564 2502 608 2535 de
628 2501 785 2535 molestia
809 2501 936 2535 laboris
961 2502 1078 2535 rustici
1103 2501 1188 2543 dici3
1215 2501 1326 2545 potius
1343 2503 1477 2542 gratum

135 2570 185 2600 est
212 2567 344 2601 rusticis
369 2572 538 2610 aratrum,
572 2573 610 2603 ut
636 2570 723 2604 bene
753 2569 911 2603 observat
935 2569 1256 2603 thnssnmcfflns
1283 2574 1481 2609 comparans

136 2632 244 2666 vinc.
272 2632 355 2668 Aen.
381 2634 458 2677 vu,
484 2637 574 2670 635:
611 2635 679 2668 Ιιιιε
714 2633 821 2668 omnis
857 2633 974 2668 aratri
1002 2633 1103 2667 cessit
1138 2644 1245 2665 amor.
1296 2631 1409 2667 Quare
1437 2630 1481 2661 ita
