1721 2953
453 123 702 170 TIBULLI
751 122 861 168 LIB.
893 122 923 168 l.
954 132 988 169 8.
1327 123 1386 168 31

100 253 180 301 Vel
212 269 310 299 cum
347 248 588 315 promittit,
632 246 781 294 subito
819 247 899 295 sed
935 245 1108 312 perfida
1146 244 1282 302 fallit,

163 339 242 385 Est
278 335 387 384 mihi
424 354 511 383 nox
544 332 695 381 multis
731 332 983 397 evigilanda
1018 331 1159 380 malis.

44 438 89 471 65
104 427 219 472 Dum
254 421 365 468 mihi
396 432 627 468 venturam
664 418 801 483 fingo,
838 419 1141 485 quodcunque
1180 428 1394 474 movetur,

163 508 288 555 Illius
323 506 457 555 credo
495 518 600 553 tunc
640 505 845 553 sonuisse
881 505 1067 570 pedem.’

103 597 302 644 Desistas
337 595 594 652 lacrimare,
639 612 776 660 puer:
828 613 918 641 non
958 593 1181 656 frangitur
1213 591 1312 648 illa,

164 683 220 729 Et
255 694 330 729 tua
366 681 455 728 iam
489 680 595 728 fletu
632 679 801 727 lumina
838 679 954 725 sessa
990 689 1173 725 tument.

98 768 333 826 Oderunt,
382 766 578 825 Pholoe,
623 785 810 823 mone0‚
857 764 1038 812 fastidia
1071 763 1189 819 divi,

44 863 91 897 70
165 855 258 902 Nec
294 853 479 919 prodest
511 852 677 901 sanctis
713 864 813 900 tura
851 851 1028 899 dedisse
1064 849 1190 896 focis.

102 940 186 988 Hic
223 940 460 988 Marathus
497 939 728 1006 quondam
759 938 946 986 miseros
981 935 1166 983 ludebat
1187 945 1399 990 amantes,

160 1027 348 1074 Nescius
382 1026 570 1074 ultorem
607 1038 710 1092 post
744 1037 880 1091 caput
915 1043 1009 1072 esse
1048 1023 1205 1070 deum:

100 1112 244 1178 Saepe
284 1113 413 1159 etiam
444 1112 640 1162 lacrimis
678 1112 822 1159 fertur
856 1111 1007 1158 risisse
1045 1109 1237 1156 dolentis

167 1199 224 1245 Et
261 1199 477 1264 cupidum
513 1198 615 1245 ficta
658 1197 903 1245 detinuisse
937 1215 1086 1243 mora:

46 1286 234 1332 75Nunc
269 1285 414 1331 omnis
449 1284 544 1331 odit
579 1284 745 1341 fastus,
784 1302 906 1329 nunc
943 1280 1151 1346 displicet
1184 1279 1247 1326 illi

171 1371 482 1435 Quaecunque
518 1370 726 1435 opposita
757 1380 822 1415 est
853 1369 989 1414 ianua
1026 1366 1139 1412 dura
1176 1384 1283 1412 sera⁴

100 1455 160 1502 At
195 1468 235 1502 te
267 1475 412 1521 poena
450 1467 623 1522 manet?
665 1455 712 1502 ni
750 1454 918 1501 desinis
953 1471 1048 1500 esse
1080 1452 1287 1516 superba.

170 1541 318 1604 Quam
353 1542 506 1607 cupies
543 1542 654 1589 votis
691 1542 811 1589 hunc
846 1557 1056 1588 revocare
1091 1538 1232 1585 diem!

144 1753 183 1785 V.
196 1754 251 1785 64.
278 1753 386 1785 modis
406 1754 509 1786 Imm
527 1757 561 1786 et
575 1754 699 1785 Annus
718 1753 817 1793 maie,
840 1752 965 1784 frustra
981 1749 1185 1783 defendente
1196 1748 1401 1782 Huscmuo.

144 1838 258 1870 1166,
299 1836 455 1880 pedem
494 1841 599 1870 recte.
662 1838 729 1870 Alii
765 1836 839 1869 libri
876 1837 963 1869 male
992 1834 1108 1879 pedes.
1173 1833 1260 1868 Nam
1296 1843 1399 1876 supra

48 1904 73 1944 l,
96 1906 129 1944 6,
150 1905 208 1938 62.
233 1902 405 1947 strepitus
429 1902 557 1947 pedum
582 1903 648 1936 alia
673 1913 738 1935 res.
789 1902 930 1934 Adiecta
950 1912 1018 1934 vox
1043 1900 1216 1944 strepitus
1241 1899 1341 1940 facit,
1361 1903 1399 1931 ut

46 1969 147 2002 ambo
187 1968 292 2013 pedes
333 1968 503 2011 cogitandi
543 1970 611 2001 sint
647 1972 807 2001 concreta
843 1967 991 2000 notione.
1069 1966 1114 1999 At
1151 1965 1184 1998 in
1224 1965 1395 1998 locutione

47 2040 183 2076 „sonat
213 2046 275 2078 pes
287 2033 306 2048 ''
341 2038 400 2067 aut
428 2033 577 2077 „pedem
607 2045 736 2077 ponere
771 2031 869 2065 nullo
894 2031 1007 2065 son0'⁷
1040 2031 1067 2073 I,
1090 2034 1125 2072 2,
1149 2033 1207 2065 20.
1233 2030 1404 2063 abstracta

48 2100 142 2132 notio
181 2099 334 2140 obtinet,
382 2099 655 2142 quandoquidem
693 2109 760 2132 non
796 2098 839 2131 de
876 2108 1017 2132 numero
1051 2097 1186 2140 agitur,
1236 2106 1322 2128 unus
1361 2095 1405 2128 sit

48 2175 89 2197 an
130 2165 264 2207 plures,
313 2164 374 2197 sed
410 2165 492 2198 illud
527 2165 637 2198 solum
670 2167 866 2208 spectatur,
913 2163 1037 2207 pedem
1076 2172 1164 2196 esse.
1226 2160 1326 2194 Conf.
1360 2159 1401 2193 ad

50 2230 82 2270 1,
114 2233 156 2271 3,
184 2232 238 2262 47.

144 2313 259 2347 5273.
291 2313 517 2354 lacrimis,
545 2314 765 2355 exquisitiore
800 2312 1073 2351 constructione,
1106 2319 1310 2353 quamquam
1344 2308 1402 2341 Ia—

51 2377 198 2420 crimas,
248 2378 337 2421 quod
376 2379 407 2410 in
444 2379 537 2419 aliis,
577 2378 720 2411 sortasse
758 2377 965 2421 simplicitati
996 2376 1155 2409 dictionis
1189 2375 1404 2408 Tibullianae

50 2445 158 2487 magis
192 2444 359 2478 convenit.

146 2527 186 2561 V.
203 2531 257 2560 76.
285 2529 496 2571 opposita
522 2532 605 2568 est,
632 2527 727 2561 bene.
781 2527 893 2570 Vuigo
918 2524 1083 2571 apposila
1110 2536 1153 2559 ex
1180 2525 1265 2560 libro
1286 2526 1404 2559 Spon-

52 2603 138 2626 ⁷ru1÷
165 2604 183 2625 a
213 2593 450 2626 Bnouxflvsio
486 2598 671 2637 receptum.
