1721 2953
261 147 344 186 444
568 143 940 188 COMMENTAR.
969 147 1030 188 IN
1060 147 1290 190 'I'IBULLI

259 268 408 293 amore
443 260 592 293 uritur
625 270 735 303 prae
767 261 893 305 aliis,
931 266 974 296 et
1007 272 1131 305 quem
1164 263 1303 296 simili
1340 263 1443 306 igne
1477 263 1601 307 cupit

261 324 498 360 incensum.

355 394 395 427 V.
426 395 441 425 1
469 403 522 436 sq.
570 392 640 427 hic
673 393 779 428 mibi
811 400 998 430 sanctus
1033 401 1098 430 etc.
1148 397 1358 432 Discriminis
1393 408 1496 430 causa
1520 408 1602 430 con-

258 459 346 491 ferre
373 459 463 491 iuvat
486 460 596 492 Vme-
619 461 703 495 Aen.
726 461 769 502 V,
794 463 849 494 49.
876 463 933 496 ubi
961 463 1129 496 contraria
1154 473 1228 504 τες,
1262 463 1388 497 funeris
1414 464 1507 505 dies,
1541 464 1603 496 de—

257 527 426 567 signatum
466 527 611 572 Iamque
639 527 732 564 dies,
764 528 802 560 ni
819 528 959 573 fallor,
994 529 1093 561 adest
1149 541 1248 574 quem
1272 541 1404 573 semper
1429 528 1601 570 acerbum,

1106 556 1114 571 ἱ

255 594 394 636 Senqoer
419 593 649 630 honoratum,
675 594 726 626 sic
753 595 790 627 cli
814 595 996 637 voluistiS,
1021 594 1163 627 habebo.
1191 614 1234 620 ——-
1260 596 1303 630 V.
1328 599 1349 628 3
1374 607 1447 638 sqq.
1496 596 1601 629 Par-

256 670 331 692 cae
357 659 592 703 cecinere,
618 660 660 694 cf.
687 662 729 695 ad
754 662 780 704 Ι,
805 666 838 705 7,
866 666 898 697 1.
921 682 968 688 -
1002 673 1142 705 regna
1175 663 1390 706 superba,
1425 663 1600 705 imperium

255 732 386 771 potens,
410 729 458 761 sic
477 730 502 770 Ι,
519 731 552 770 9,
571 732 630 764 80.
668 732 712 763 At
732 730 956 764 dederuut
980 741 1048 763 non
1070 731 1178 763 solum
1203 735 1274 764 esti
1294 731 1493 763 vaticinatae
1513 734 1602 771 sunt,

253 794 314 826 sed
340 795 548 832 tribuerunt,
586 801 704 829 nentes
729 799 891 840 stamina,
928 798 1076 832 futuram
1101 808 1184 831 rem.
1233 797 1298 830 Est
1323 807 1426 840 saepe
1452 796 1494 830 de
1520 796 1602 838 fato,

253 861 390 903 Parcis,
427 861 511 904 diis,
547 866 586 896 ut
610 863 752 897 Horum.
782 865 807 907 l,
840 867 894 907 11,
919 867 953 900 2.
991 875 1042 909 pr.
1069 865 1266 898 decernere.
1293 882 1337 888 -
1375 863 1427 896 de
1459 863 1600 905 nobis,

254 926 297 959 de
322 931 439 960 nostro
464 927 560 970 igne,
587 934 625 961 ut
651 929 788 963 dimidia
813 941 890 973 pars
915 932 960 964 sit
984 932 1017 964 in
1044 934 1202 973 utroque.
1251 929 1512 972 Praepositione
1538 928 1600 962 hac

251 996 384 1035 partem
408 993 612 1036 significari,
638 999 791 1037 constat,
818 995 883 1028 vid.
910 995 937 1037 I,
965 998 997 1037 1,
1019 998 1076 1030 34.
1095 1014 1138 1019 —
1165 1005 1243 1039 per
1270 999 1333 1036 te,
1358 995 1402 1028 cs.
1427 995 1471 1028 de
1493 996 1602 1027 collo-

252 1059 387 1091 catione
413 1058 509 1100 adl,
536 1063 570 1102 5,
594 1063 626 1093 7.
651 1080 697 1085 -
723 1061 900 1104 Perque
924 1065 1027 1094 tuos
1053 1061 1231 1101 oculos,
1258 1060 1301 1094 cf.
1328 1060 1372 1092 ad
1396 1060 1457 1101 ΙΙΙ,
1484 1063 1516 1101 6,
1542 1062 1601 1095 47.

347 1124 390 1157 V.
417 1126 534 1158 9-18.
594 1125 788 1159 Medium
824 1135 1010 1159 carmen.
1069 1125 1293 1158 Precatur
1328 1125 1519 1158 Genium
1558 1129 1600 1158 et

254 1189 473 1223 Venerem
499 1192 671 1234 puella,
702 1195 747 1224 ut
773 1190 1029 1224 secundent
1055 1195 1160 1224 vota
1184 1201 1274 1225 sua.

345 1257 389 1290 V.
414 1259 435 1289 9
460 1268 534 1300 sqq.
584 1258 712 1291 Mane
746 1258 871 1291 Geni.
920 1257 985 1292 Est
1009 1267 1077 1291 vox
1103 1269 1249 1294 manus,
1283 1261 1441 1299 sanctus,
1475 1257 1598 1299 bonus,

252 1332 372 1355 cascae
397 1323 630 1365 antiquitatis,
665 1324 776 1356 aliena
804 1323 846 1356 ab
873 1324 1044 1366 elegantia
1070 1321 1167 1356 huius
1193 1323 1359 1357 carminis.
1409 1323 1601 1356 Revocavit

253 1399 327 1421 eam
353 1394 465 1422 tamen
492 1390 746 1423 LAchANNus
777 1392 810 1423 in
836 1394 991 1431 textum,
1026 1400 1103 1422 cum
1138 1390 1250 1422 variae
1275 1389 1407 1432 possint
1432 1389 1600 1421 emenda-

253 1455 364 1488 tiones
398 1457 533 1489 tentari.
583 1456 820 1490 Coniectatum
854 1467 936 1490 vero
969 1455 1073 1489 Alme
1108 1459 1160 1488 est
1192 1459 1228 1488 et
1261 1457 1415 1500 ῙΙΙαὲηε,
1454 1465 1599 1497 quorum

253 1522 337 1556 illud
364 1522 514 1556 Hanno
539 1523 716 1566 placebat,
745 1524 1007 1556 Baoucxuusm
1035 1522 1120 1565 boc,
1155 1533 1232 1556 cum
1259 1523 1390 1555 Genius
1415 1523 1514 1555 titulo
1539 1533 1598 1555 so-

252 1591 355 1624 lemni
387 1601 427 1623 ac
454 1591 592 1634 proprio
619 1591 703 1623 deus
728 1601 871 1632 magnus
896 1590 1089 1630 diceretur,
1123 1593 1161 1621 ut
1186 1589 1220 1621 in
1247 1588 1380 1632 Lapide
1406 1590 1599 1622 Puteolano

251 1666 304 1698 ap.
331 1656 452 1688 GRUT.
479 1667 510 1698 p.
533 1655 606 1695 CX,
631 1659 730 1688 7.--
764 1665 871 1699 cape
896 1658 996 1687 tura
1022 1654 1169 1687 libens
1194 1655 1406 1697 votisque
1431 1654 1599 1689 faveto.

251 1719 372 1752 Stabat
398 1720 529 1752 Genius
553 1720 585 1752 in
612 1719 712 1752 domo
739 1719 913 1761 Cerintbi,
948 1719 1037 1753 unde
1070 1720 1219 1753 Vossms
1246 1731 1267 1753 a
1292 1719 1455 1753 Cerintho
1482 1720 1596 1753 oblata

251 1785 341 1818 dona
374 1789 409 1818 et
443 1790 521 1817 vota
554 1785 643 1818 facta
677 1789 784 1828 putat.
812 1785 938 1819 Male.
988 1785 1084 1818 Misit
1121 1786 1234 1828 puella
1268 1786 1382 1819 Genio
1415 1785 1525 1827 dona,
1563 1789 1598 1818 et

250 1861 340 1884 nunc
373 1851 466 1884 vides
492 1851 708 1884 verisimilius
743 1861 818 1883 esse
852 1856 948 1883 tura.
999 1850 1086 1884 Nam
1113 1854 1148 1884 ct
1172 1851 1329 1884 codicum
1355 1852 1592 1884 auctoritatem

250 1918 376 1961 habet,
412 1924 446 1952 et
483 1930 545 1963 per
581 1930 619 1952 se
655 1919 830 1963 probabile
865 1922 917 1951 est
951 1919 1098 1962 puellam
1133 1919 1206 1951 sola
1239 1922 1314 1951 tura
1339 1919 1491 1960 misisse,
1530 1929 1596 1952 non

251 1988 353 2019 etiam
377 1992 492 2019 cetera
517 1987 639 2027 omnia,
666 1996 796 2018 merum
824 1990 858 2018 et
882 1986 962 2027 liba,
1000 1996 1087 2028 quae
1112 1986 1145 2018 in
1172 1985 1274 2018 domo
1300 1985 1456 2018 solebant
1481 1985 1597 2018 offerri

249 2053 373 2085 Genio.
424 2054 540 2088 Quare
564 2062 630 2085 non
657 2051 830 2084 laudamus
857 2061 936 2092 eos,
969 2051 1026 2093 qni
1054 2050 1144 2082 dona
1171 2051 1415 2094 praetulerunt.
1441 2068 1487 2074 —
1525 2061 1596 2083 vo-

250 2119 403 2160 tisque
428 2119 602 2160 faveto,
635 2128 723 2161 quae
749 2118 836 2151 facio
864 2129 925 2162 pro
952 2120 1063 2151 salute
1089 2117 1240 2151 Cerintlii
1267 2122 1301 2151 et
1326 2127 1442 2150 amore
1467 2119 1596 2149 nostro.

248 2184 312 2217 His
338 2184 444 2226 igitur
466 2184 599 2225 faveto,
635 2185 662 2217 si
689 2184 789 2216 modo
813 2184 870 2216 ille
895 2193 976 2216 vere
1002 2193 1056 2216 me
1080 2186 1190 2224 amat,
1216 2186 1251 2215 et
1276 2182 1390 2215 subito
1420 2182 1596 2223 sanguinis

249 2251 418 2293 animique
443 2254 560 2291 motu,
593 2245 640 2283 ut*
656 2250 799 2283 Hssmn
825 2250 936 2283 verbis
961 2253 1059 2290 utar,
1095 2249 1292 2289 incalescit,
1318 2249 1451 2291 quoties
1477 2257 1598 2280 recor-

249 2317 342 2350 datio
368 2319 432 2350 mei
457 2318 603 2350 animum
626 2318 727 2351 subit.
754 2335 797 2341 -
824 2318 938 2349 alios
964 2316 1172 2359 suspirat
1198 2325 1393 2356 amores,
1417 2315 1460 2347 cf.
1490 2324 1593 2357 supra

248 2383 275 2424 I,
299 2386 332 2424 6,
349 2386 415 2416 35:
446 2385 492 2415 Te
517 2389 622 2418 tenet,
648 2383 807 2416 absentes
833 2382 923 2415 alios
947 2383 1110 2426 suspirat
1136 2394 1281 2415 amores,
1332 2381 1476 2415 Videtur
1501 2380 1593 2413 timi-

250 2450 326 2482 dior
350 2450 455 2483 fnisse
481 2450 673 2492 Cerinthns,
698 2450 741 2484 cf.
768 2461 797 2486 r.
819 2452 875 2492 18,
911 2454 944 2483 et
969 2450 1025 2493 qni
1053 2460 1119 2482 non
1145 2448 1286 2481 auderet
1311 2447 1422 2480 Servii
1448 2446 1593 2488 Sulpicii

250 2517 350 2549 filiam
386 2522 525 2560 petere3
562 2517 650 2550 unde
689 2518 838 2561 suspicio
869 2521 947 2549 nata
982 2517 1138 2560 puellae,
1179 2515 1325 2548 sortasse
1358 2514 1456 2546 aliam
1484 2513 1525 2545 ab
1552 2523 1595 2545 eo

249 2583 359 2624 magis
385 2584 499 2615 amari.
526 2601 568 2606 -
611 2582 785 2615 infidos
821 2583 968 2623 focos,
1007 2581 1099 2614 inlidi
1133 2580 1294 2620 amantis,
1333 2582 1493 2611 revocato
1521 2579 1595 2620 epi-

251 2646 346 2680 theto
373 2648 484 2680 statim
510 2647 552 2680 ad
579 2648 701 2681 locum.
753 2647 875 2681 Stabat
901 2651 1012 2680 autem
1039 2647 1080 2680 ad
1107 2646 1218 2680 focum
1245 2645 1377 2688 efligies
1404 2643 1525 2684 Genii,
1552 2643 1596 2678 cl'.
