1721 2953
550 126 694 166 LIBR.
723 126 756 164 Ι,
813 124 973 165 ELEG.
1003 126 1076 165 IV.
1425 132 1476 165 87

139 242 209 274 nita
241 240 303 274 hac
336 239 487 274 oratione
519 237 716 284 imexitu
750 235 906 269 carminis
941 239 1052 268 narrat
1091 238 1194 279 poeta
1229 244 1289 278 pro
1315 233 1408 267 Titio
1439 244 1476 267 se

140 308 348 342 consuluisse
365 307 476 348 deum,
500 315 601 348 quem
621 308 734 337 tamen
758 313 847 336 nunc
871 303 997 335 coniux
1021 313 1039 335 a
1064 302 1181 335 talium
1204 310 1316 335 rerum
1342 301 1477 343 cogita-

138 373 230 406 tione
261 375 392 405 avocet.
441 371 558 406 Quare
592 370 658 402 iam
693 368 838 401 aliorum
874 366 992 399 usibus
1028 366 1140 400 dixina
1176 365 1258 400 haee
1292 370 1476 410 praecepta

137 439 249 477 offert,
273 437 470 480 magistrum
494 446 532 469 se
557 436 737 479 profitetur
757 434 839 467 artis
865 432 1009 474 amandi,
1033 439 1067 466 et
1092 433 1134 467 de
1159 434 1267 476 gloria
1291 432 1476 475 magisterii

137 504 239 537 futuri
264 503 442 545 magnifice
467 503 625 545 loquitur.
674 500 745 535 Sed
772 511 853 534 ecce
878 500 991 534 subito
1017 500 1140 533 amoris
1165 498 1381 541 recordatur,
1407 508 1474 541 quo

135 569 244 611 ipsum
270 566 445 601 Marathus
478 568 545 600 iam
579 567 637 600 diu
673 571 851 609 torqueat,
885 569 921 598 et
946 565 1004 607 qui
1034 566 1108 598 aliis
1133 565 1234 598 modo
1268 574 1368 608 opem
1394 573 1475 608 pro-

135 633 289 667 mittebat
321 631 562 674 iactabmdus,
598 642 674 665 eum
710 632 777 664 iam
815 631 879 664 sibi
913 630 979 673 ipsi
1018 636 1110 674 patet
1148 642 1247 674 opem
1284 630 1372 664 ferre
1409 640 1475 663 non

135 709 255 743 posse3
287 698 400 730 irritas
423 697 571 730 sentiens
595 707 712 730 omnes
737 701 828 730 artes
853 696 1018 738 dolosque
1044 697 1200 739 precibus
1226 697 1296 729 adit
1321 706 1474 740 puerum,

134 768 172 796 ut
196 766 317 806 sponte
342 766 458 806 parcnt
483 766 518 794 et
541 761 631 795 mitis
656 762 725 803 fiat,
751 761 900 803 nolitque
926 761 1007 793 risui
1033 761 1168 804 publico
1194 772 1366 805 exponere
1390 771 1474 805 poe-

134 834 203 861 tam
229 837 304 861 cum
330 827 521 871 praeceptis
546 826 625 858 suis.
650 842 697 849 —-
741 825 923 858 Videamus
950 836 1037 858 nunc
1063 836 1150 868 quae
1184 827 1228 858 sit
1254 827 1387 869 poetica
1413 824 1474 858 ha-

133 903 207 926 rum
233 902 345 925 rerum
369 892 468 924 ratio.
525 889 662 923 Etenim
688 890 717 923 si
745 900 811 922 uon
845 889 980 923 adesset
1007 889 1059 923 hic
1085 891 1220 932 exitus,
1256 891 1385 923 nonnisi
1421 890 1475 923 di·-

133 957 301 991 dacticum
335 955 534 990 haberemus
567 966 722 997 carmem
759 958 827 990 tale
857 967 938 990 vero
964 956 1120 990 Tibullus
1145 956 1294 989 scribere
1320 967 1383 989 non
1411 967 1474 999 po·

132 1026 217 1067 tuit3
247 1024 327 1058 licet
352 1028 536 1068 praecepta
568 1024 694 1057 amoris
718 1023 852 1064 dentur,
878 1023 994 1056 debuit
1017 1021 1230 1055 nihilominus
1257 1023 1367 1064 elegia
1392 1023 1475 1065 fingi

131 1094 166 1124 et
200 1090 372 1132 elegiacae
407 1099 552 1133 poeseos
589 1088 761 1121 observari
797 1088 894 1120 ratio.
946 1087 1047 1123 Quod
1073 1087 1242 1130 quomodo
1268 1087 1394 1121 sactum
1418 1089 1474 1130 sit,

130 1162 197 1194 iam
230 1161 369 1204 propius
404 1158 619 1191 considerare
652 1159 756 1191 iuvat.
817 1158 969 1191 Primum
1003 1158 1107 1201 igitur
1143 1158 1299 1201 specialis
1335 1158 1475 1200 fingitur

131 1236 232 1260 causa
257 1225 324 1266 rei;
363 1235 438 1258 cum
465 1225 554 1258 enim
579 1234 666 1266 quae
694 1226 829 1268 proprie
864 1224 1031 1259 didactica
1056 1230 1135 1258 sunt
1159 1225 1328 1265 carmina,
1363 1224 1473 1256 omui-

130 1294 192 1325 bus
225 1291 414 1324 scribantur
446 1299 557 1331 ueque
591 1289 691 1322 aliam
715 1299 862 1330 ,causam
897 1288 1041 1322 habeant
1074 1300 1174 1332 quam
1210 1294 1247 1321 ut
1281 1289 1472 1330 quicunque

134 1359 249 1399 legere
285 1357 366 1390 velit
399 1355 584 1396 doceatur,
618 1354 673 1388 hie
697 1361 814 1388 contra
841 1355 953 1388 Titius
978 1355 1115 1398 quidam
1141 1365 1216 1388 esse
1241 1355 1381 1395 dicitur,
1415 1357 1471 1396 qui

128 1424 193 1458 sibi
227 1423 409 1467 expetierit
442 1423 507 1456 ista
541 1427 725 1466 praecepta
759 1423 792 1455 in
825 1432 924 1455 suum
960 1432 1080 1463 usum,
1119 1425 1253 1454 etcum
1280 1419 1330 1453 hie
1357 1421 1407 1452 uti
1432 1420 1472 1452 iis

128 1499 195 1522 uon
221 1488 347 1532 possit,
380 1488 428 1521 ita
453 1487 589 1520 demum
614 1487 688 1520 aliis
713 1487 914 1521 offeruntur·
964 1487 1119 1522 Quaeras
1144 1487 1197 1519 vel
1221 1486 1270 1518 sic
1295 1496 1354 1518 cur
1378 1485 1472 1518 Titio

127 1565 214 1598 opus
239 1554 340 1587 fuerit
364 1554 397 1586 in
422 1552 484 1586 hac
509 1563 568 1594 re,
604 1562 666 1586 cur
697 1562 764 1585 non
798 1551 841 1584 de
866 1561 927 1584 sua
957 1551 1069 1594 potius
1095 1561 1196 1584 causa
1222 1555 1323 1593 poeta
1348 1559 1472 1583 cousu-

128 1619 228 1652 luerit
251 1619 362 1659 deum,
388 1628 464 1651 cum
490 1618 563 1661 ipse
589 1618 691 1651 ctiam
716 1627 832 1650 amore
857 1617 919 1649 tali
942 1616 1084 1650 laboret.
1134 1615 1343 1659 Respondeo
1368 1616 1469 1648 etiam

128 1684 192 1716 alia
225 1683 403 1716 commoda
437 1680 561 1715 habere
598 1682 741 1714 aiteram
779 1681 969 1722 fictionem,
1004 1690 1048 1713 ex
1085 1691 1151 1723 qua
1185 1690 1284 1713 suum
1320 1690 1471 1713 amorem

128 1749 259 1783 nonnisi
284 1749 317 1782 in
342 1750 407 1782 fine
433 1748 631 1782 recordatur
663 1749 807 1790 aliisque
839 1746 1004 1790 magister
1036 1757 1112 1779 esse
1145 1746 1240 1787 vult,
1272 1745 1380 1778 donec
1415 1755 1470 1778 re-

128 1819 230 1859 pente
261 1815 296 1847 in
329 1814 450 1847 eodem
484 1814 606 1856 laqueo
632 1812 821 1846 meminerit
851 1822 888 1844 se
913 1812 1023 1855 ipsum
1049 1809 1202 1843 haerere.
1252 1809 1355 1843 Vides
1382 1810 1471 1842 enim

128 1880 190 1914 boc
214 1878 316 1913 modo
340 1879 572 1912 suavissimam
598 1878 850 1921 oppositionem
876 1887 989 1910 rerum
1015 1877 1201 1917 exsistere,
1239 1886 1315 1909 cunt
1340 1876 1470 1909 iactau—

126 1946 207 1979 tiam
240 1945 394 1987 magistri
426 1954 506 1976 mox
539 1943 717 1985 augustiae
750 1946 936 1984 sequautur
972 1940 1204 1984 gravissimae.
1254 1940 1331 1973 Hae
1356 1946 1470 1974 autem

127 2011 279 2053 magistri
303 2008 519 2053 gloriabundi
551 2008 728 2051 angustiae
762 2008 864 2040 etiam
890 2017 994 2050 porro
1027 2007 1171 2040 observa
1205 2015 1304 2048 quam
1342 2006 1407 2038 vim
1437 2005 1470 2038 iu

126 2079 282 2111 universa
305 2077 436 2110 ratione
460 2075 616 2108 carminis
640 2073 807 2116 habeant,
832 2084 909 2108 cum
935 2084 1023 2106 nuuc
1046 2071 1090 2106 ad
1114 2072 1246 2105 irritum
1272 2070 1394 2103 cadere
1419 2070 1469 2103 vi-

125 2145 246 2177 deatur
268 2148 340 2176 tota
365 2141 496 2176 theoria
519 2140 736 2175 antecedens.
784 2139 952 2173 Nimirum
979 2142 1093 2172 manet
1116 2136 1308 2182 praeceptis
1333 2135 1471 2179 aptissi-

126 2210 189 2242 mis
215 2207 321 2241 honos
344 2217 444 2250 quem
471 2210 664 2247 merentur,
700 2203 762 2238 sed
795 2204 927 2237 tollitur
958 2204 1106 2237 suaviter
1132 2203 1342 2246 principatus
1371 2200 1469 2234 theo-

127 2275 220 2314 riae,
249 2273 379 2306 tollitur
402 2272 554 2315 ‘gravitas
578 2272 735 2305 didactici
760 2271 937 2312 carminis,
972 2271 1077 2312 fitque
1103 2269 1235 2311 elegia,
1259 2279 1346 2311 quae
1372 2269 1470 2301 aliter

126 2339 218 2372 nulla
241 2342 325 2371 erat.
376 2336 464 2370 Nam
488 2347 564 2370 cum
590 2337 622 2369 in
648 2336 816 2370 didactica
841 2336 937 2380 poesi
963 2335 1091 2369 theoria
1117 2345 1285 2368 summum
1310 2335 1371 2373 sit,
1398 2335 1470 2367 cle-

127 2405 204 2447 giae
228 2407 465 2446 argumentum
490 2406 568 2435 sunt
592 2402 687 2445 ipsae
711 2406 908 2445 praesentes
933 2401 1146 2442 voluntates,
1171 2410 1308 2440 sensns,
1333 2399 1469 2442 gandia,

129 2469 283 2511 dolores,
308 2469 490 2503 certamina
516 2469 698 2502 amantium
725 2474 758 2502 et
788 2470 820 2502 in
847 2468 895 2501 his
921 2466 1133 2501 declarandis
1160 2467 1295 2511 propria
1322 2466 1371 2498 vis
1398 2466 1469 2498 eins

129 2534 225 2567 inest.
276 2534 400 2568 Debuit
434 2535 537 2578 igitur
574 2536 675 2568 ctiam
712 2536 878 2580 propositi
912 2534 1067 2567 carminis
1102 2535 1187 2567 ratio
1215 2533 1279 2566 lunc
1307 2533 1468 2566 reuocari.

130 2600 229 2642 idque
253 2600 490 2635 iucundissime
516 2601 653 2636 lactum.
704 2603 790 2637 Cum
816 2603 902 2636 enim
925 2607 1038 2646 poeta,
1062 2602 1119 2645 qni
1146 2601 1245 2635 modo
1273 2600 1469 2643 magistrun·
