1721 2953
288 163 383 189 xciv
826 143 901 184 DE
933 141 1089 186 POESI

288 260 488 315 imprimis
519 260 758 310 exornavit3
802 272 898 299 nam
928 258 1038 299 inter
1073 258 1223 311 pocula
1253 263 1460 297 canuntur
1493 256 1635 299 laudes

289 340 398 379 ruris
439 346 478 379 et
515 337 718 377 rui-allum
756 333 951 387 deorum,
998 343 1120 389 atque
1159 343 1206 375 ut
1242 342 1335 374 ante
1366 333 1562 375 sacrificio
1596 342 1635 374 et

289 415 502 468 precibus,
543 414 599 452 sic
628 425 740 451 nunc
767 409 1072 463 praedieatione
1101 409 1397 450 beneficiorum
1427 410 1636 449 uberrima

290 492 552 532 honorantur
595 497 633 528 et
670 487 951 541 propitiantur
993 486 1064 527 dii.
1143 486 1337 526 Alienum
1375 499 1475 527 vero
1516 484 1637 524 etiam

289 569 355 607 hic
387 567 513 616 nihil3
541 565 654 618 ipsos
686 573 845 615 autem,
876 577 980 618 quos
1009 560 1134 603 modo
1164 561 1352 611 distinxi,
1382 560 1485 601 duos
1511 568 1636 610 actus,

288 643 545 697 longitudine
585 642 883 692 dissimiliores,
931 649 1054 694 poeta
1089 641 1186 680 scite
1223 639 1362 681 vivida
1399 639 1638 678 tractatione

291 721 348 761 sic
384 719 620 769 coniunxit,
664 728 710 759 ut
738 734 823 758 una
854 718 993 758 omnia
1022 718 1293 771 perpetuitate
1324 715 1545 756 decurrant
1577 716 1639 753 fa-

292 796 461 846 cillime,
511 803 551 835 et
585 804 722 835 tamen
762 795 892 834 clarae
928 794 1084 847 ubique
1125 792 1346 834 divisiones
1385 805 1526 831 rerum
1564 792 1639 830 ha-

292 873 491 922 beantur,
531 872 749 924 proprium
783 870 895 924 qnod
932 879 991 910 est
1022 870 1282 910 Tibullianae
1317 868 1427 908 artis.
1493 867 1640 906 Exitus

294 948 484 988 carminis
508 948 671 986 nuntiat
696 947 827 987 noctis
853 945 1089 986 adventum.
1137 947 1250 985 Haec
1276 946 1486 985 hactenus.
1531 942 1642 983 Vide

291 1026 375 1065 iam
414 1026 553 1078 paullo
592 1024 794 1065 diversam
834 1025 1011 1065 formam
1048 1022 1238 1062 carminis
1272 1023 1328 1071 II,
1356 1024 1394 1060 5.
1454 1019 1643 1059 Celebrat

292 1102 483 1141 Tibullus
517 1101 874 1151 inaugurationem
911 1099 1123 1138 Messalini
1163 1099 1207 1136 in
1245 1098 1460 1147 collegium
1495 1094 1643 1135 XVvi-

293 1190 438 1216 rorum
469 1175 595 1216 modo
627 1176 796 1228 recepti.
864 1176 998 1228 Atque
1028 1175 1072 1214 in
1103 1172 1275 1214 exordio
1304 1181 1475 1214 vocatur
1492 1173 1644 1224 Apollo

292 1252 529 1301 Palatinus,
569 1259 615 1290 ut
646 1260 815 1290 ornatus
844 1250 1084 1302 triumphali
1110 1251 1230 1289 lauro
1263 1248 1366 1288 adsit
1405 1249 1645 1288 solennibus

296 1326 377 1367 diei
406 1341 499 1367 eum
528 1326 683 1366 eithara
712 1325 1066 1378 carminibusque,
1101 1333 1139 1364 et
1168 1324 1353 1363 admittat
1376 1323 1645 1363 Messalinum

296 1402 348 1444 ad
378 1401 649 1444 sacerdotium
677 1415 798 1441 sunm
827 1410 865 1441 et
890 1403 1123 1441 chartarum
1149 1414 1356 1440 sacrarum
1381 1400 1647 1438 intellectum.

297 1479 458 1529 Quodsi
497 1480 624 1532 elegia
660 1487 708 1518 ut
747 1477 990 1519 antecedens
1027 1478 1138 1530 ipsos
1170 1486 1282 1516 actus
1312 1477 1406 1515 sesti
1441 1474 1646 1524 redderet,

297 1557 342 1596 in
380 1555 516 1595 medio
558 1555 735 1595 carmine
776 1556 858 1594 iam
895 1563 1111 1595 caneretur
1149 1552 1410 1604 inauguratio
1450 1553 1562 1603 ipsa,
1606 1556 1648 1588 at

299 1645 383 1671 non
414 1634 515 1672 haec
544 1647 654 1671 nune
683 1645 749 1671 res
789 1640 875 1671 erat
904 1645 1040 1684 neque
1073 1632 1153 1670 hoc
1189 1637 1350 1681 poterat
1378 1628 1482 1669 velle
1514 1634 1648 1679 poeta,

301 1709 374 1762 qni
401 1709 650 1748 luculentius
679 1710 882 1749 honorem
909 1710 988 1748 hoc
1017 1706 1194 1747 carmine
1223 1706 1402 1744 celebrat
1423 1703 1647 1742 Messalino

299 1786 514 1825 tributum.
571 1785 683 1833 Quid
721 1786 845 1837 igitur
880 1783 1006 1824 feeit?
1065 1785 1130 1823 De
1164 1780 1478 1832 inauguratione
1515 1779 1648 1817 statim

300 1862 346 1899 in
392 1859 564 1900 exordio
622 1860 726 1900 dixit
781 1869 981 1913 qnantum
1038 1859 1156 1907 satis,
1209 1855 1308 1895 dum
1358 1863 1478 1897 vocat
1527 1854 1650 1894 simul

304 1948 427 1974 orans
468 1934 612 1983 deum,
661 1943 708 1973 ut
748 1934 856 1973 sinat
901 1942 1064 1984 tangere
1103 1933 1372 1971 Messalinum
1411 1933 1570 1970 chartas
1612 1937 1651 1968 et

305 2010 449 2051 doceat
478 2011 703 2061 intelligere
735 2011 855 2049 effata
886 2008 1080 2061 Sibyllae.
1148 2009 1197 2047 In
1227 2007 1363 2047 medio
1395 2016 1531 2046 autem
1562 2021 1650 2045 car-

305 2088 414 2126 mine
441 2101 551 2125 nune
574 2087 778 2125 illustrare
803 2085 944 2124 debuit
965 2084 1255 2137 praestantiam
1276 2083 1381 2122 sacri
1400 2083 1651 2135 Apollinaris

307 2171 347 2201 et
383 2164 506 2201 huius
547 2162 786 2212 sacerdotii,
828 2161 953 2215 idque
988 2163 1188 2214 praestitit
1222 2161 1399 2212 egregie,
1439 2160 1651 2211 praeclara

306 2239 543 2278 inventione
585 2237 744 2277 duabus
784 2238 968 2289 partibus
1007 2251 1148 2276 rerum
1186 2236 1323 2285 sactis,
1365 2249 1457 2274 cum
1491 2242 1651 2286 tempus

307 2314 631 2365 inaugurationis
662 2315 705 2353 in
734 2328 806 2354 ver
834 2313 1051 2361 incideret,
1084 2309 1431 2365 quemadmodum
1460 2323 1545 2349 non
1576 2308 1651 2347 du-

308 2390 410 2428 bito.
487 2388 645 2440 Nempe
687 2389 866 2440 primum
908 2388 990 2427 sata
1031 2388 1242 2438 magnifica
1279 2387 1395 2424 urbis
1437 2393 1652 2431 canuntur,

312 2477 417 2517 quae
461 2462 562 2501 duce
603 2463 793 2515 Apolline
837 2462 992 2514 Sibylla
1035 2462 1133 2501 oliln
1173 2461 1445 2508 nuntiaverit,
1503 2458 1650 2497 deinde

312 2547 455 2578 oratur
484 2538 583 2578 deus
614 2547 659 2577 ut
688 2539 809 2578 etiam
833 2539 876 2577 in
906 2547 1117 2591 posterum
1147 2537 1350 2590 propitius
1382 2537 1431 2575 sit
1457 2544 1495 2576 et
1523 2536 1651 2574 felicis

313 2614 410 2654 anni
437 2615 571 2654 fausta
599 2614 662 2655 his
692 2614 815 2654 sacris
844 2614 1029 2667 auspicia·
1050 2614 1266 2666 praebeat,
1295 2611 1501 2650 referente
1530 2616 1653 2663 poeta
