1721 2953
286 166 367 191 xm
824 157 900 196 DE
934 124 1089 198 POEle

285 271 386 308 dista
415 275 556 317 onmia,-
585 273 681 311 hanc
709 280 804 324 puta
831 278 1102 325 praestantiam
1127 289 1310 315 summam
1340 281 1455 325 ruris,
1486 279 1631 330 qualem

282 346 416 384 laudat
448 347 630 385 Tibullus!

398 423 533 463 Venio
569 422 621 462 ad
657 437 802 463 amores
840 431 986 478 poetae
1017 431 1058 464 et
1086 429 1263 465 eroticam
1291 435 1450 479 partem
1479 441 1631 467 rerum.

284 499 388 539 Cum
429 501 618 540 Tibullus
661 501 855 542 rusticam
893 502 1020 543 vitam
1061 510 1276 556 tantopere
1313 502 1476 554 laudet,
1516 503 1631 545 vides

280 575 460 627 primum
490 576 612 615 etiam
643 590 802 616 amores
837 577 1055 629 agrestium
1085 592 1169 618 non
1199 579 1383 631 potu-isse
1412 579 1539 618 taceri
1567 580 1631 619 in-

280 663 342 693 ter
372 656 446 694 has
475 653 631 695 laudes.
698 655 892 696 Profecto
928 669 1069 696 omnes
1100 655 1393 709 descriptiones
1422 659 1532 697 ruris
1563 671 1630 697 c-r-
1689 688 1698 693 -

281 731 394 770 navit
424 730 663 772 huiusmodi
686 732 799 781 locis,
827 732 970 772 confer
996 732 1122 773 modo
1153 734 1184 782 Ι,
1216 737 1281 782 10,
1313 736 1364 773 53
1396 748 1486 787 sqq.
1515 733 1565 783 ΙΙ,
1594 737 1629 783 1,

281 811 331 847 67
364 821 453 862 sqq.
485 814 520 858 5,
547 813 599 849 35
631 823 721 863 sqq.
753 813 790 858 5,
819 812 895 848 101
925 823 1014 863 sqq.
1073 809 1181 849 Nam
1215 823 1311 849 rure
1344 818 1465 849 natus
1489 810 1630 856 Amor,

278 898 376 924 rure
421 884 528 936 degit
580 886 806 925 etiamnum
846 886 1016 936 lubens,
1070 886 1203 937 placet
1248 885 1326 925 sibi
1373 886 1417 925 in
1466 885 1628 924 rusticis

279 961 488 1011 moribus,
528 962 714 1015 loquitur
750 961 903 1001 rustica
941 961 1070 1002 verba
1109 961 1305 1009 aratoris,
1341 961 1514 999 interest
1545 961 1629 999 lae-

274 1043 341 1075 tus
382 1045 421 1075 et
454 1037 643 1088 petulans
678 1036 791 1076 festis
831 1045 872 1076 et
907 1036 1189 1089 voluptatibus
1226 1037 1464 1088 agrestibus.
1534 1036 1626 1088 Ipse

274 1125 375 1151 vero
407 1112 597 1151 Tibullus
623 1113 804 1164 primum
834 1126 1009 1152 uxorem
1034 1111 1182 1151 ducere
1210 1120 1248 1150 et
1276 1111 1320 1150 in
1351 1111 1456 1162 agris
1485 1111 1627 1150 vivere

275 1202 368 1228 cum
397 1203 445 1227 ea
472 1189 661 1237 volebat,
703 1187 817 1241 quod
851 1201 937 1228 non
977 1188 1239 1228 observatum
1282 1200 1304 1225 a
1345 1187 1444 1226 viris
1485 1184 1627 1226 doctis.

274 1263 334 1302 Ita
365 1278 463 1304 vero
494 1263 590 1302 dicit
618 1264 648 1313 Ι,
681 1266 745 1313 10,
776 1267 827 1301 39
860 1276 969 1316 sqq.:
1263 1294 1279 1301 -

387 1337 521 1386 Quam
551 1338 689 1390 potius
718 1337 950 1377 laudandus
979 1338 1046 1376 hic
1077 1346 1147 1387 est,
1179 1352 1303 1391 quem
1334 1339 1450 1390 prole
1482 1347 1625 1391 parata

446 1413 630 1466 Occupat
657 1414 700 1452 iu
729 1414 1003 1466 parva-pigra
1031 1422 1192 1453 senecta
1222 1411 1335 1453 casa!

386 1492 477 1543 Ipse
510 1503 602 1529 suas
634 1498 810 1529 sectatur
842 1503 956 1540 oveS‚
987 1498 1027 1530 at
1054 1490 1162 1529 filius
1192 1504 1330 1542 agnos,

445 1569 496 1608 Et
529 1567 700 1607 calidam
730 1569 838 1607 fesso
872 1575 1083 1621 comparat
1114 1581 1220 1607 uxor
1249 1582 1414 1622 aquam.

385 1643 451 1684 Sic
483 1658 556 1695 ego
588 1644 676 1684 sim.

276 1722 498 1774 Postquam
542 1728 679 1759 autem
719 1720 864 1760 Deliae
906 1719 1215 1772 pulchritudine
1256 1721 1469 1771 incensus,
1525 1734 1622 1761 con-

272 1797 371 1847 iugii
400 1797 497 1835 iusti
527 1796 743 1835 consilium
778 1795 1002 1844 abiecerat,
1035 1803 1173 1833 tamen
1202 1797 1323 1834 etiam
1355 1796 1433 1835 hos
1463 1809 1622 1836 amores

272 1885 355 1911 non
386 1872 567 1911 seiunxit
594 1872 835 1922 cogitatione
867 1886 890 1910 a
918 1872 1071 1910 rustica
1099 1872 1195 1922 vita,
1227 1872 1424 1926 quamdiu
1456 1872 1622 1925 quidem

272 1948 392 1986 Delia
430 1947 604 1999 innupta
633 1947 733 1996 suit,
772 1959 846 1985 nec
874 1946 955 1986 nisi
981 1948 1130 1986 morbo
1165 1947 1290 1985 animi
1322 1949 1364 1986 in
1396 1948 1475 1987 fine
1514 1950 1620 1988 vilae

271 2037 318 2062 eo
359 2022 506 2062 adduci
545 2023 698 2074 potuit⁷
737 2030 782 2061 ut
819 2021 998 2062 vendere
1041 2023 1167 2062 avitas
1199 2023 1314 2063 sedes
1353 2038 1395 2063 se
1431 2033 1619 2076 paratum

271 2098 444 2150 diceret,
489 2099 523 2139 si
554 2086 741 2139 Neinesis
771 2099 942 2138 avaritia
969 2100 1144 2140 iuberet.
1213 2100 1294 2141 Sed
1325 2100 1507 2142 dicamus
1538 2103 1619 2142 sin-

269 2177 435 2227 galatim
468 2176 517 2217 de
548 2190 687 2216 amore
715 2175 865 2216 harum
892 2177 1136 2229 puellarum.

381 2254 439 2291 Ac
468 2255 578 2293 Delia
607 2251 773 2307 quidem
802 2266 878 2304 per
907 2266 949 2292 se
979 2254 1089 2293 bona
1115 2261 1152 2292 et
1174 2254 1305 2305 proba
1331 2255 1469 2305 puella
1494 2254 1618 2295 fuisse

271 2328 455 2377 videtur,
497 2330 682 2369 honestis
724 2330 932 2378 moribus,
976 2330 1140 2380 ingenio
1171 2343 1256 2370 non
1285 2330 1464 2379 inculto,
1512 2344 1616 2383 quae

270 2405 427 2443 Tibulli
458 2417 595 2444 amore
626 2405 743 2445 initio
775 2418 860 2445 non
892 2403 1057 2456 indigna
1089 2413 1204 2445 esset.
1273 2405 1490 2445 Passovius
1522 2405 1617 2443 dicit

271 2480 406 2519 minus
436 2481 539 2518 bene
570 2488 606 2518 et
636 2480 859 2520 liberaliter
889 2479 1124 2531 educatam3
1158 2495 1230 2533 ego
1266 2494 1482 2534 quaeram,
1516 2495 1615 2534 qua-

268 2558 345 2595 lem
378 2571 540 2597 censere
574 2556 804 2604 debeamus.
835 2576 856 2599 a
888 2574 969 2613 qua
997 2559 1214 2599 Messalam
1243 2568 1361 2611 poeta
1386 2560 1518 2611 excipi
1543 2573 1615 2599 vo-

267 2635 375 2671 lebat
397 2634 437 2672 in
463 2632 632 2685 praedio
660 2647 746 2672 suo.
807 2634 1053 2675 Observabis
1088 2634 1232 2674 deinde
1265 2634 1410 2685 scripta
1445 2633 1494 2673 ad
1527 2648 1613 2672 eam
