1721 2953
235 116 317 152 :¹20
544 107 918 152 COMMENTAR.
951 110 1011 152 IN
1041 110 1271 154 TIBULLI

236 237 303 270 ego
327 225 567 270 explicuerim=
593 225 661 259 Ubi
686 226 823 260 assidua
844 236 950 272 opera
975 227 1151 271 expletum
1177 230 1270 262 esset
1294 226 1443 262 studium
1467 230 1585 261 arandi

235 292 353 335 (menn
379 302 416 322 er
438 289 514 323 sich
536 297 614 324 sate
637 292 799 338 gelffliigt
823 291 965 337 hatte),
993 297 1032 327 ut
1061 293 1240 327 HOMERUS
1266 293 1349 329 dicit
1374 294 1497 337 odyss.
1523 294 1585 336 lv,

233 361 322 392 541:
361 346 473 403 αῧταρ
497 357 567 390 ἐπεὶ
591 358 717 390 κλαίων
741 370 777 390 τε
803 355 1040 398 κυλινδόμενός
1064 356 1097 391 τ’
1123 361 1329 406 ἐκορέσθην,
1363 370 1440 393 cum
1465 359 1584 403 exple—

235 430 305 458 tum
339 428 432 458 esset
463 424 613 459 studium
647 426 770 460 luctus.
826 425 892 459 His
924 427 1047 471 positis
1078 427 1264 470 respondet
1298 427 1332 460 in
1365 425 1584 469 sequentibus

231 497 364 526 satur
389 492 421 528 h.
438 503 468 527 e.
495 495 633 538 expleta
653 494 840 538 cupiditate
862 494 995 537 edendi,
1021 505 1046 528 s.
1069 498 1147 539 post
1167 505 1320 529 coenam.
1368 495 1418 528 Ac
1443 493 1584 527 dicimur

230 560 366 603 proprie
396 561 512 594 satiari
537 561 658 604 rebus,
689 565 728 594 ut
752 563 840 595 bene
864 561 1037 597 Hermus
1062 565 1200 604 monet,
1227 571 1316 605 quae
1340 561 1438 594 nobis
1463 563 1584 603 gratae

229 629 266 660 et
289 627 458 660 iucundae
481 632 560 661 sunt
584 629 638 662 vel
665 628 833 662 videntur.
853 646 896 654 —-
924 633 1054 662 certo
1079 627 1211 672 pede,
1238 627 1340 660 certis
1365 626 1583 660 numeris.—

229 691 317 725 Mox
341 692 568 727 modulari
601 704 780 728 carmen
813 698 885 736 est,
911 698 948 728 ut
975 697 1132 736 constat,
1157 693 1268 727 modis
1293 694 1396 726 certis
1422 701 1583 726 sonorum

233 768 369 794 canere.
417 760 524 795 Vides
549 771 626 794 cum
652 762 799 805 primum
824 761 868 794 de
895 761 990 794 vocis
1016 764 1118 794 cantu
1142 760 1288 801 dixerit,
1321 769 1410 792 nunc
1433 756 1583 791 secundo

231 825 309 858 loeo
345 825 388 859 de
424 826 561 860 fistulae
595 827 735 860 invento
767 832 869 860 cantu
905 827 984 860 dici.
1010 845 1056 851 —-
1094 830 1142 859 ut
1183 828 1371 859 ornatos
1408 823 1584 857 diceret

230 894 336 924 ante
371 891 497 934 deos,
537 896 575 925 ut
607 903 695 936 quae
729 893 876 937 primum
909 893 985 925 aliis
1024 891 1144 925 diebus
1181 895 1261 936 post
1294 891 1467 931 laborem,
1505 891 1584 932 post

230 966 371 990 coenam
410 967 531 991 canere
569 958 764 1001 didicisset,
810 961 931 1002 postea
970 958 1060 991 sesto
1099 958 1154 991 die
1190 961 1271 991 ante
1308 957 1393 990 deos
1430 959 1581 990 caneret.

229 1024 318 1058 Nam
344 1030 489 1058 ornatos
514 1029 567 1059 est
594 1025 638 1059 de
673 1025 851 1058 coronatis
885 1026 1089 1068 imaginibus
1124 1026 1266 1059 deornm
1301 1024 1509 1067 agrestium,
1544 1027 1584 1055 ut

229 1093 333 1126 fiebat
359 1093 455 1126 sestis
488 1092 619 1127 diebus.
667 1093 706 1126 In
743 1094 881 1137 templis
915 1093 1018 1126 etiam
1054 1096 1150 1126 veste
1185 1092 1327 1125 meliore
1357 1089 1583 1124 induebantur

228 1159 342 1201 lignea
374 1160 494 1202 signa,
533 1159 625 1202 quod
659 1162 771 1192 tamen
806 1170 827 1192 a
853 1159 1001 1192 rusticae
1030 1159 1205 1201 religionis
1238 1157 1456 1202 simplicitate
1488 1156 1583 1189 dicas

227 1224 386 1257 alienum.
437 1224 652 1258 Huscmzws
678 1230 822 1257 ornatos
847 1225 936 1258 male
960 1234 1012 1268 pr.
1038 1222 1208 1256 laudatos
1234 1224 1378 1267 accipit,
1404 1222 1495 1266 quod
1521 1232 1583 1266 per

229 1290 401 1333 prolepsin
430 1300 480 1333 pr.
506 1290 707 1322 laudandos
733 1290 861 1323 dictum
885 1291 940 1323 sit.
992 1290 1043 1323 Ac
1078 1289 1154 1332 quis
1186 1299 1254 1322 non
1288 1290 1380 1322 clara
1415 1292 1451 1321 et
1485 1288 1583 1320 lucu-

230 1357 324 1388 lenta
348 1356 426 1389 festi
451 1355 519 1388 diei
543 1357 794 1398 significatione
819 1355 873 1388 hic
897 1365 984 1399 opus
1014 1365 1091 1388 esse
1116 1354 1248 1388 sentit?
1273 1370 1320 1379 —
1365 1353 1409 1387 V.
1434 1355 1481 1385 55
1506 1362 1581 1395 sqq.

229 1423 388 1456 Deducta
418 1422 461 1455 ad
486 1422 575 1456 festa
599 1424 725 1456 ruralia
751 1424 906 1456 oratione
932 1423 1072 1456 tertium
1098 1422 1199 1455 etiam
1226 1420 1347 1454 choros
1372 1419 1581 1453 Liberalium

229 1490 324 1524 addit
364 1493 483 1524 cantus
519 1494 555 1524 et
590 1491 725 1524 fistulae
761 1489 961 1524 inventioni.
1024 1489 1126 1523 Nunc
1162 1489 1268 1531 igitur
1306 1488 1501 1532 specialiter
1538 1487 1582 1521 de

228 1554 407 1589 Bacchicis
428 1555 524 1589 sestis
548 1554 651 1589 dicet.
677 1573 722 1579 -
752 1555 891 1589 minio
921 1554 1143 1587 suffusus.
1193 1554 1332 1587 Faciem
1354 1555 1388 1586 in
1411 1553 1581 1587 Liberali-

228 1623 293 1656 bus
317 1626 356 1655 ut
388 1623 492 1656 minio
527 1622 705 1655 inficerent
736 1622 882 1663 factum,
915 1621 994 1664 quia
1019 1621 1095 1663 ipse
1122 1619 1280 1653 Bacchus
1312 1629 1354 1652 eo
1377 1620 1581 1661 innuebatur,

228 1692 267 1721 ut
292 1689 436 1721 aliorum
470 1687 550 1721 olim
585 1687 752 1729 imagines
788 1686 951 1728 deorum,
987 1685 1032 1719 cf.
1062 1687 1162 1721 Voss.
1198 1686 1241 1718 ad
1266 1686 1363 1728 Virg.
1389 1685 1512 1729 Eclog.
1536 1685 1581 1728 X,

227 1765 261 1797 p.
286 1756 368 1787 514.
403 1757 440 1787 et
470 1763 549 1787 cum
581 1753 778 1786 CYLLENxo
809 1752 1102 1785 Bnoucxumsmm
1128 1750 1159 1785 h.
1186 1751 1208 1785 l.
1256 1752 1409 1786 Verbum
1433 1750 1580 1795 suffim-

228 1819 308 1852 dere
333 1820 508 1864 proprium
541 1820 584 1854 de
618 1821 660 1853 iis
691 1830 779 1862 quae
805 1820 868 1853 sub
895 1823 975 1853 cute
1007 1819 1286 1863 conspiciuntur,
1322 1829 1410 1852 nunc
1443 1819 1580 1852 omnino

228 1891 300 1922 est:
328 1887 502 1929 inducere,
525 1887 629 1920 veluti
653 1886 866 1920 annmms
892 1886 936 1919 de
960 1886 1094 1919 nebulis
1119 1886 1202 1918 dicit
1227 1885 1288 1926 vl,
1312 1887 1399 1918 448:
1435 1883 1580 1927 suffun-

227 1953 388 1999 duntque
407 1964 476 1986 sua
496 1952 647 1998 caligine
672 1953 820 1990 caelum.
868 1954 979 1987 Porro
1004 1953 1054 1986 ab
1079 1957 1176 1986 arte
1201 1962 1253 1996 pr.
1276 1955 1363 1993 arte,
1386 1955 1423 1984 ut
1443 1951 1471 1993 Ι,
1489 1954 1523 1993 5,
1544 1953 1577 1984 4.

229 2021 362 2054 duxit
393 2023 507 2054 autem
541 2019 723 2063 choros,
757 2021 904 2054 collecto
931 2020 1054 2063 choro,
1087 2021 1182 2054 cuins
1208 2021 1283 2064 ipse
1307 2019 1498 2063 praesultor
1522 2028 1580 2052 es-

228 2091 294 2121 set.
343 2087 506 2121 Ceterum
538 2086 582 2120 de
612 2087 770 2120 scenicae
795 2087 845 2119 rei
871 2087 1065 2130 primordiis
1090 2096 1156 2119 non
1190 2089 1242 2118 est
1267 2084 1358 2128 quod
1383 2083 1437 2117 hic
1460 2083 1579 2127 dispu-

229 2156 363 2193 temus3
387 2153 492 2185 multa
516 2163 537 2185 a
562 2152 677 2185 multis
705 2152 748 2185 de
775 2163 816 2185 ea
840 2162 878 2185 re
904 2152 995 2185 dicta
1022 2155 1118 2194 sunt,
1144 2151 1319 2184 Tibullum
1345 2154 1460 2184 antem
1483 2149 1580 2183 vides

227 2218 412 2252 subsistere
436 2219 470 2252 in
495 2219 612 2263 primis
636 2218 741 2251 initiis
767 2218 958 2251 saltationis
981 2216 1139 2251 clnoricae
1163 2217 1310 2260 agrestis
1334 2216 1579 2260 incompositae

227 2287 308 2317 ante
343 2286 476 2327 signnm
514 2284 661 2327 Bacchi,
700 2295 768 2328 quo
807 2286 957 2329 pertinet
996 2284 1049 2319 llic
1086 2285 1260 2319 vocativus
1300 2287 1335 2317 et
1371 2279 1576 2327 apostrophe

228 2349 296 2383 dei.
319 2368 367 2375 —
405 2351 520 2385 Hnic
547 2351 679 2385 datus
705 2362 724 2385 a
751 2352 905 2395 pleno,
937 2351 1230 2385 memorabile
1255 2359 1433 2390 munuS,
1463 2347 1573 2380 ovili

229 2417 324 2452 Dux
356 2419 551 2462 pecoris,
601 2420 650 2453 Ut
675 2420 714 2452 fit
741 2420 775 2452 in
802 2419 890 2452 ludis
915 2419 1105 2461 agrestium
1132 2419 1234 2451 etiam
1258 2416 1360 2456 alias,
1396 2423 1416 2446 e
1438 2421 1575 2456 pecore,

227 2484 295 2526 ait,
326 2484 511 2528 praemium
541 2484 677 2527 datum,
713 2489 750 2519 et
773 2485 843 2518 dux
868 2484 1005 2528 quidem
1031 2484 1167 2529 pecoris
1199 2481 1310 2515 hircus
1334 2478 1466 2512 ductori
1497 2476 1574 2511 huic

228 2550 334 2584 chori.
383 2551 421 2584 A
450 2551 554 2594 pleno
582 2552 666 2584 ovili
698 2553 740 2586 etl
768 2553 810 2586 ad
835 2553 862 2595 Ι,
891 2555 947 2595 10,
973 2555 1030 2587 26.
1081 2550 1178 2583 ovile
1212 2552 1324 2582 antem
1360 2550 1411 2580 est
1444 2545 1487 2579 de
1515 2556 1573 2579 ca-

229 2628 386 2660 prearum
410 2619 553 2661 stabulo,
576 2618 667 2662 quod
692 2620 905 2654 Bnrzrmssts
930 2620 1109 2654 illustravit
1127 2620 1168 2650 ad
1190 2617 1310 2650 Horat.
1334 2615 1399 2649 Od.
1420 2615 1445 2656 Ι,
1468 2617 1520 2651 17,
1538 2617 1570 2647 9.
