1721 2953
258 115 337 153 174
563 110 932 155 (JOMMENTAR.
964 114 1022 156 IN
1054 116 1282 159 TIBULLI

256 226 390 273 lapides
411 237 633 273 gemmaeque
657 228 797 266 iuvant,
819 229 906 263 haec
923 230 1065 277 frigore
1091 230 1167 265 sola
1194 231 1359 266 Dormiat
1382 238 1417 265 et
1442 230 1534 264 nulli
1557 233 1605 265 sit

256 292 428 337 cupienda
447 292 533 325 viro.
549 310 595 318 ——
621 293 663 328 V.
688 294 734 326 42
748 304 823 337 sqq.
868 296 921 329 Ad
948 297 1124 339 sequentia
1149 297 1518 340 conseresPnommr.
1544 296 1605 337 ΙΙΙ,

255 360 314 400 25,
340 359 380 390 11
406 367 480 399 sqq.
508 375 553 381 --
590 357 774 404 infecit,
811 361 936 395 canitie
962 362 1082 404 tinxit,
1118 367 1156 396 ut
1179 363 1266 396 iusra
1290 363 1334 405 ΙΙ,
1361 366 1396 405 2,
1419 366 1485 396 20:
1523 362 1606 394 (lum

256 421 363 453 tarda
395 426 558 455 seneclus
590 421 740 455 inducat
774 436 886 470 rugas
919 425 1130 473 inficiatque
1165 440 1293 462 comas.
1343 428 1481 461 Addidit
1504 438 1603 472 prae-

255 493 350 520 terea
383 491 539 529 vetuS,
579 486 610 520 h.
639 498 669 522 e.
703 490 833 532 senile,
869 492 1026 525 consulto
1060 493 1180 525 similia
1206 494 1381 526 cumulans
1405 493 1438 526 in
1465 493 1605 536 opposi—

255 554 348 587 tione
374 554 570 588 iuventutis.
598 573 643 578 —-
679 555 784 590 Tum
819 558 1017 592 studium
1052 559 1222 593 formae
1256 565 1346 602 est,
1379 564 1450 593 tum
1476 560 1604 594 formae

251 630 333 653 cura
359 621 523 653 auxilium
558 621 754 663 quaeritur,
787 622 848 655 sed
882 622 1017 657 frustra.
1067 624 1200 668 Copula
1233 630 1287 657 est
1309 629 1498 658 accentum
1525 624 1603 657 rhe-

251 686 396 718 toricum
421 696 452 718 v.
478 685 616 729 formae
641 685 799 729 adiuvat,
833 687 876 722 cf.
901 688 945 721 ad
969 689 996 731 l,
1024 691 1056 731 1,
1080 692 1137 724 34.
1187 690 1286 724 Nunc
1321 690 1404 724 haec
1437 691 1603 724 sententia

252 752 360 784 tribus
394 752 615 795 sequentibus
653 754 815 788 membris
854 756 1056 799 explicatur.
1091 776 1138 782 —
1181 767 1302 790 coma
1339 760 1428 790 tum
1464 763 1602 790 muta—

249 821 321 850 tur
355 828 428 860 sqq.
488 817 723 852 Adhibebatur
758 824 879 854 cortex
915 822 1031 855 viridis
1069 823 1163 856 nucis
1200 828 1238 856 ut
1273 823 1473 857 flavesceret
1505 833 1602 856 coma

249 892 342 915 cana.
392 883 500 916 PLIN·
524 882 602 924 XV,
627 886 697 917 22:
740 884 933 931 linguntur
958 886 1085 920 cortice
1109 899 1232 920 earam
1255 888 1361 921 lanae
1385 894 1421 920 et
1447 888 1600 934 rufatur

249 947 400 991 capillus
427 949 581 992 primum
608 949 867 993 prodeuntibus
899 952 1054 985 nuculls.
1101 953 1190 986 Rem
1217 953 1426 986 illustrarunt
1451 954 1598 987 CYLmz-

248 1027 331 1049 NlUS
353 1021 388 1049 et
409 1017 702 1050 Bnoucxnusms.
729 1037 775 1044 ——
796 1018 987 1053 Tollere
1013 1020 1145 1053 albos
1169 1031 1189 1053 a
1214 1021 1362 1065 stirpe
1390 1021 1596 1064 capillos.

246 1083 402 1117 Imitatur
438 1085 676 1118 PROPERTIUS
711 1085 774 1127 111,
806 1088 865 1127 25,
901 1089 966 1120 13:
1003 1086 1129 1119 vellere
1167 1093 1243 1119 tum
1283 1087 1406 1131 cupias
1441 1085 1539 1120 albos
1574 1098 1597 1119 α

246 1149 356 1193 stirpe
381 1149 537 1194 capillos.
586 1149 650 1182 Est
685 1161 708 1181 a
742 1150 853 1194 stirpe
885 1162 935 1195 pr.
973 1151 1133 1187 funditus.
1163 1171 1205 1178 -
1240 1152 1420 1197 dempta
1454 1154 1597 1197 pelle,

248 1225 374 1257 rugosa
399 1219 490 1258 cute,
515 1216 621 1249 veluti
646 1226 776 1259 angues
801 1221 931 1250 exuunt
955 1219 1090 1261 pellem.
1140 1217 1187 1251 Et
1209 1229 1296 1252 nunc
1320 1218 1456 1262 quidem
1482 1220 1595 1252 incru-

244 1281 423 1314 stationem
450 1282 548 1324 panis
583 1282 820 1316 recordaberis
855 1287 1039 1326 ceteraque
1070 1284 1294 1318 medicamina
1318 1285 1463 1319 indicata
1490 1296 1594 1329 supra

242 1347 285 1379 ad
310 1358 342 1380 v.
370 1350 425 1380 11.
451 1365 495 1370 —-
544 1347 740 1389 referre,
775 1348 960 1389 reducere,
993 1350 1184 1383 restituere.
1210 1368 1254 1375 —·
1304 1351 1346 1384 V.
1370 1352 1416 1384 47
1440 1361 1490 1392 sq.
1539 1353 1594 1383 At

244 1418 310 1454 tu,
344 1414 412 1454 ait,
451 1413 651 1457 prudentius
684 1424 760 1456 age.
809 1415 970 1447 Pluribus
1004 1425 1091 1457 quae
1123 1420 1312 1459 sequuntur
1337 1418 1478 1460 exponit
1504 1418 1592 1450 Ονι-

243 1490 326 1513 mus
354 1482 426 1513 Art.
450 1481 524 1513 Am.
546 1480 607 1521 111,
633 1482 679 1512 59
704 1491 777 1522 sqq.
802 1498 849 1504 ·-—-
884 1491 968 1514 non
995 1482 1124 1516 tardo
1153 1483 1283 1526 pede,
1320 1489 1357 1517 ut
1382 1484 1490 1519 Ovm.
1518 1487 1592 1519 Art.

242 1548 317 1579 Am.
343 1546 404 1587 ΙΙΙ,
430 1548 488 1578 65.
538 1545 616 1578 Nou
651 1550 702 1578 est
736 1545 790 1579 hic
823 1548 1074 1590 prosopopoeia
1111 1549 1250 1592 proprie
1283 1548 1424 1583 dicenda
1458 1552 1593 1590 aetatis,

240 1612 300 1645 sed
335 1610 415 1644 nihil
448 1612 512 1644 uisi
547 1611 779 1655 metaphorica
813 1613 934 1645 oratio.
991 1614 1044 1646 De
1079 1625 1147 1656 quo
1182 1615 1374 1649 discrimine
1408 1627 1513 1660 saepe
1545 1618 1589 1650 ad

239 1678 441 1711 Pmnfflum
473 1678 609 1719 monui,
644 1677 687 1712 cf.
722 1679 765 1712 ad
799 1679 899 1713 Nem.
925 1680 985 1722 lV,
1019 1692 1053 1724 p.
1079 1684 1160 1715 395.
1186 1681 1229 1715 ad
1255 1681 1354 1715 Nem.
1380 1683 1419 1724 V,
1449 1694 1482 1726 p.
1507 1685 1591 1717 416.

239 1745 404 1777 Similiter
421 1745 538 1788 accipe
556 1745 642 1778 infra
658 1745 685 1787 Ι,
710 1748 763 1785 10,
782 1748 838 1779 34.
854 1765 896 1772 --
925 1747 1026 1789 illa,
1050 1749 1137 1782 bene
1156 1750 1318 1783 insertum
1339 1761 1526 1794 pronomen
1547 1752 1590 1786 ad

238 1809 390 1852 vigorem
416 1810 597 1852 orationis,
624 1810 666 1844 cf.
693 1813 849 1855 exempla
874 1811 969 1859 adl,
991 1815 1026 1854 2,
1051 1816 1109 1847 60.
1133 1832 1181 1839 -
1219 1816 1262 1849 V.
1288 1818 1333 1849 49
1348 1827 1422 1860 sqq.
1446 1827 1589 1860 puero

236 1884 350 1915 quae
387 1875 536 1917 gloria
572 1876 694 1908 victo
730 1877 828 1910 est?
890 1877 1033 1911 Confert
1066 1880 1387 1916 Wnnnnnmcmus
1422 1883 1466 1917 de
1503 1895 1589 1918 con-

236 1941 423 1973 structione
447 1940 575 1973 TAcx'r.
601 1941 692 1975 Hist.
719 1941 746 1982 I,
772 1946 840 1976 70:
873 1949 1047 1987 reputans
1067 1944 1153 1990 plus
1175 1946 1312 1992 gloriae
1340 1954 1480 1981 retenta
1508 1951 1588 1982 Ita-

236 2005 287 2038 lia
316 2006 413 2052 sore.
472 2008 684 2041 Sententiam
718 2013 832 2042 autem
867 2011 1011 2044 similem
1046 2011 1123 2045 vide
1159 2012 1266 2046 Ovm.
1300 2013 1385 2048 Met.
1410 2014 1473 2056 Ill,
1497 2017 1588 2049 654:

235 2083 328 2118 quae
363 2071 481 2117 gloria
520 2078 641 2105 vestra
675 2079 748 2115 est,
787 2074 819 2106 si
848 2087 1000 2119 pueram
1036 2075 1200 2113 iamnes,
1243 2077 1276 2110 si
1311 2078 1416 2110 multi
1445 2079 1588 2125 fallitis

235 2135 372 2170 unum?
396 2156 442 2162 —-
487 2138 571 2171 Mox
609 2139 649 2181 in
685 2143 871 2173 veteres
905 2151 1059 2182 senes,
1095 2141 1212 2175 addito
1237 2143 1324 2176 bene
1349 2144 1516 2178 adiectivo
1542 2146 1585 2179 ad

232 2202 424 2245 augendam
449 2203 516 2237 vim
542 2205 783 2248 oppositionis,
819 2206 861 2239 cf.
887 2206 929 2239 ad
957 2207 983 2247 Ι,
1014 2210 1042 2249 l,
1072 2210 1129 2241 62.
1179 2208 1232 2241 Ad
1259 2210 1460 2243 sententiam
1484 2211 1583 2243 Gun-

232 2281 378 2304 JtAanus
404 2270 536 2304 confert
562 2273 812 2315 Ams'rAssNss‘r.
836 2273 864 2315 J,
893 2276 945 2307 18.
996 2274 1126 2308 Alludit
1151 2285 1232 2308 vero
1259 2276 1300 2308 ad
1335 2286 1456 2309 canum
1480 2276 1581 2309 istum

233 2340 417 2369 amatorem
454 2342 576 2379 poeta,
612 2337 666 2370 cui
693 2338 807 2371 dedita
833 2343 906 2372 erat
931 2340 1056 2383 puella.
1106 2341 1157 2374 De
1181 2351 1244 2374 usu
1268 2352 1298 2374 v.
1323 2347 1445 2376 vetus,
1479 2346 1582 2373 vetu-

231 2407 309 2433 stas
346 2401 388 2436 cf.
424 2403 575 2436 Gmme.
610 2404 653 2436 ad
689 2404 792 2438 Ovid.
831 2405 917 2440 Met.
947 2406 1027 2448 Xll,
1062 2409 1140 2441 182.
1189 2408 1382 2440 Scnwntz.
1417 2406 1460 2439 ad
1491 2407 1580 2442 Plin.

230 2469 361 2512 Paneg.
389 2471 443 2502 14.
494 2470 567 2503 Res
594 2475 684 2505 uota.
712 2491 756 2496 ——
793 2476 970 2515 tenero,
996 2477 1033 2506 ut
1057 2474 1140 2506 alias
1171 2474 1274 2506 etiam
1299 2473 1455 2506 absolute
1481 2475 1582 2517 poni-

231 2537 286 2566 tur
319 2544 407 2576 vox.
447 2545 477 2567 v.
516 2547 543 2569 c.
581 2537 752 2572 lun-:mu
778 2539 873 2582 XIV,
897 2542 978 2574 215.
1014 2542 1232 2583 comparante
1267 2539 1578 2574 WuNnnnmcmo.

233 2599 306 2632 Alia
331 2600 433 2634 rerba
458 2601 613 2635 similiter
640 2604 751 2646 posita
782 2606 873 2648 apud
900 2605 1080 2639 Hunni-zu
1107 2604 1193 2638 vide.
1247 2604 1308 2637 Est
1343 2611 1455 2640 autem
1491 2616 1577 2639 nunc
