1721 2953
585 170 826 212 TIBULLI.
1349 180 1383 204 ci

38 287 259 329 declaravit
280 285 455 327 Veneris
485 287 675 334 tutelam,
704 297 814 324 nunc
845 281 1047 325 convertit
1075 295 1116 322 se
1149 278 1201 321 ad
1229 280 1387 320 insero-

35 378 130 404 rum
163 362 379 402 numinum
412 361 517 411 vim,
562 368 602 400 et
639 359 816 399 infertur
850 359 1100 410 magicarum
1137 369 1279 396 rerum
1314 354 1385 394 de-

35 441 199 493 scriptio
227 437 460 490 magnifica3
502 437 613 477 dedit
640 451 734 488 saga
762 435 895 489 perita
926 435 978 475 ad.
1005 435 1205 476 maiorem
1235 433 1387 473 securi—

34 523 156 556 tatem
184 523 330 567 poetae
361 526 549 563 carmen,
591 511 703 566 quod
736 512 770 551 si
799 518 863 550 ter
894 508 1222 563 pronuntiaverit
1251 507 1385 557 Delia,

36 591 326 631 obcoecabitur
364 603 480 630 mens
522 589 670 628 mariti.
738 589 953 627 Postremo
995 588 1160 627 ultimos
1200 584 1386 626 stimulos

32 667 309 722 persuasionis
339 665 529 708 admovet
557 665 676 705 tertia
704 679 799 718 pars
826 678 986 714 rerum,
1020 670 1245 703 monstrata
1273 660 1387 700 deni-

33 757 114 797 que
145 743 296 784 amoris
325 742 369 782 in
397 750 521 796 poeta
550 740 831 793 magnitudine
866 748 905 780 et
938 739 1188 788 constantia,
1230 751 1311 790 qua
1340 751 1386 775 re

32 817 133 874 quid
155 818 347 859 blandius
371 818 423 860 ad
448 816 766 859 commovendos
791 817 1011 857 mulierum
1038 810 1228 855 animos?
1282 812 1388 852 Sunt

33 894 154 936 etiam
195 895 261 934 hic
301 903 383 935 tres
425 895 506 936 loci
549 896 705 947 egregie
749 893 977 946 compositi.
1051 889 1224 933 Orditur
1263 891 1386 930 hinc:

31 982 149 1021 sagae
186 959 428 1020 tentationi,
471 984 577 1024 quae
617 971 739 1010 etiam
776 970 937 1009 solvere
976 968 1087 1007 hunc
1126 979 1308 1006 amorem
1349 974 1388 1004 et·

31 1046 283 1097 restinguere
318 1046 395 1085 hos
430 1046 544 1096 ignes
580 1050 623 1084 'ee
662 1057 783 1097 posse
823 1042 1004 1092 dicebat,
1045 1042 1237 1082 obnisum
1272 1052 1314 1079 se
1350 1046 1388 1078 et

31 1122 249 1173 restitisse,
287 1122 360 1176 qui
387 1134 603 1175 nunquam
635 1134 773 1161 carere
803 1133 882 1159 usu
912 1120 1057 1158 Deliae
1087 1117 1198 1157 velit.
1256 1117 1385 1154 Immo

31 1211 110 1250 pro
141 1212 189 1238 eo
219 1196 356 1237 omnia
386 1197 508 1236 saciat
537 1203 578 1236 et·
607 1197 711 1235 ferat
739 1182 945 1234 lubenter.
1003 1193 1070 1233 Sic
1099 1192 1218 1231 altius
1246 1192 1389 1243 surgit.

32 1273 91 1314 Ac
121 1274 302 1326 primum
335 1272 509 1326 opponit
543 1273 684 1313 rivalis
715 1273 857 1324 paullo
896 1279 989 1310 ante
1026 1271 1069 1309 in
1101 1271 1256 1309 bellum
1291 1282 1387 1320 pro-

32 1347 129 1388 fecti
155 1347 312 1389 levitati
341 1361 456 1387 suam
491 1345 636 1396 fidem,
677 1359 774 1385 suos
807 1358 972 1394 sensus,
1017 1344 1090 1397 qui
1121 1343 1173 1383 acl
1203 1351 1384 1383 aratrum

33 1433 73 1464 et
92 1425 200 1464 inter
222 1431 362 1476 greges
385 1424 490 1463 laete
515 1422 678 1475 degeret
703 1436 796 1462 cum
821 1422 944 1461 Delia
973 1421 1069 1461 solis
1098 1420 1142 1459 in
1164 1420 1388 1465 montibus,

31 1500 125 1551 sed,
164 1515 256 1541 cum
287 1514 374 1540 non
403 1499 611 1552 aperiatur
630 1484 784 1549 ianua,
821 1508 1032 1552 postremo
1072 1499 1194 1539 etiam
1226 1498 1387 1550 templis

30 1578 206 1629 supplex
231 1577 504 1629 procumbere
530 1584 569 1616 et
592 1578 764 1629 genibus
789 1585 942 1617 terram
968 1590 1189 1630 perrepere
1219 1583 1387 1628 paratus

31 1663 112 1705 est,
151 1655 185 1695 si
215 1655 322 1695 forte
352 1654 625 1695 adversentur
657 1653 714 1694 dii
750 1663 790 1694 et
829 1653 1027 1693 meruerit
1063 1652 1242 1707 aliquid,
1286 1653 1387 1691 nihil

32 1744 119 1770 non
147 1733 395 1770 toleraturus
424 1744 502 1782 pro
528 1744 606 1770 usu
634 1731 809 1783 puellae.
866 1731 915 1769 In
945 1743 1028 1783 quo
1056 1727 1170 1769 vides
1199 1726 1250 1767 ad
1277 1741 1388 1766 sum-

32 1820 147 1846 mum
178 1815 341 1845 auctum
366 1807 573 1846 fervorem
601 1806 791 1855 affectus,
827 1814 874 1844 ut
903 1806 984 1844 iam
1010 1804 1113 1843 nihil
1145 1802 1241 1842 addi
1268 1815 1388 1854 posse

32 1881 234 1923 videatur.
290 1881 356 1921 Sic
387 1881 614 1921 absolvitur
648 1883 766 1921 tertia
797 1896 908 1934 pars.
966 1881 1109 1921 Restat
1148 1888 1194 1920 ut
1232 1880 1389 1919 exitum

31 1956 223 1996 indicem.
311 1955 415 1995 Cum
462 1963 645 1996 amantes
693 1956 833 1996 miseri
879 1964 972 1996 ante
1015 1956 1183 1996 ianuam
1226 1956 1387 2008 puellae

31 2033 174 2074 flentes
214 2046 334 2086 saepe
370 2031 609 2073 riderentur
647 2047 670 2072 a
708 2032 1092 2085 praetereuntibus,
1136 2030 1232 2072 inde
1268 2030 1390 2071 ducta

30 2110 165 2151 forma
203 2109 365 2163 poetica
406 2109 635 2161 argumenti
678 2108 870 2149 admonet
910 2110 1134 2163 superbos,
1186 2121 1273 2148 non
1314 2107 1389 2146 uni

31 2199 194 2240 semper
230 2187 389 2228 saevire
427 2185 572 2236 deum,
616 2194 739 2240 atque
781 2186 836 2226 ita
874 2186 1102 2227 communis
1140 2184 1213 2225 fati
1253 2184 1386 2225 cousi-

31 2260 263 2309 deratione,
303 2261 416 2315 quod
446 2263 544 2302 alias
574 2262 642 2302 alii
677 2262 907 2313 incumbat,
954 2264 1108 2303 solatur
1142 2275 1285 2314 graves
1318 2275 1385 2300 ae-

30 2350 212 2387 rumnas,
242 2344 436 2377 eventum
458 2351 557 2378 vero
580 2346 773 2378 votorum
798 2352 968 2379 suorum
988 2338 1165 2377 Veneris
1191 2338 1387 2391 aequitati

31 2411 305 2453 commendat.
362 2411 466 2452 Dixi
494 2411 543 2452 de
573 2415 650 2454 hoc
683 2414 795 2452 exitu
825 2414 906 2453 iam
937 2428 1074 2466 supra.
1129 2414 1301 2454 Vossius
1333 2413 1382 2453 ad

31 2489 249 2531 Messalam
277 2503 476 2531 revocans
507 2491 664 2541 locum,
702 2499 840 2543 peccat
871 2505 963 2530 cum
994 2492 1081 2531 aliis
1110 2490 1262 2540 modIS,
1298 2500 1382 2530 tum

33 2578 106 2616 eo,
145 2566 256 2620 quod
286 2568 481 2607 historica
511 2569 675 2608 subesse
710 2576 825 2619 putat
857 2568 976 2607 etiam
1009 2568 1087 2619 ibi,
1130 2569 1199 2607 ubi
1234 2571 1383 2608 solun}-

33 2639 158 2681 modo
198 2642 357 2695 poetica
393 2643 593 2684 sententia
636 2652 712 2692 est,
759 2658 832 2684 nec
873 2644 969 2698 quid
1009 2660 1084 2698 per
1124 2660 1164 2686 se
1207 2646 1382 2698 postulet
