1721 2953
317 171 399 198 cxn
850 153 925 193 DE
959 149 1118 194 POESI

317 279 475 323 notata,
511 283 586 311 nec
617 265 924 320 compositionis
954 265 1189 307 discrimina
1219 265 1458 317 manifesta,
1496 263 1547 305 de
1577 265 1669 320 qui-

318 354 397 392 bus
425 349 492 389 hic
522 346 695 387 dicetur.
751 343 942 385 Tibullus
972 344 1160 384 ubertate
1184 356 1345 392 rerum,
1377 340 1671 381 sententiarum

316 427 480 471 eminet,
505 419 741 477 Lygdamus
761 418 882 472 inops
907 428 965 460 est
987 420 1304 470 sententiarum3
1334 418 1502 458 Tibullo
1527 418 1671 457 servor

318 513 518 542 nervosus
538 496 748 551 proprius,
775 495 1011 550 Lygdamus
1034 497 1208 535 multum
1233 494 1407 534 inferior
1427 493 1469 536 vi
1490 493 1674 533 Tibullo.

315 577 378 616 Ita
408 576 559 615 factum
587 581 634 612 ut
662 571 843 626 primum
867 572 973 611 absit
1002 572 1052 611 ab
1078 571 1141 610 his
1171 569 1421 610 carminibus
1447 570 1518 608 illa
1537 568 1673 609 varie-

318 661 381 692 tas
419 664 560 691 rerum
601 657 641 690 et
681 649 902 690 affectuum
938 663 1016 701 per
1056 647 1213 688 Tibulli
1250 647 1380 685 libros
1421 658 1596 696 regnans
1637 652 1676 683 et

318 725 416 766 huic
439 725 496 764 ita
520 725 708 778 propria,
737 732 785 764 ut
808 725 886 765 hac
915 725 1002 764 sola
1025 724 1177 765 virtute
1205 721 1416 773 dignoscas
1439 721 1675 760 Tibulliana

321 804 373 842 ab
401 801 505 842 aliis.
558 801 613 841 At
643 800 751 840 enim
780 812 967 852 opponas
999 811 1163 838 carmen
1197 794 1381 847 sextum,
1415 794 1529 850 quod
1556 793 1676 836 valde

317 879 500 920 laudant.
558 876 701 927 Qualis
735 877 860 929 igitur
894 877 962 916 hic
993 877 1172 915 habetur
1210 871 1417 916 varietas?
1475 872 1678 912 Luctatur

319 962 443 1008 poeta
472 967 564 993 cum
598 952 705 993 curis
736 959 775 991 et
801 952 1009 991 aerumnis
1039 951 1211 1001 amoris,
1242 963 1345 1003 quas
1372 950 1526 1002 pellere
1553 962 1677 988 cona-

320 1038 390 1070 tur
417 1029 539 1079 vino,
573 1036 614 1068 et
641 1028 813 1067 fluctuat
843 1026 951 1066 inter
981 1025 1166 1066 dolorem
1200 1033 1238 1064 et
1266 1025 1514 1063 hilaritatem
1543 1035 1676 1075 usque

321 1103 374 1144 ad
403 1104 549 1153 finem,
588 1111 652 1142 ter
683 1103 871 1141 relabens
902 1099 954 1140 ad
985 1099 1192 1148 dolorem,
1233 1108 1296 1139 ter
1325 1112 1367 1138 se
1395 1111 1595 1138 revocans
1625 1095 1678 1136 ad

322 1181 585 1221 hilaritatem.
640 1180 690 1218 In
717 1192 800 1233 quo
828 1178 862 1218 si
890 1178 1023 1230 placet
1052 1176 1129 1216 tibi
1156 1176 1348 1216 luctantis
1379 1174 1505 1214 animi
1531 1172 1679 1224 imago,

322 1266 365 1297 at
393 1258 567 1298 varietas
601 1255 824 1294 affectuum
853 1251 1091 1292 Tibulliana
1122 1250 1202 1291 dici
1230 1250 1374 1304 nequit
1405 1247 1568 1298 adesse,
1606 1247 1680 1286 ubi

320 1346 398 1386 per
436 1340 570 1371 totum
611 1343 774 1370 carmen
814 1329 923 1367 inter
964 1326 1130 1367 eosdem
1171 1325 1275 1365 duos
1315 1333 1450 1365 motus
1488 1322 1678 1363 fluctuas.

320 1408 381 1448 Ac
416 1408 556 1447 ieiuna
588 1406 709 1446 etiam
751 1411 811 1444 est
840 1403 1051 1452 tractatio,
1093 1416 1186 1441 cum
1217 1400 1407 1440 disertior
1437 1399 1571 1439 omnis
1609 1397 1681 1437 ad-

320 1484 529 1524 umbratio
562 1484 712 1522 horum
743 1481 963 1521 affectuum
997 1488 1035 1519 et
1064 1477 1272 1530 oppositio
1304 1475 1523 1516 nervosior
1555 1471 1679 1522 desit3

321 1574 418 1601 nam
446 1558 632 1599 hilaritas
667 1558 754 1597 fere
792 1557 960 1597 nonnisi
995 1557 1051 1596 sic
1086 1553 1336 1603 declaratur,
1377 1559 1423 1590 ut
1453 1548 1504 1589 ad
1535 1549 1681 1589 biben-

325 1636 424 1677 dum
454 1651 497 1677 se
529 1636 769 1676 exhortetur
800 1642 944 1688 poeta,
984 1632 1104 1673 dolor
1135 1639 1273 1670 autem
1299 1630 1372 1671 vix
1401 1636 1516 1668 ortus
1546 1626 1682 1666 statim

324 1713 579 1765 reprimitur.
635 1708 859 1751 Ponendae
889 1718 1005 1749 erant
1034 1707 1231 1758 imagines
1261 1708 1410 1745 harum
1437 1716 1577 1742 rerum
1608 1715 1680 1741 ex-

324 1802 488 1843 pressae
529 1784 792 1842 (Gemc‘ilzlde);
841 1799 952 1825 nunc
990 1785 1129 1824 ieiune
1169 1791 1418 1838 properatur
1459 1782 1510 1821 ab
1553 1781 1681 1819 altero

325 1866 378 1907 ad
409 1868 604 1915 alterum,
650 1872 691 1904 et
717 1864 791 1904 vix
821 1876 930 1903 unus
968 1870 1008 1902 et
1046 1863 1149 1901 alter
1186 1862 1301 1901 locus
1341 1867 1402 1900 est
1438 1873 1478 1900 v.
1503 1860 1682 1906 13-16.,

325 1960 365 1986 v.
388 1944 583 1991 tis-50„
621 1940 696 1979 ubi
725 1938 1010 1990 descriptionis
1049 1936 1203 1990 aliquid
1239 1936 1422 1988 poeticae
1453 1933 1684 1987 deprehen-

329 2019 456 2060 ditur.
521 2017 636 2057 Patet
676 2014 781 2054 nihil
818 2013 944 2065 magis
983 2011 1161 2052 alienum
1197 2024 1283 2050 esse
1323 2010 1374 2048 ab
1413 2017 1498 2048 arte
1529 2007 1684 2047 Tibulli

329 2109 456 2149 supra
497 2092 713 2145 explicata.
780 2088 960 2131 Omnino
994 2085 1093 2141 quid
1129 2085 1337 2138 reperitur
1364 2082 1685 2135 descriptionum

330 2172 442 2227 apud
469 2165 756 2225 Lygdamum?
814 2166 956 2206 Posuit
985 2178 1082 2204 sane
1113 2162 1334 2203 nonnullas
1362 2161 1407 2200 in
1437 2159 1684 2199 carminibus

331 2252 415 2292 suis
445 2250 609 2290 imitans
633 2246 870 2294 Tibullum,
911 2242 982 2283 sed
1013 2238 1187 2297 quales?
1244 2237 1452 2280 Describit
1481 2238 1526 2276 in
1553 2236 1685 2289 prima

333 2328 459 2379 elegia
488 2325 664 2374 librum,
699 2335 820 2375 quem
851 2322 1012 2374 puellae
1040 2318 1182 2367 mittit,
1213 2315 1405 2357 describit
1434 2313 1478 2352 in
1507 2310 1686 2353 secunda

334 2402 497 2443 ultimos
533 2400 714 2439 honores
743 2397 998 2449 sepulturae,
1038 2407 1142 2447 quos
1176 2391 1253 2432 sibi
1285 2398 1379 2443 post
1409 2396 1583 2428 mortem
1614 2400 1686 2426 ex-

334 2476 468 2518 hiberi
513 2474 650 2526 cupit,
705 2470 896 2512 describit
940 2471 980 2510 in
1028 2476 1174 2523 quarta
1217 2463 1419 2519 Apollinis
1460 2459 1687 2501 citharoedi

334 2553 543 2601 habitum,
592 2562 698 2602 quac
740 2545 987 2587 inventionis
1026 2542 1189 2584 laudem
1229 2541 1385 2581 nullam
1424 2537 1599 2584 habent,
1648 2541 1687 2574 et

336 2626 519 2669 eiusdem
559 2624 695 2666 omnia
735 2621 891 2674 generis
933 2628 1048 2671 sunt,
1096 2631 1188 2658 nam
1231 2614 1277 2654 ad
1323 2619 1585 2666 conspectum
1622 2623 1687 2648 rc-
