1721 2953
258 68 337 103 20⁴
573 62 943 105 (JOMMEN'I‘AR.
974 66 1030 105 IN
1063 67 1289 106 TIBULLI

257 178 418 211 noristum
445 181 589 219 tempus,
617 176 706 209 unde
732 184 822 209 esset
848 179 949 212 scribi
975 180 1097 223 potuit,
1127 180 1414 223 quemadmodum
1434 181 1466 214 in
1487 192 1606 216 exem-

258 247 316 289 plo
343 257 363 278 a
388 245 688 290 WuNnssnmcmo
723 250 920 289 comparato
949 247 1024 280 Cic.
1053 248 1121 281 Off.
1148 247 1175 289 l,
1204 251 1236 290 8,
1261 251 1304 282 3:
1342 247 1478 293 Quibus
1503 248 1607 282 rebus

258 310 422 354 est'ecltcm
448 314 501 341 est
534 315 575 341 ut
609 308 754 352 infinita
775 311 947 353 pecuniae
972 311 1151 355 cupiditas
1177 319 1279 348 esset.
1329 314 1494 347 Similiter
1524 313 1606 348 ibid.

260 378 332 409 libr.
360 376 403 417 Il,
428 386 458 409 c.
486 377 518 410 4.
547 380 654 410 extr.:
679 375 925 422 effectumque,
952 385 988 410 ul
1016 385 1106 411 esset
1132 379 1210 412 rita
1235 380 1413 417 munilior²
1440 385 1475 415 et
1493 381 1604 426 Epist.

259 443 300 476 ad
326 442 447 476 Famil.
472 443 498 484 l,
525 445 570 476 7:
617 443 710 475 Nam
737 444 798 489 qui
826 444 911 488 plus
945 445 1091 489 opibus,
1126 446 1252 484 armis,
1288 447 1451 490 potentia
1476 447 1606 485 valent,

254 507 448 552 profecisse
474 514 616 540 tanlum
641 507 727 540 milti
760 508 926 542 ridentur
949 510 1111 543 stultitia
1141 517 1175 543 et
1210 511 1452 545 inconstantia
1482 513 1610 545 culver-

259 573 451 610 εανίονιιιιι,
492 580 533 606 ut
566 573 673 606 etiam
708 574 927 607 auctoritate
961 575 1032 608 iam
1061 575 1146 620 plus
1180 577 1352 610 valerent.
1376 596 1423 602 —-—
1461 578 1532 611 Sed
1566 579 1608 611 de

260 640 459 683 pronomine
492 638 563 673 hic
596 644 648 673 est
682 651 804 683 magna
830 640 1009 674 dubitatio.
1060 642 1212 675 Vossms
1238 646 1274 675 et
1300 643 1463 676 BAcfflus
1487 644 1610 678 Ham-

260 715 306 738 ευ
342 706 573 739 coniecturam
607 706 657 738 sic
692 713 917 750 receperunt,
951 706 1011 740 sed
1050 708 1138 740 male
1175 708 1303 741 dictum
1336 713 1371 742 et
1404 710 1610 743 collocatum

259 769 409 816 infamis
434 770 484 804 sic
518 781 567 815 pr.
601 772 650 805 sic
683 772 835 814 infamis,
874 777 912 805 ut
948 773 1090 814 volunt3
1127 773 1236 806 altera
1273 784 1354 807 vero
1380 776 1486 808 ratio:
1528 774 1612 808 haec

261 847 363 870 causa
390 837 471 871 fecit
495 842 532 872 ut
556 839 606 872 sic
641 844 752 881 esset,
787 840 1035 873 intolerabilem
1075 840 1306 883 pleonasmum
1335 840 1448 874 habet.
1499 841 1613 874 WUN-

264 914 486 937 DERLICHIUS
513 909 547 938 et
576 904 809 946 Huscmuus,
844 916 930 948 quos
954 906 1108 953 sequitur
1133 907 1378 948 Germanus,
1415 910 1614 949 comparant

263 969 321 1001 hic
347 969 432 1001 delas
456 980 559 1013 supra
583 970 627 1012 11,
653 973 684 1010 1,
706 973 763 1004 79.
789 974 824 1003 et
844 982 935 1013 puer
961 970 1017 1001 llic
1042 971 1230 1005 PROPERT.
1252 972 1278 1012 l,
1297 975 1330 1012 7,
1355 975 1406 1004 15.
1433 973 1502 1004 suis
1529 973 1613 1005 locis

265 1047 352 1079 quae
378 1037 574 1080 aptissima,
599 1048 710 1079 neque
737 1047 818 1070 vero
844 1036 922 1069 huic
948 1038 1153 1069 conveniunt
1178 1039 1346 1081 exempla.
1399 1037 1485 1071 vide
1512 1038 1616 1080 igitur

265 1114 307 1136 an
333 1104 585 1147 oppositionem
617 1105 649 1137 in
676 1104 788 1137 animo
815 1103 970 1136 habuerit
996 1104 1165 1137 Tibullus.
1214 1105 1325 1137 Dicit:
1366 1104 1445 1136 Heu
1471 1105 1616 1146 quicun-

266 1180 332 1211 que
357 1170 440 1203 deus
466 1170 609 1203 formam
635 1170 730 1203 dedit
754 1181 876 1204 avarae
892 1196 901 1213 ,
926 1170 1006 1213 qnid
1033 1171 1131 1204 fecit!
1184 1171 1271 1203 Hinc
1298 1172 1396 1204 fletus
1427 1175 1616 1204 amatorum

267 1236 353 1277 orti,
390 1235 467 1269 hinc
492 1236 619 1269 factum
645 1240 683 1269 ut
708 1235 766 1267 lzic
790 1236 895 1278 deus,
934 1238 1059 1278 Amor,
1096 1236 1229 1270 infamis
1255 1242 1355 1271 esset.
1406 1238 1511 1271 Vides
1536 1238 1617 1281 qnid

268 1302 388 1335 velim:
425 1302 489 1335 Ille
524 1302 609 1335 deus
634 1303 724 1335 dono
762 1313 825 1337 suo
851 1304 954 1345 fecit,
980 1308 1017 1336 ut
1044 1303 1096 1336 hic
1123 1304 1206 1336 deus
1233 1304 1366 1336 infamis
1393 1309 1494 1336 esset.
1546 1305 1617 1336 Du-

269 1367 367 1400 bitari
394 1367 528 1410 quidem
557 1371 669 1410 potest
701 1367 742 1400 de
770 1368 993 1411 productione
1021 1368 1131 1400 brevis
1167 1368 1320 1409 syllabae
1347 1367 1518 1412 infans&
1556 1379 1617 1401 ne-

270 1444 336 1476 que
372 1434 484 1466 omnia
521 1434 678 1476 exempla
715 1431 814 1465 huius
849 1433 1006 1465 licentiae
1034 1432 1123 1465 bona
1158 1436 1192 1465 et
1219 1433 1434 1474 incorrupta,
1474 1432 1618 1466 fortasse

271 1503 383 1532 tamen
411 1510 498 1532 nunc
524 1511 597 1532 eam
624 1499 779 1541 admisit,
814 1510 889 1533 cum
916 1501 982 1532 vim
1007 1501 1198 1532 sententiae
1223 1500 1388 1532 sustineat
1413 1510 1490 1533 vox.
1550 1502 1619 1533 Ce-

271 1571 381 1598 terum
408 1567 495 1600 conf.
522 1566 549 1607 Ι,
576 1569 608 1608 4,
634 1569 689 1599 44.
716 1585 761 1589 ——
802 1567 841 1600 V.
868 1569 914 1598 39
939 1578 1014 1608 sqq.
1065 1567 1120 1598 At
1151 1566 1247 1598 tibi.
1297 1567 1484 1608 Postquam
1512 1578 1619 1609 gene-

273 1631 388 1663 mliter
420 1631 506 1663 dixit
538 1631 581 1663 de
614 1631 726 1663 causis
758 1631 918 1663 avaritiae
956 1634 991 1663 et
1017 1640 1275 1672 aerumnarum,
1314 1632 1437 1673 quibus
1463 1633 1621 1666 laborant

271 1699 439 1727 amatores
480 1699 514 1727 et
550 1699 749 1728 exsecratus
785 1699 837 1728 est
875 1699 1034 1728 auctores
1071 1696 1254 1737 avaritiae,
1293 1702 1493 1730 exsecratur
1531 1708 1620 1731 nunc

274 1762 469 1806 specialiter
506 1762 611 1806 ipsius
637 1762 793 1795 Nemesis
821 1763 995 1796 avaritiam
1032 1774 1093 1807 per
1125 1763 1361 1806 gradationem
1394 1763 1549 1796 affectus.
1576 1782 1622 1788 —

275 1828 425 1870 pretio
451 1839 468 1860 v
485 1828 630 1870 ictos⁷
657 1838 832 1861 munerum
858 1829 1092 1871 magnitudine
1116 1833 1298 1872 superatos
1324 1840 1344 1862 a
1369 1829 1622 1862 ditioribus.—

274 1893 490 1936 Eripiant
528 1898 686 1926 ventus
721 1898 764 1927 et
802 1894 923 1936 ignis
963 1905 1092 1938 opes,
1138 1895 1293 1928 incendio
1330 1895 1507 1928 deleantur
1541 1905 1624 1938 opes

275 1960 389 1991 alente
415 1962 449 1993 et
482 1960 652 1993 excitante
686 1961 798 2003 ignem
824 1966 937 1995 vento.
995 1963 1125 1995 Passim
1152 1963 1343 1995 monuimus
1371 1962 1625 1996 exsecrationes

278 2026 427 2066 peccatis
452 2026 722 2068 accommodari,
752 2027 795 2061 cf.
821 2028 863 2060 ad
890 2027 916 2068 Ι,
941 2031 974 2068 5,
1001 2030 1045 2061 49
1071 2039 1144 2071 sqq.
1172 2033 1206 2061 et
1231 2029 1258 2070 Ι,
1285 2032 1318 2070 6,
1342 2032 1411 2070 533
1447 2029 1496 2061 sic
1521 2028 1625 2061 etiam

277 2101 366 2123 nnnc
391 2090 534 2123 avaritia
560 2102 625 2124 non
653 2097 767 2135 potest
792 2095 903 2137 aptius
930 2095 1038 2138 puniri
1065 2106 1164 2138 quam
1191 2096 1318 2139 inopia.
1349 2113 1395 2119 —
1435 2095 1624 2128 iuvenes

278 2161 493 2200 spectent
532 2158 667 2200 laet—i,
702 2159 744 2192 cf.
771 2160 797 2201 Ι,
824 2163 857 2201 6,
882 2164 959 2202 8].,
986 2162 1197 2195 incendia
1223 2166 1318 2203 tua,
1354 2172 1455 2205 opum
1483 2165 1627 2203 tuarum,

276 2222 442 2265 flagrante
468 2221 674 2257 habitatione
709 2229 775 2258 tua.
827 2225 876 2257 De
903 2225 1003 2259 domo
1034 2228 1169 2270 propria
1195 2227 1372 2269 Nemesis,
1410 2237 1510 2270 quam
1535 2226 1627 2260 Vos-

280 2299 356 2321 ειυς
382 2289 489 2322 credit
515 2289 637 2331 fuisse,
665 2296 758 2334 patet
784 2291 862 2325 nihil
889 2291 964 2326 hinc
991 2293 1097 2336 sequi.
1127 2313 1173 2318 —
1206 2293 1342 2327 addat
1368 2302 1541 2335 aquam,
1567 2300 1626 2323 so-

279 2354 398 2387 lemnis
425 2355 562 2397 locutio,
589 2360 625 2388 ut
646 2358 745 2389 ctiam
769 2358 928 2391 Vntmus
953 2359 1111 2392 observat
1131 2370 1331 2403 comparans
1353 2360 1459 2392 Ovm.
1479 2356 1627 2390 Remed.

280 2422 411 2453 Amorr.
442 2431 471 2453 v.
499 2423 589 2454 551:
618 2423 683 2454 J-:st
709 2421 783 2454 illic
808 2423 989 2456 Lethaeus
1014 2424 1142 2460 Amor,
1168 2425 1230 2470 qui
1250 2429 1395 2468 pectora
1418 2427 1537 2457 sanat,
1565 2422 1628 2453 In-

280 2500 346 2532 que
381 2499 467 2520 suas
500 2487 654 2532 gelidam
687 2489 872 2534 lampadas
907 2491 1020 2524 addat
1054 2503 1196 2536 aquam.
1245 2491 1354 2534 Epist.
1383 2501 1424 2523 ex
1457 2491 1570 2523 Ponto
1603 2489 1630 2531 l,

280 2559 312 2594 Η,
341 2557 404 2587 ⁴5:
444 2556 539 2597 Quos
572 2566 633 2598 ego
661 2559 771 2589 nescio
805 2557 860 2589 cui
887 2556 997 2590 colui.
1034 2555 1159 2601 quibus
1187 2555 1259 2599 ipse
1285 2554 1433 2588 solebam
1461 2555 1525 2588 Ad
1547 2561 1629 2587 sala
