1721 2953
595 118 839 161 TIBULLI.
1250 132 1375 156 mlxxx

38 236 128 277 Hoc
160 238 252 278 loco
284 237 436 276 notabo
468 235 640 288 figuram
673 232 723 278 ἓν
755 228 827 276 δίιὶ
858 232 978 276 δυοῖν
1010 234 1150 274 abesse
1181 248 1204 273 a
1234 234 1389 273 Tibulli

39 314 240 353 oratione.
306 313 417 351 Male
450 312 506 361 ΙΙ,
538 315 583 359 1,
616 315 653 351 1.
679 310 815 363 fruges
843 312 1044 350 lustramus
1073 318 1107 350 et
1141 325 1254 360 agros
1285 310 1388 350 acci-

37 389 124 440 pias
154 403 217 441 pr.
247 389 382 439 fruges
413 401 620 438 agrorum.
675 386 763 427 Nec
794 388 833 437 Ι,
862 390 908 437 6,
939 391 1002 427 13.
1030 395 1116 427 tunc
1146 402 1275 426 succos
1304 388 1388 426 her-

37 467 175 520 basque
195 466 284 505 dedi
304 479 369 518 pr.
392 478 532 504 succos
558 465 784 504 herbarum
810 473 868 503 est
893 463 1063 513 (lictum,
1090 472 1136 504 ut
1157 465 1215 504 ibi
1236 465 1389 513 notavi,

37 550 106 581 aut
132 541 230 580 ibid.
260 558 297 583 v.
314 544 382 580 25.
408 554 577 591 gemmas
601 543 816 593 signumque
843 555 906 592 pr.
928 554 1182 592 gemmarum
1207 541 1389 591 signun13

38 616 156 655 etiam
197 617 236 664 Ι,
269 621 306 666 7,
337 617 405 655 49.
438 624 582 655 centum
618 617 715 654 ludis
744 618 971 669 Geniumque
1000 617 1140 654 choreis
1176 616 1391 654 concelebra

37 691 123 731 noli
160 691 404 731 chorearum
439 690 560 731 ludos
600 691 849 742 intelligere,
894 699 939 730 ut
974 689 1192 743 probabile
1227 689 1390 729 cuidam

37 767 128 807 viro
160 765 281 806 docto
312 767 459 807 visum.
515 766 653 820 Atque
684 768 785 806 haec
817 765 866 805 de
897 766 973 805 his.
996 787 1054 795 —-
1110 767 1281 805 Secundo
1310 767 1389 805 loco

36 842 206 881 nomino
235 841 339 881 illud
368 855 495 893 genus
526 841 836 892 mundationis,
872 840 986 895 quod
1014 842 1204 893 genitivis
1235 841 1387 895 utitur3

36 931 142 970 quae
175 932 241 958 res
273 931 394 970 saepe
429 916 739 971 exquisitiorem
775 916 1040 969 splendorem
1077 918 1222 967 habet,
1264 932 1388 971 quam

35 993 107 1046 qui
134 993 308 1046 simplici
334 993 514 1033 orationi
541 993 777 1043 conveniat,
807 994 936 1034 veluti
962 992 1076 1047 quod
1102 1007 1321 1046 perperam
1346 995 1390 1034 in

35 1068 249 1106 Tibullum
291 1068 450 1107 illatum
492 1077 579 1108 erat
618 1069 679 1118 ΙΙ,
708 1072 755 1119 1,
787 1071 854 1108 65.
885 1070 1062 1108 assiduae
1093 1073 1200 1109 textis
1235 1078 1393 1123 operata

34 1143 237 1181 Mmewae.
289 1142 530 1182 Lectionem
552 1125 1023 1196 codicum'quorundam
1042 1144 1112 1193 IV,
1132 1148 1168 1194 6,
1190 1147 1226 1183 1.
1243 1153 1393 1184 sanctos

36 1231 133 1270 cape
169 1221 261 1257 turis
297 1219 451 1257 honores
490 1218 612 1269 vulgo
651 1227 856 1270 receptam
898 1219 1057 1271 expulit
1096 1219 1391 1259 Lachmanuus

36 1301 75 1331 et
103 1294 314 1334 revocavit
343 1308 510 1342 acervos,
539 1294 758 1332 meliorum
787 1292 972 1333 codicum
1005 1296 1248 1334 auctoritate
1276 1298 1392 1336 obla-

34 1377 134 1408 tum.
193 1367 317 1417 Quod
346 1367 586 1407 tenendum.
645 1368 756 1408 Dicit
779 1369 970 1409 Tibullus
998 1374 1098 1423 iuris>
1119 1373 1272 1411 honores
1304 1374 1336 1420 I,
1354 1379 1392 1423 7,

35 1446 108 1492 53,
141 1457 276 1497 neque
305 1443 383 1482 hoc
412 1443 632 1493 miramur,
663 1451 703 1483 at
727 1452 874 1483 sanctos
901 1449 993 1484 turis
1021 1447 1176 1486 honores
1205 1449 1392 1488 ornatius

34 1517 211 1558 dixerim
237 1523 360 1572 q'uam
385 1532 463 1571 pro
489 1519 746 1570 simplicitate
769 1520 939 1560 Tibulli.
996 1520 1105 1562 Vide
1130 1537 1240 1562 nunc
1266 1525 1391 1563 liuius

35 1594 377 1646 compositiones:
421 1596 510 1633 culti
540 1598 672 1644 iugera
711 1597 827 1634 multa
864 1597 932 1635 soli
967 1598 1008 1646 I,
1045 1601 1089 1642 1,
1119 1603 1159 1637 2.
1190 1608 1227 1638 et
1260 1603 1393 1649 iugera

33 1675 158 1706 terrae
186 1670 217 1718 Ι,
246 1672 282 1719 3,
314 1672 391 1719 753
430 1673 522 1708 rivos
547 1674 816 1722 praetereunt&
845 1686 970 1724 aquae
1003 1673 1032 1721 Ι,
1064 1677 1098 1723 1,
1127 1678 1203 1724 28,
1246 1677 1394 1714 Veneris

33 1757 196 1792 magnae
230 1746 384 1781 numina
416 1744 448 1792 Ι,
476 1748 515 1793 2,
546 1748 621 1793 813
661 1745 834 1783 hibernae
860 1745 1015 1796 frigora
1056 1748 1233 1797 brumae,
1270 1754 1398 1789 aestivi

33 1826 203 1872 tempora
232 1821 334 1857 sscca
361 1819 473 1857 Canis
503 1818 534 1867 Ι,
558 1818 597 1868 4,
621 1821 658 1857 5.
680 1822 718 1857 6.
749 1820 792 1858 in
825 1821 1099 1872 oppositione.
1156 1824 1261 1862 Mox
1290 1823 1393 1865 ibid.

34 1908 74 1934 v.
93 1897 160 1932 31.
193 1892 364 1946 ufir-mae
382 1892 477 1945 fata
506 1901 686 1933 senectae.
754 1894 861 1933 Tum
891 1896 922 1945 Ι,
949 1899 986 1945 5,
1012 1902 1050 1936 7.
1076 1896 1393 1950 surtloifhedera

33 1969 136 2019 Iect1'3
174 1967 212 2017 Ι,
239 1972 283 2018 8,
307 1967 373 2008 47.
407 1971 520 2021 primi
542 1972 714 2022 temporis
741 1977 868 2021 aelas3
909 1971 947 2020 Ι,
974 1975 1010 2020 9,
1039 1976 1107 2012 32.
1145 1975 1241 2013 nullo
1278 1976 1397 2015 divitis

34 2046 126 2082 auri
157 2044 343 2097 pondere,
386 2042 488 2083 ibid.
528 2058 568 2084 v.
587 2048 656 2084 35.
697 2046 824 2084 sidera
864 2048 962 2085 caeli
1001 2055 1040 2086 et
1075 2063 1194 2101 puras
1222 2048 1392 2102 ficlmsm's

36 2121 137 2167 οἰαε,
182 2126 222 2157 et
259 2117 361 2157 ibid.
396 2133 434 2159 v.
463 2122 529 2158 62.
573 2127 656 2158 rota
686 2120 851 2172 Luciferi
881 2129 989 2171 orta,
1031 2131 1119 2162 tum
1157 2125 1215 2175 ΙΙ,
1248 2128 1293 2176 1,
1323 2127 1392 2166 47.

35 2194 152 2232 calidi
186 2195 315 2232 sideris
348 2201 464 2234 aestu.
532 2194 704 2234 Constat
745 2210 842 2236 vero
874 2198 1040 2237 usitatas
1072 2201 1394 2252 compositiones

36 2283 147 2320 esse,
188 2269 304 2310 rivus
338 2283 490 2322 aquae,
532 2270 658 2310 fontis
697 2286 825 2324 aqua,
869 2273 952 2312 sata
986 2283 1195 2326 senectae,
1238 2277 1394 2330 frigora

35 2345 231 2394 brumae,
278 2344 473 2397 temporis
515 2353 646 2395 aetas,
694 2346 859 2399 pondus
901 2349 1013 2399 auri,
1066 2350 1209 2402 iugera
1247 2361 1394 2405 terrae,

38 2418 173 2460 sidera
203 2421 326 2469 caeli⁷
360 2428 405 2459 ut
433 2419 537 2459 nihil
563 2421 607 2459 in
630 2421 694 2460 his
719 2422 963 2475 exquisitius
990 2424 1054 2463 sit.
1113 2426 1394 2478 Elegantiores

38 2495 323 2536 tantummodo
355 2505 451 2535 sunt
480 2497 673 2548 phrases:
709 2513 831 2551 purae
849 2498 1018 2551 fitltm'm's
1045 2505 1144 2551 viae,
1178 2511 1262 2542 rota
1284 2506 1396 2544 Luci-

28 2571 110 2623 feri
138 2580 176 2611 et
203 2571 327 2625 quod-
347 2586 397 2612 ex
429 2572 459 2621 Ι,
485 2579 523 2622 8,
546 2577 612 2614 20.
640 2572 734 2614 addi
764 2583 919 2626 potest,
948 2584 1080 2617 cantus
1110 2581 1232 2618 iratae
1262 2581 1396 2622 detinet
