1721 2953
1416 107 1461 130 lx

122 414 303 464 VITAE
326 412 569 461 TIRULLI
593 409 674 458 EX
698 405 1120 472 ANTIQUITATE
1138 399 1466 453 SERvATAE.

562 622 716 662 VITA
771 617 1034 660 TIBULLI

228 769 294 804 EX
320 769 573 804 CODICIBUS
600 770 665 804 ET
691 768 1001 804 EDITIONIBUS
1028 763 1313 802 VETERIBUS.
1339 763 1370 805 ‘)

122 955 297 1027 Albius
325 987 515 1027 Tibullus
546 1000 672 1039 eques
701 986 935 1035 Romanus,
981 982 1151 1035 insignis
1183 981 1318 1020 forma
1347 980 1478 1019 cultu-

125 1083 204 1122 que
235 1068 419 1120 corporis
450 1066 718 1106 observabilis
749 1073 842 1104 ante
872 1065 972 1105 alios
1002 1062 1232 1102 Corvinum
1259 1061 1479 1100 Messalam

125 1146 324 1196 originem
356 1141 450 1197 (leg.
482 1138 708 1194 oratorem)
739 1140 902 1190 dilexit,
942 1142 1056 1180 cuius
1096 1148 1136 1179 et
1174 1138 1479 1180 contubernalis

125 1220 371 1274 Aquitanico
401 1218 510 1257 bello
538 1217 783 1255 militaribus
803 1215 922 1254 donis
942 1214 1118 1253 donatus
1146 1222 1218 1254 est.
1275 1214 1354 1253 Hic
1374 1215 1480 1253 mul-

123 1306 261 1337 torum
290 1294 441 1334 iudicio
473 1293 532 1344 [et
557 1294 735 1331 maxime
762 1289 1040 1339 Quinctiliani,
1069 1289 1148 1328 viri
1174 1289 1218 1328 in
1238 1287 1372 1329 studia
1404 1288 1480 1340 [et]

121 1372 352 1411 litterarum
381 1367 602 1406 acerrimae
637 1363 872 1415 licentiae7]
915 1363 1144 1416 principem
1182 1364 1292 1403 inter
1331 1366 1481 1417 elegio-

126 1445 301 1497 graphos
332 1443 489 1482 obtinet
516 1443 666 1481 locum.
723 1439 930 1491 Epistolae
953 1452 1120 1492 quoque
1138 1440 1225 1479 eius
1247 1441 1482 1489 amatoriae,

128 1533 366 1575 quanquam
391 1520 551 1567 breves,
583 1517 753 1556 omnino
782 1516 901 1555 utiles
932 1523 1040 1555 sunt.
1097 1512 1212 1556 Obiit
1232 1514 1482 1556 adolescens.

128 1586 330 1648 [tempore
360 1594 538 1644 Virgilii,
579 1600 625 1631 ut
654 1591 806 1631 indicat
836 1592 1082 1644 epigramma
1110 1592 1219 1630 infra
1245 1592 1456 1644 scriptum.

299 1690 359 1728 Te
391 1701 559 1741 quoque
579 1689 755 1740 Vix-gfflo
788 1689 974 1728 comitem
1008 1700 1092 1726 non
1124 1701 1275 1739 aequa,
1307 1688 1483 1737 Tibulle²

351 1763 470 1802 ΜΟΓΒ
498 1763 691 1800 iuvenem
722 1774 884 1811 campos
920 1761 1028 1799 misit
1061 1759 1112 1798 ad
1142 1760 1325 1811 Elysios,

299 1835 363 1876 Ne
393 1836 518 1883 foret,
549 1841 618 1874 aut
644 1835 764 1884 elegis
795 1834 938 1872 molles
972 1834 1044 1885 qui
1074 1833 1192 1873 fleret
1222 1847 1380 1874 amores

355 1912 437 1951 Aut
468 1917 630 1951 caneret
656 1909 755 1949 forti
782 1908 893 1959 regia
927 1908 1032 1947 bella
1064 1907 1210 1961 pede]

381 2038 503 2045 -.—-

224 2119 257 2160 ’)
288 2118 376 2151 Vide
411 2127 498 2161 quae
526 2116 567 2150 de
600 2127 639 2149 ea
672 2118 811 2147 annotat
843 2113 1007 2156 Hcynius.
1067 2113 1263 2147 Huschkius
1296 2121 1369 2145 cam
1399 2122 1415 2144 a
1444 2112 1481 2144 1‘.

132 2179 324 2211 Burinanno
354 2178 513 2211 Secundo
535 2186 576 2209 ex
599 2175 726 2208 Codice
750 2173 838 2207 Bibl.
866 2174 956 2217 Reg.
980 2172 1117 2208 exhibet
1142 2172 1357 2217 descriptam.
1410 2171 1482 2204 Bos

133 2238 382 2271 Lat-humanum
410 2237 590 2280 sequimur.
