1721 2953
485 125 727 174 TIEULLI
776 125 886 171 LIB.
914 127 984 172 lv.
1018 135 1048 171 1.
1379 126 1442 172 83

166 251 356 299 Prossuit
391 261 466 297 aut
501 248 713 313 rapidus,
766 248 871 316 Cyri
903 248 1147 305 dementia,
1197 248 1384 315 Gyndes

164 338 274 384 Aret
306 334 506 383 Arecteis
543 334 668 380 haud
698 353 788 381 una
824 352 906 399 per
942 334 1054 381 ostia
1093 333 1289 398 campis,

165 425 257 470 Nec
287 439 376 487 qua
410 439 550 484 regna
583 439 696 483 vago
733 420 944 487 Tomyris
982 419 1125 466 finivit
1157 419 1327 476 Araxe,

167 509 312 573 Impia
347 526 429 554 nec
466 507 606 553 saevis
645 506 876 554 celebrans
912 507 1112 553 convivia
1147 506 1314 552 mensis

90 604 157 640 145
171 593 360 657 (Ultima
388 592 561 640 vicinus
597 592 784 639 Phoebo
822 605 938 639 tenet
973 595 1097 656 arva)
1132 592 1364 639 Padaeus:

169 680 362 744 Quaque
375 678 554 725 Hebrus
570 679 827 743 Tanaisque
843 679 878 725 G
889 690 978 724 etas
994 678 1110 741 rigat
1127 689 1257 743 atque
1270 679 1509 746 Magynos,

170 764 297 827 Quid
321 766 505 812 moror?
539 765 749 812 Oceanus
773 775 912 829 ponto
937 783 1024 829 qua
1051 764 1247 810 continet
1275 764 1443 822 orbem,

168 849 302 897 Nulla
337 850 419 898 tibi
456 851 654 897 adversis
693 850 818 914 regio
853 869 948 896 sese
982 850 1141 896 offeret
1177 850 1324 896 armis.

171 937 234 983 Te
267 948 418 983 manet
452 937 644 984 invictus
680 937 887 983 Romano
924 936 1070 982 Marte
1105 936 1352 983 Britannus

92 1023 326 1088 150Teque
361 1023 593 1070 interiecto
630 1022 789 1069 mundi
818 1040 924 1087 pars
962 1021 1098 1068 altera
1135 1021 1240 1072 sole.

169 1109 284 1155 Nam
321 1109 594 1156 circumfuso
631 1108 834 1155 consistit
866 1107 913 1154 in
945 1126 1045 1154 aere
1077 1107 1202 1154 tellus

170 1194 227 1241 Et
262 1195 461 1260 quinque
495 1195 541 1241 in
577 1206 726 1259 partes
762 1205 854 1240 toto
892 1193 1148 1258 disponitur
1181 1193 1301 1239 orbe.

170 1283 320 1345 Atque
353 1281 467 1327 duae
501 1280 649 1343 gelido
686 1290 919 1325 vastantur
952 1278 1121 1341 frigore
1158 1296 1358 1342 semper:

169 1365 265 1412 Illic
300 1377 341 1412 et
381 1366 520 1412 densa
551 1364 680 1411 teHus
717 1362 1013 1410 absconditur
1044 1363 1229 1419 umbra,

96 1451 231 1497 155Et
260 1450 383 1497 nulla
416 1451 596 1515 incepto
633 1449 882 1515 perlabitur
913 1448 1036 1495 unda
1073 1448 1272 1513 liquore,

173 1536 264 1584 Sed
288 1537 453 1584 durata
478 1537 592 1601 riget
610 1535 795 1583 densam
821 1536 867 1581 in
892 1534 1168 1600 giaciemque
1198 1534 1448 1597 invenique,

174 1623 358 1688 Quippe
382 1623 462 1670 ubi
485 1642 578 1670 non
602 1641 802 1688 uuquam
824 1622 957 1668 Titan
986 1640 1122 1685 super
1151 1620 1290 1684 egerit
1312 1631 1448 1666 ortus.

175 1709 234 1756 At
263 1709 410 1756 media
443 1721 506 1756 est
542 1708 715 1755 Phoebi
744 1725 921 1772 semper
957 1707 1154 1753 subiecta
1194 1705 1355 1762 calori,

191 1912 234 1946 V.
256 1914 336 1947 142.
378 1913 457 1946 Cm.
491 1923 573 1947 vE'r.
607 1912 725 1946 Ardet
760 1912 943 1954 Arectels,
986 1914 1092 1946 ceteri
1126 1913 1284 1946 meliores
1319 1912 1448 1945 Creteis

97 1977 211 2013 ardet.
280 1979 349 2012 Pro
385 1978 502 2011 Ardet
541 1979 794 2012 LACHMANNUS
832 1980 945 2011 Aret
983 1978 1027 2011 de
1063 1979 1259 2012 coniectura
1300 1980 1447 2022 scripsit.

96 2043 166 2076 Pro
191 2044 404 2077 Arecteis
433 2043 568 2086 quidam
596 2055 638 2077 ex
664 2045 780 2077 amicIS
804 2044 1018 2088 proponebat
1044 2045 1212 2079 Amareis.
1262 2046 1447 2078 ScAmet

99 2113 134 2142 et
156 2108 349 2150 Hssmsms,
383 2109 439 2151 qui
465 2109 565 2142 etiam
587 2109 699 2141 Radit
725 2110 889 2152 coniecit,
919 2109 1079 2143 volebant
1097 2109 1266 2143 Aret-teos
1286 2129 1328 2135 ——
1355 2123 1452 2142 cam—

95 2185 170 2218 pos,
229 2174 389 2206 BAcmus
424 2173 536 2206 Radit
567 2174 764 2208 Areccaeos
801 2186 877 2209 cum
910 2177 1064 2210 SALMAS.
1095 2176 1137 2209 ad
1174 2177 1282 2210 Solin.
1320 2189 1351 2221 p.
1369 2180 1451 2211 840.

99 2238 206 2273 Vides
233 2248 356 2272 nomen
381 2239 548 2272 incertum
574 2249 661 2273 esse.
681 2258 729 2264 —
778 2241 819 2274 V.
839 2243 916 2275 146.
946 2241 1138 2276 Hebrus.
1187 2243 1303 2284 ‘Vulgo
1328 2244 1450 2275 Istrus

99 2304 143 2338 de
176 2305 374 2339 coniectura
406 2304 647 2338 Bnomfflusn.
672 2323 718 2328 —
775 2305 999 2348 Magynos
1034 2304 1087 2337 vel
1121 2303 1288 2348 Megistos
1322 2307 1452 2350 optimi.

99 2370 164 2403 Alii
197 2369 365 2403 Mosinos.
391 2387 435 2393 —
495 2369 537 2403 V.
557 2371 633 2402 151.
669 2369 903 2403 consistit.
965 2369 1076 2411 Vulgo
1111 2369 1260 2401 considit
1292 2370 1335 2404 de
1369 2382 1452 2405 eon-

100 2435 227 2468 iectura
262 2435 423 2468 Hssmsn.

195 2517 236 2551 V.
256 2520 330 2550 157.
370 2517 525 2613 egerit
559 2517 679 2560 optimi
714 2518 859 2560 quique,
919 2516 1048 2563 ingerit
1080 2518 1292 2553 Rsscmnsts.
1369 2518 1454 2552 mud

101 2584 288 2615 Sexum-nn
320 2581 475 2615 revocavi
502 2606 512 2622 ‚
546 2579 610 2614 hoc
639 2581 906 2616 Bnonxnusms.

996 2646 1062 2687 6ss
