1721 2953
242 117 320 151 108
557 107 927 152 COMMENTAR.
952 111 1013 153 IN
1041 110 1270 153 TIBULLI

242 227 307 260 rint
332 225 441 259 omnia
470 224 537 256 alio
563 226 715 257 amatore
740 222 904 267 admisso,
943 223 1090 271 deniqne
1123 224 1278 258 dolorum
1304 224 1429 258 frustra
1453 226 1583 257 tentata

241 294 392 327 remedia
423 302 561 326 narrans
593 295 628 326 et
662 291 860 326 dissolutam
893 293 1016 335 vitam,
1054 293 1109 327 cui
1143 303 1180 326 se
1214 292 1347 326 dederit
1375 290 1583 334 aliquamdiu

237 361 309 392 sine
339 368 520 399 successu,
546 357 648 391 etiam
673 367 762 390 nunc
787 357 940 391 oblivisci
964 368 1002 391 se
1027 368 1093 391 non
1119 368 1220 402 posse
1245 357 1393 402 puellam
1419 355 1582 396 ostendit,

238 429 272 457 et
305 424 394 457 nulla
426 423 459 456 vi
492 422 673 456 delebilem
707 432 784 456 esse
811 422 1070 457 admirationem
1103 424 1176 457 eius
1211 422 1482 468 pulchritudinis.
1542 421 1581 454 In

238 498 304 530 quo
329 491 411 531 apto
434 488 555 523 ordine
588 499 701 522 rerum
735 489 880 534 primum
913 490 1049 534 quidem
1083 490 1248 534 temporis
1281 491 1448 524 rationem
1481 486 1582 522 habet

236 559 273 588 ut
297 555 412 597 vides,
448 566 623 599 exponens
646 557 726 600 quid
752 557 891 600 fecerit,
927 557 1007 601 quid
1033 557 1112 591 inde
1137 557 1348 601 speraverit,
1385 555 1466 599 quid
1493 565 1582 588 nunc

235 622 402 664 patiatur;
428 622 489 655 sed
513 622 612 656 simul
633 623 700 656 vim
723 622 888 665 elegicam
909 622 1175 667 descriptionum
1200 621 1395 655 observabis
1420 630 1579 655 crescen-

234 692 303 720 tem
327 686 377 720 sic
410 686 578 730 gradatim
611 698 690 722 cum
724 699 909 732 progressu
934 688 1102 723 carminis.
1150 687 1238 721 Nam
1264 692 1342 732 post
1366 697 1576 721 commemo-

242 757 315 786 rata
339 752 577 786 antecedentia
602 753 714 787 officia
739 754 821 797 quid
846 755 983 797 gravius
1009 757 1062 787 est
1086 753 1315 798 descriptione
1348 753 1475 787 frustra
1500 763 1579 797 spe-

234 823 327 853 ratae
362 819 470 853 selicis
505 821 595 855 vitae
627 831 758 855 summo
791 822 864 855 iure
898 822 1061 864 meritae,
1101 825 1137 855 et
1171 826 1247 866 post
1272 823 1444 865 cognitam
1482 820 1581 855 huius

235 886 406 920 felicitatis
436 885 609 929 pulchram
635 887 816 930 imaginem
850 888 928 922 vide
953 891 1113 931 quantam
1143 888 1210 922 vim
1237 887 1360 922 habeat
1391 889 1484 922 tertii
1511 889 1578 922 loci

235 953 407 996 oppositio
441 953 485 986 de
519 953 693 987 doloribus
726 959 848 998 poetae
873 954 950 989 hinc
976 956 1123 997 secutis,
1162 955 1204 988 de
1237 955 1474 1000 desperatione
1508 957 1579 990 dis-

232 1019 366 1052 solutae
400 1019 510 1060 vitae,
546 1023 652 1062 utque
685 1029 728 1053 ne
761 1020 810 1053 ita
842 1020 979 1063 quidem
1012 1020 1120 1054 deleri
1146 1021 1296 1065 potuerit
1319 1031 1415 1054 amor
1439 1022 1577 1065 puellae

234 1090 402 1120 tantorum
435 1087 601 1120 malorum
634 1086 794 1120 auctoris.
856 1087 1013 1120 Diximus
1045 1087 1088 1121 de
1122 1089 1230 1132 prima
1263 1092 1381 1133 parte,
1419 1099 1507 1132 quae
1540 1092 1578 1122 ut

232 1162 382 1186 amorem
414 1153 463 1185 ita
495 1153 663 1186 miseriam
699 1158 823 1197 poetae
854 1155 1055 1197 gravissime
1087 1155 1239 1199 exponit.
1301 1156 1456 1191 Quaeras
1488 1166 1577 1190 nunc

230 1219 311 1262 quid
345 1220 451 1253 maius
485 1223 520 1253 et
554 1219 726 1254 efficacius
759 1220 884 1254 afferre
918 1220 1067 1264 potuerit
1091 1221 1125 1254 in
1149 1220 1278 1254 altera.
1326 1220 1510 1255 Enimvero
1541 1221 1574 1254 in

234 1285 356 1318 talibus
391 1289 547 1329 tempora
582 1286 838 1322 consideranda.
898 1288 1054 1321 Vidimus
1092 1291 1206 1321 autem
1246 1287 1351 1322 fuisse
1389 1292 1460 1322 tum
1499 1288 1576 1330 alia,

232 1361 319 1392 quae
355 1351 431 1394 plus
467 1351 619 1384 valerent
653 1351 743 1395 apud
773 1353 925 1395 Deliam,
963 1352 1234 1396 quandoquidem
1270 1355 1367 1388 lenae
1401 1354 1574 1388 cuiusdam

230 1417 397 1460 pessimae
434 1418 627 1462 praeceptis
666 1428 788 1462 parens
826 1429 966 1453 munera
1002 1420 1114 1454 divitis
1149 1421 1310 1454 amatoris
1347 1420 1577 1464 praeferebat,

230 1493 293 1516 nec
318 1487 453 1526 poterat
477 1493 615 1527 sperare
640 1487 742 1528 poeta
761 1484 842 1518 solis
867 1484 1152 1529 descriptionibus
1176 1486 1455 1520 antecedentibus
1479 1498 1575 1522 com-

231 1552 359 1583 motum
385 1549 425 1582 iri
454 1550 601 1593 puellam
626 1550 714 1583 male
739 1553 945 1593 corruptam,
969 1550 1032 1583 nisi
1057 1551 1160 1584 etiam
1186 1550 1245 1584 has
1270 1555 1429 1585 externas
1453 1563 1574 1586 causas

229 1615 361 1648 discidii
395 1625 591 1657 removere,
629 1619 664 1648 et
689 1625 777 1658 quae
803 1615 882 1648 inde
915 1616 980 1649 sibi
1005 1616 1185 1650 obstabant
1211 1617 1472 1662 impedimenta,
1510 1620 1574 1655 im-

228 1691 381 1724 pugnare
413 1685 448 1713 et
481 1684 636 1713 evertere
665 1679 852 1713 studuisset
879 1680 958 1714 data
982 1691 1097 1725 opera.
1148 1683 1251 1718 Quod
1286 1683 1379 1718 fecit.
1426 1686 1478 1719 Ac
1499 1686 1575 1731 pri-

228 1758 320 1778 mum
353 1746 488 1789 quidem
522 1746 630 1790 ipsam
657 1746 764 1780 lenam
798 1747 996 1789 gravissima
1029 1748 1273 1792 imprecatione
1302 1750 1434 1793 obruit,
1469 1754 1574 1797 perfi-

226 1813 303 1846 diae
329 1816 526 1854 auctorem,
559 1817 598 1846 ut
631 1816 666 1846 et
698 1811 781 1846 haec
815 1813 886 1846 luat
916 1813 1055 1847 meritas
1091 1825 1220 1858 poenas
1253 1819 1288 1848 et
1314 1815 1411 1850 Delia
1434 1819 1572 1861 sentiat,

227 1888 327 1920 qnam
362 1878 537 1922 improbae
575 1880 707 1913 mulieri
746 1890 784 1913 se
822 1880 1012 1923 addixerit,
1053 1882 1340 1926 consideransque
1376 1883 1572 1919 denuntiata

227 1946 322 1979 lenae
357 1946 444 1979 mala
472 1947 574 1979 etiam
608 1947 672 1980 sibi
702 1947 878 1982 imminere
912 1949 1022 1984 discat
1053 1951 1196 1984 Veneris
1221 1952 1334 1985 laesae
1358 1952 1451 1985 iram.
1508 1954 1573 1984 Se·-

229 2011 340 2044 cundo
365 2011 438 2044 Ioco
463 2011 640 2045 commoda
668 2017 769 2055 poeta
796 2018 971 2057 recenset,
1011 2025 1099 2058 quae
1134 2017 1293 2060 pauperis
1326 2017 1486 2050 amatoris
1511 2015 1571 2050 ha-

228 2077 306 2110 beat
339 2087 454 2119 amor,
493 2087 569 2110 cum
604 2077 697 2110 dives
732 2080 897 2122 pecuniae
931 2080 1102 2123 confidat,
1143 2080 1197 2115 hic
1235 2082 1278 2116 ad
1312 2082 1425 2116 officia
1459 2084 1571 2117 omnia

230 2149 365 2189 praesto
391 2145 435 2177 sit
460 2155 624 2188 semper„
640 2144 821 2179 adhaereat
848 2147 963 2189 lateri,
995 2148 1177 2181 comitetur
1202 2149 1234 2182 in
1262 2149 1315 2182 via
1339 2159 1401 2193 per
1425 2149 1570 2193 turbam,

228 2211 375 2244 deducat
400 2211 443 2244 ad
469 2211 623 2244 convivia
648 2212 843 2246 amicorum.
895 2213 1050 2247 Observa
1075 2224 1163 2247 nunc
1188 2215 1290 2247 etiam
1316 2213 1432 2248 harum
1457 2225 1568 2249 rerum

228 2275 398 2319 pulchram
426 2276 601 2310 rationem.
651 2277 803 2311 Primum
830 2277 918 2311 enim
942 2282 1019 2322 post
1044 2278 1180 2313 dolores
1205 2279 1337 2314 discidii
1362 2285 1565 2314 memoratos

226 2342 305 2384 qnid
331 2342 438 2385 magis
465 2347 728 2376 consentaneum
764 2345 918 2387 proxime
949 2344 1140 2388 insequenti
1173 2346 1408 2380 exsecratione
1440 2346 1567 2380 lenae?

229 2406 549 2440 vehementissimus
583 2406 635 2441 hic
671 2410 765 2442 locus
799 2413 870 2452 est,
909 2410 965 2443 ubi
999 2416 1101 2454 poeta
1134 2412 1202 2446 iras
1230 2412 1403 2455 graviores
1439 2422 1566 2454 omneS,

225 2474 345 2516 quibus
375 2474 493 2517 plenus
521 2478 591 2507 erat
626 2477 757 2508 animus
790 2477 834 2510 ob
868 2482 960 2510 tanta
986 2479 1092 2520 mala,
1131 2480 1163 2511 in
1188 2479 1286 2511 aliam
1313 2478 1488 2511 mulierem
1515 2479 1565 2511 es-

222 2541 344 2581 sundit,
378 2541 476 2574 simul
504 2546 626 2583 tamen,
654 2547 689 2575 ut
715 2543 795 2586 dixi,
823 2545 986 2579 indirecte
1011 2545 1142 2579 Deliam
1168 2544 1351 2577 admonere
1377 2548 1411 2577 et
1437 2547 1565 2578 terrere

223 2609 302 2641 xult.
354 2609 441 2644 Nam
477 2613 605 2644 terrore
631 2621 716 2654 opus
744 2611 918 2646 xidcbntur
950 2612 983 2645 in
1010 2612 1072 2645 ista
1108 2610 1223 2645 infami
1249 2611 1485 2655 corruptione,
1525 2621 1563 2643 ac
