1721 2953
471 172 615 215 LIBR.
645 171 716 211 III.
774 170 934 214 ELEG.
962 171 1015 212 V.
1333 175 1412 212 365

70 295 231 331 amatoris
256 296 323 330 iam
348 297 418 328 tum
444 292 553 326 minus
581 289 731 324 nefarius
755 289 865 331 visus,
900 293 938 323 ut
962 288 1115 323 videmus
1139 286 1219 322 Tib.
1242 287 1270 330 Ι,
1292 290 1407 330 6,“23,

70 363 173 399 Quod
199 365 323 395 annoto
349 361 491 403 propter
514 357 623 390 virum
643 355 781 388 doctum
807 355 983 398 Onunxn,
1008 356 1065 399 qui
1091 355 1124 389 in
1150 356 1410 398 Programmate

70 427 274 463 scholastico
311 424 577 468 Aquisgranensi
612 433 687 456 ann.
715 424 818 455 1832.
855 422 956 456 etiam
989 433 1032 456 ex
1066 421 1130 456 hoc
1163 422 1239 456 loco
1264 421 1410 466 probare

70 495 142 528 vult
179 491 392 535 Lygdamum
431 491 570 524 Tibullo
611 488 716 522 fnisse
753 487 903 532 priorem
942 492 1076 523 aetate:
1128 500 1206 523 nam
1246 487 1412 522 detestari

70 559 285 604 Lygdamum
320 558 412 602 quod
446 561 566 602 postea
599 556 756 589 Tibullus
791 555 918 588 audere
953 565 1019 589 non
1051 555 1196 591 dubitet.
1251 556 1298 589 At
1322 555 1412 589 enim

67 626 203 660 nonde
229 625 348 659 eadem
377 635 413 658 re
446 625 641 668 loquuntur.
668 642 715 647 —
751 623 871 656 nulli
907 623 1166 657 temeranda
1201 622 1411 666 virorum,

69 691 100 726 h.
124 703 154 726 e.
182 691 357 734 violanda,
383 691 475 734 quod
500 690 628 724 faciunt
653 688 820 723 adeuntes
848 691 908 721 aut
934 689 1035 722 etiam
1061 690 1271 732 evulgantes,
1319 688 1410 723 Nam

67 764 235 793 temerare
262 762 314 792 est
348 758 485 791 omnino
513 756 638 790 violare
665 759 699 788 et
723 750 954 788 contaminare
978 765 1095 797 sacra,
1132 758 1171 788 ut
1196 755 1336 788 Fusoeus
1360 754 1411 788 ait.

67 830 101 860 et
126 826 337 859 HuscnKms
362 828 480 857 contra
503 824 796 856 Bnoucxnusmm
828 825 962 864 monet,
995 825 1199 856 statuentem
1232 831 1413 866 perperam

65 891 272 935 irrumpendi
304 891 477 924 notionem
510 890 615 924 verbo
650 900 713 934 per
748 900 787 923 se
818 889 941 922 inesse.
1000 889 1198 922 Generatim
1231 888 1413 931 significat,

65 959 180 994 videre
209 962 267 992 aut
291 958 404 991 facere
436 957 527 1000 quod
553 956 660 990 nefas.
709 956 755 990 At
779 955 935 988 virorum
959 954 1050 988 idem
1076 954 1286 988 Huscnxms
1315 957 1415 998 post-

67 1026 168 1060 habet
202 1025 342 1059 Italicae
378 1023 516 1057 lectioni
541 1022 701 1067 piorum,
738 1020 771 1055 h.
797 1032 828 1054 e·
860 1021 1089 1061 initiatorum3
1128 1030 1205 1054 nam
1240 1020 1415 1062 vulgatam

68 1091 209 1125 deorum
242 1094 436 1134 corruptam
474 1100 549 1123 esse
583 1092 690 1133 patet.
748 1088 821 1122 Sed
846 1088 889 1121 de
914 1087 1020 1120 sacris
1046 1087 1180 1120 Cereris
1204 1090 1239 1120 et
1264 1086 1414 1120 Liberae

66 1157 144 1200 agi,
167 1157 210 1190 de
235 1156 357 1199 quibus
384 1156 512 1188 Crossn.
535 1155 669 1188 Verrin.
696 1154 739 1195 V,
765 1155 835 1194 72„
859 1153 969 1195 iisque
995 1152 1161 1186 initiatum
1188 1155 1323 1196 poetam
1348 1153 1414 1186 mi-

67 1224 156 1257 nime
181 1222 375 1266 probabile,
412 1231 522 1264 neque
556 1219 640 1253 haec
674 1219 870 1264 simpliciter
903 1230 1000 1252 sacra
1026 1219 1212 1252 laudandae
1236 1219 1321 1252 deae
1347 1219 1415 1253 dici

67 1293 262 1334 potuerunt.
285 1305 333 1313 -——
357 1288 410 1332 N.
437 1291 458 1321 9
483 1298 533 1330 sq.
567 1287 825 1321 mortiferis
850 1287 1022 1328 succis,
1056 1286 1218 1328 venenis,
1243 1289 1282 1318 ut
1308 1288 1415 1329 patet.

66 1360 175 1391 Porro
211 1356 372 1389 infecit
405 1356 588 1399 pocula,
628 1358 665 1387 ut
697 1355 808 1389 Vmor.
843 1355 975 1395 Georg.
1010 1353 1055 1395 ΙΙ,
1090 1355 1178 1386 128:
1217 1350 1349 1396 pocula
1382 1350 1416 1384 si

65 1422 205 1470 quando
241 1433 368 1455 saevae
405 1420 557 1466 infecere
596 1431 777 1453 novercae.
811 1437 859 1444 —
903 1414 1044 1461 Pergit:
1090 1428 1170 1451 nec
1207 1417 1415 1460 cuiquam

63 1499 235 1523 venena
269 1487 405 1521 dedit.
462 1485 568 1521 Vides
593 1485 701 1528 igitur
726 1484 811 1517 duas
836 1494 891 1518 res
917 1482 1100 1525 distingui3
1135 1492 1212 1516 nam
1238 1482 1289 1515 vel
1316 1485 1416 1526 parat

64 1560 100 1590 et
124 1555 269 1589 infundit
291 1554 412 1598 aliquis
437 1554 525 1587 clam
549 1563 679 1587 venena
708 1553 843 1595 poculo,
878 1550 972 1593 quod
995 1551 1082 1583 alter
1109 1553 1231 1590 sumet,
1256 1552 1316 1582 aut
1340 1550 1416 1592 ipse

64 1621 123 1655 dat
160 1621 321 1665 poculum
363 1623 398 1652 et
436 1619 539 1651 offert
578 1615 772 1650 bibendum.
843 1616 1062 1658 Comparavit
1093 1616 1414 1657 WUNDERLIcfflUs

65 1687 199 1723 Moschi
223 1687 321 1729 Idyll.
346 1685 408 1726 III,
437 1687 525 1718 118:
562 1686 616 1720 ’τίς
643 1683 680 1715 δὲ
714 1677 839 1726 βροτιῗς
870 1680 1058 1713 τοσσοῦτον
1091 1677 1277 1725 οἷνάμερος,
1312 1676 1333 1725 ἢ
1358 1692 1415 1712 κε·-

66 1753 170 1801 ριέοάι
193 1769 266 1794 τοι,
290 1749 348 1786 ”H
368 1754 489 1785 δοῦναι
520 1751 675 1784 λαλέοντι
696 1746 737 1782 To
763 1745 961 1793 φάρμακον,
995 1747 1134 1790 ἔκφυγεν
1159 1743 1273 1792 ῷδάπνς
1310 1747 1416 1781 Addit

66 1824 276 1857 Huscnxms
301 1822 413 1855 Cicer.
438 1819 587 1863 Philipp.
612 1818 675 1860 XI,
700 1821 733 1850 6.
760 1817 802 1850 de
827 1816 977 1850 Domitio
1006 1816 1139 1860 Apulo:
1179 1815 1235 1848 At
1260 1814 1317 1846 liic
1342 1827 1414 1847 mc-

63 1904 125 1936 per
157 1889 286 1924 sororis
312 1888 396 1933 filio
431 1886 571 1933 infudit
606 1895 794 1924 venenam,
835 1894 903 1915 non
931 1881 1037 1916 dedit.
1063 1900 1109 1907 -
1145 1882 1302 1925 Denique
1336 1891 1415 1915 cum

65 1958 298 1991 LACIIMANNO
324 1959 425 1988 teneo
449 1954 580 1994 trita,
615 1952 697 1985 licet
726 1952 830 1994 vulgo
866 1955 962 1982 tetra
995 1960 1128 1981 venena
1155 1948 1330 1991 dicantur,
1369 1947 1412 1981 cf.

64 2023 354 2056 Bizonen-nussam
395 2020 440 2054 ad
472 2022 631 2064 Propert.
665 2019 710 2059 Π,
745 2021 801 2060 17,
839 2019 896 2050 14.
967 2015 1153 2059 Comparat
1188 2015 1413 2056 Huscnxms,

66 2089 129 2123 etsi
161 2099 226 2122 non
251 2087 400 2132 probans
425 2085 536 2122 trita,
575 2084 874 2118 WYTTENBACHII
899 2083 1152 2116 annotationem
1177 2082 1219 2116 ad
1245 2083 1411 2116 Pharon.

65 2155 240 2190 Phaedon.
275 2167 310 2198 p.
335 2157 416 2188 327.
450 2153 509 2186 ubi
546 2152 708 2195 deinceps
743 2150 827 2183 haec
860 2150 1020 2193 leguntur
1045 2161 1078 2193 p.
1105 2152 1171 2183 96:
1209 2150 1266 2181 καὶ
1293 2144 1414 2184 ὅπαῖς

65 2218 209 2258 ἐξελθών
234 2222 290 2254 καὶ
314 2217 435 2262 συχνὸν
457 2216 580 2265 χρόνον
604 2219 793 2263 διατρίψας
826 2205 904 2261 ἧκεν
935 2213 1026 2259 ἄγων
1056 2212 1117 2248 τᾶν
1150 2216 1318 2256 μέλλοντα
1343 2212 1412 2248 dai«

65 2300 133 2322 σειν
165 2284 205 2320 τι)
239 2283 436 2332 φάρμακον,
473 2287 505 2319 ἐν
538 2282 649 2319 κύλικι
682 2287 828 2330 φέροντα
860 2283 1091 2328 τετριμμένον.
1147 2282 1282 2315 Tuetur
1323 2281 1414 2315 idem

65 2356 318 2390 LACHMANNUS
351 2355 511 2397 Propert.
536 2353 581 2395 II,
613 2356 669 2395 17,
699 2354 753 2385 14.
780 2352 801 2385 1.
827 2351 885 2385 cit.
948 2348 1017 2386 Qui
1052 2350 1195 2383 alteram
1232 2349 1414 2382 lectionem

66 2426 164 2454 certa
187 2424 337 2463 tuentur,
362 2419 540 2453 conserunt
564 2420 667 2453 talia:
691 2419 798 2460 hasta,
823 2418 950 2461 sagitta
976 2421 1079 2451 certa.
1106 2435 1150 2442 -
1195 2417 1238 2450 V.
1266 2419 1307 2449 11
1335 2426 1411 2459 sqq.

67 2487 298 2530 sacrilegi.
348 2487 412 2520 Est
436 2487 540 2520 latine
564 2487 781 2529 sacrilegium
817 2484 953 2518 omnino
979 2483 1036 2526 id,
1070 2493 1138 2527 quo
1163 2493 1258 2517 sacra
1284 2482 1414 2516 violan-

68 2556 143 2594 tur,
182 2557 220 2585 ut
254 2553 356 2585 etiam
391 2552 502 2586 lexica
537 2551 683 2592 docent,
723 2554 758 2583 et
791 2549 980 2592 sacrilegus
1014 2550 1207 2592 quicunque
1240 2557 1414 2582 sacrorum

67 2618 224 2651 violator.
281 2617 494 2661 Exquisitior
528 2615 666 2660 quidem
701 2615 808 2648 altera
842 2614 943 2648 lectio
978 2612 1188 2659 sacrilegos,
1227 2612 1270 2647 cf.
1304 2612 1410 2645 ΟΠ»,

70 2685 154 2718 Mer..
182 2684 274 2725 xlv.
299 2686 388 2718 539:
414 2683 528 2718 Iri-ila
551 2680 726 2728 sacrilega
750 2680 867 2715 iactas
893 2679 1054 2715 incendia
1080 2678 1228 2717 (lextra,
1254 2682 1287 2712 ct
1311 2686 1409 2720 quem
