1721 2953
467 110 704 156 TIBULL]
756 113 864 158 LIB.
893 114 923 158 1.
950 123 985 158 3.
1342 115 1393 159 11

114 238 174 283 Ut
207 254 300 282 mea
333 235 498 281 votivas
535 233 794 300 persolvens
828 235 958 284 Delia
988 255 1116 284 voces

59 337 106 369 30
183 327 297 370 Ante
332 340 482 369 sacras
515 321 609 369 lino
640 334 753 370 tecta
786 323 905 372 fores
939 325 1092 372 sedeat

108 410 274 474 Bisque
311 408 384 455 die
416 407 610 456 resoluta
648 428 798 457 comas
834 411 915 457 tibi
953 411 1100 459 dicere
1134 411 1288 459 laudes

178 494 374 558 Insignis
409 495 542 542 turba
580 494 742 543 debeat
771 495 820 543 in
851 496 1029 544 Pharia.

109 581 168 628 At
205 580 316 627 mihi
352 581 583 644 contingat
615 582 785 647 patrios
822 582 1046 631 celebrare
1081 584 1269 631 Penates

177 667 474 732 Reddereque
505 667 691 732 antiquo
726 681 954 716 menstrua
986 681 1085 716 tura
1117 670 1235 716 Lari.

59 764 104 800 35
117 752 266 815 Quam
298 755 413 800 bene
444 753 640 801 Saturno
676 755 883 802 vivebant
914 773 1017 818 rege
1050 755 1178 819 prius
1209 774 1341 820 quam

184 838 336 886 Tellus
366 839 413 886 in
450 839 609 904 longas
647 851 712 887 est
746 840 968 906 patefacta
1003 840 1121 887 vias!

119 924 332 972 Nondum
372 925 596 973 caeruleas
631 926 767 991 pinus
800 937 1128 991 contempserat
1163 926 1334 983 undas,

179 1011 394 1059 Effusum
431 1011 572 1059 ventis
607 1012 964 1077 praebueratque
1002 1012 1175 1069 sinum,

119 1097 210 1143 Nec
245 1115 383 1160 vagus
419 1097 585 1161 ignotis
621 1109 827 1164 repetens
860 1098 1114 1161 conpendia
1152 1097 1278 1144 terris

62 1191 109 1227 40
196 1182 427 1230 Presserat
461 1190 639 1230 externa
671 1183 820 1231 navita
854 1202 1001 1231 merce
1035 1195 1188 1231 ratem.

121 1267 201 1314 Illo
236 1285 327 1314 non
363 1267 538 1315 validus
574 1269 713 1315 subiit
742 1269 847 1331 iuga
884 1280 1084 1331 tempore
1124 1281 1300 1325 taurus,

182 1354 285 1400 Non
316 1353 486 1399 domito
524 1353 704 1400 fraenos
739 1372 817 1400 ore
853 1354 1097 1400 momordit
1133 1373 1295 1420 equus,

113 1441 214 1486 Non
248 1439 409 1486 domus
445 1438 535 1486 ulla
563 1438 683 1486 fores
719 1440 891 1498 habuit,
921 1460 1014 1488 non
1050 1440 1164 1488 fixus
1192 1442 1237 1488 in
1276 1443 1412 1505 agris,

193 1525 286 1589 Qui
322 1537 496 1589 regeret
527 1525 657 1573 certis
690 1524 858 1573 finibus
895 1545 1023 1585 arva,
1068 1526 1193 1593 lapis.

64 1614 249 1677 451psae
280 1610 410 1659 mella
447 1611 617 1658 dabant
652 1630 869 1677 quercus,
916 1612 1123 1679 ultroque
1152 1614 1356 1661 ferebant

190 1697 336 1744 Obvia
368 1697 537 1744 securis
574 1697 714 1744 ubera
744 1697 869 1744 laetis
907 1716 1020 1744 oves.

124 1784 227 1830 Non
266 1782 405 1839 acies,
450 1800 543 1828 non
580 1782 647 1827 ira
679 1781 786 1838 fuit,
836 1801 927 1829 non
960 1782 1100 1840 bella,
1143 1803 1224 1831 nec
1262 1803 1409 1830 ensem

186 1867 339 1914 Inmiti
368 1885 523 1913 saevus
558 1867 744 1914 duxerat
779 1879 870 1914 arte
905 1868 1044 1915 faber.

118 1956 249 2001 Nunc
285 1954 386 1999 Iove
415 1953 500 1999 sub
535 1952 719 1999 domino
743 1953 901 2000 caedes
933 1966 975 2001 et
1005 1953 1186 2001 vulnera
1224 1974 1413 2021 semper,

67 2054 115 2088 50
191 2041 323 2087 Nunc
358 2057 504 2096 mare,
548 2059 670 2086 nunc
705 2039 779 2086 leti
815 2039 935 2087 mille
967 2053 1149 2105 repente
1184 2041 1292 2091 viae.

120 2126 285 2182 Parce,
319 2136 456 2189 pater.
492 2124 696 2171 timidum
734 2144 825 2172 non
861 2145 932 2172 me
969 2126 1165 2191 periuria
1203 2139 1381 2184 terrent,

188 2211 290 2257 Non
324 2209 441 2257 dicta
472 2210 518 2256 in
555 2222 732 2258 sanctos
770 2211 906 2277 impia
942 2212 1076 2259 verba
1115 2212 1234 2259 deos.

166 2377 206 2410 V.
223 2379 280 2411 47.
316 2377 438 2410 Obiter
471 2382 551 2411 noto
588 2389 723 2421 pravam
761 2380 938 2413 lectionem
976 2394 1095 2422 enses-3
1143 2383 1197 2415 ubi
1236 2383 1323 2415 enim
1361 2394 1415 2416 res

73 2451 132 2482 pei·
156 2452 193 2474 se
218 2446 411 2485 spectatur,
444 2443 624 2484 singularis
651 2444 842 2485 ponendus,
877 2445 919 2478 cf.
946 2446 987 2477 ad
1015 2446 1041 2486 l,
1067 2450 1099 2487 8,
1124 2450 1180 2480 66.
1204 2467 1250 2472 —
1303 2448 1343 2480 V.
1358 2450 1413 2481 49.

72 2506 233 2544 caehes
266 2511 309 2540 et
340 2509 526 2540 vulnera
559 2508 642 2540 libri.
694 2510 768 2542 Itali
799 2522 891 2541 nunc
916 2521 965 2554 pr.
991 2517 1045 2551 et,
1074 2514 1180 2553 male,
1212 2513 1414 2547 defendente

75 2572 153 2603 licet
180 2570 379 2605 Huscmuo.
430 2573 516 2605 Sunt
540 2573 601 2605 tria
624 2574 772 2606 membra
800 2575 829 2607 in
861 2579 933 2607 toto
959 2576 1112 2609 disticho.
