1721 2953
288 141 363 178 148
596 132 966 177 COMMENTAR.
997 134 1056 175 IN
1087 134 1314 177 TIBULLI

287 263 352 296 que
387 252 507 285 festum
545 250 616 284 eius
651 250 809 284 illustret.
868 248 958 284 Nihil
994 249 1060 283 vidi
1097 250 1128 283 iu
1166 260 1229 284 suo
1266 261 1394 294 genere
1429 252 1630 295 exquisitius

287 318 528 360 excogitatum.
579 314 747 348 Nimirum
773 315 829 358 qui
851 315 1026 350 Tibullum
1051 321 1173 358 putant
1197 317 1454 361 compositionis
1478 319 1632 362 poeticae

286 383 500 428 imperitum,
537 381 770 425 maximopere
805 385 930 415 errant.
979 381 1034 415 Tu
1070 382 1214 415 observa
1248 381 1303 416 hic
1327 393 1459 416 mecum
1493 393 1629 417 suavem

286 450 559 484 coniunctionem
584 447 782 481 bellicarum
809 451 844 481 et
868 448 1069 482 rusticarum
1095 458 1228 491 rerum,
1252 448 1330 482 vide
1354 449 1571 491 magnificum
1598 454 1631 482 et

284 518 482 551 bellicosum
516 515 695 550 exordium
730 515 773 549 de
806 516 1009 558 Aquitaniae
1043 516 1293 559 debellatione,
1329 521 1400 550 tum
1434 522 1630 561 pacatarum

284 585 462 628 regionum
487 584 708 624 varietatem,
747 586 783 616 et
808 583 956 626 Aegypti
983 583 1104 616 fertilis
1141 583 1269 616 decora
1294 587 1330 616 et
1353 583 1498 616 Osiridis
1524 583 1632 615 laetas

282 651 398 685 laudes
424 669 469 674 —
501 649 544 683 ad
578 659 679 682 unum
713 648 825 682 omnia
851 648 1022 682 Messalae
1048 647 1210 682 honorem
1235 653 1415 690 revocata,
1457 653 1493 682 et
1516 648 1631 692 politi·

284 727 357 750 cum
383 716 496 750 thema
529 716 578 749 sic
611 718 876 758 attemperatum
908 716 1037 749 levitati
1064 719 1099 749 et
1125 714 1284 749 hilaritati
1311 716 1497 749 conviralis
1523 726 1629 758 argu—

284 785 408 826 menti,
443 789 480 817 ut
506 781 678 827 pulchrior
703 783 863 816 tractatio
889 793 1002 817 rerum
1028 784 1085 817 vix
1111 784 1220 828 possit
1244 784 1389 828 reperiri
1415 784 1449 817 in
1476 782 1540 817 hoc
1565 793 1629 826 ge-

283 860 363 883 nere
400 859 556 893 poeseOS.
606 848 684 881 Non
723 851 797 881 erat
834 847 996 881 bellicosa
1035 848 1137 881 Musa
1174 849 1325 891 Tibulli,
1363 849 1425 883 sed
1463 849 1504 882 ad
1542 849 1628 882 alios

281 915 400 950 modos
432 915 542 956 facta3
576 925 682 957 quare
716 918 754 947 ut
787 915 874 947 alius
901 915 1174 957 magnificentius
1208 916 1307 959 epico
1333 916 1481 949 carmine
1507 926 1627 949 canere

282 982 465 1015 Messalam
491 981 662 1025 potuerit,
697 985 732 1013 at
756 980 892 1013 suavius
927 984 962 1013 et
988 981 1166 1015 iucundius
1191 981 1278 1015 dixit
1301 981 1480 1023 Tibullus,
1515 986 1549 1015 et
1575 985 1627 1014 ta-

281 1059 357 1082 men
384 1049 430 1082 ita
456 1052 491 1081 et
515 1048 608 1092 ipse,
644 1051 681 1080 ut
705 1047 861 1090 profecto
896 1057 962 1080 non
995 1047 1172 1081 detriverit
1204 1049 1316 1090 magui
1343 1047 1405 1080 viri
1430 1046 1549 1079 laudes
1573 1047 1627 1080 in-

283 1114 372 1157 genii
409 1114 460 1146 sui
500 1113 611 1156 culpa.
673 1113 786 1154 Atque
824 1112 872 1144 ita
911 1111 1082 1154 praestitis
1121 1112 1295 1154 omnibus,
1337 1122 1426 1156 quae
1462 1113 1626 1156 postulari

281 1185 459 1224 poterant,
495 1179 648 1221 sequitur
673 1178 818 1220 denique
843 1178 995 1211 exitus
1020 1178 1187 1212 carminis.
1245 1178 1353 1212 Redit
1377 1182 1479 1222 poeta
1502 1178 1544 1211 ad
1569 1189 1626 1211 so-

280 1248 389 1282 lennia
416 1247 503 1288 diei,
537 1249 638 1279 vocat
663 1245 810 1279 Genium
837 1249 874 1278 ut
898 1245 1005 1279 sacris
1030 1246 1119 1278 laete
1144 1244 1358 1278 celebrandis
1382 1243 1492 1286 adsit,
1517 1243 1624 1277 votis-

279 1323 346 1354 que
371 1322 433 1355 pro
459 1311 570 1344 futura
594 1310 756 1343 felicitate
783 1314 817 1344 et
851 1310 960 1353 gloria
991 1309 1162 1343 Messalae
1187 1310 1366 1354 redituque
1401 1311 1520 1344 natalis
1547 1309 1620 1343 feli-

282 1379 415 1413 cissimo
443 1381 551 1411 totum
578 1376 715 1410 claudit.

775 1670 1053 1711 EXPLICAT
1056 1669 1126 1712 10.

378 1842 418 1876 V.
452 1842 567 1873 1-12.
618 1838 878 1873 Exordium.
931 1839 1263 1874 celebraturus
1289 1840 1399 1875 diem
1426 1844 1621 1876 natalem

278 1907 526 1947 Messalae,
564 1903 742 1938 orditur
776 1915 795 1937 a
832 1915 994 1939 summa
1026 1910 1070 1939 et
1105 1906 1308 1949 proxima
1346 1908 1438 1941 diei
1474 1909 1620 1950 laude,

279 1986 299 2007 a
331 1972 532 2006 victoria
566 1971 844 2013 Aquitanica
878 1978 982 2005 ante
1017 1973 1198 2016 aliquot
1232 1983 1374 2007 annos
1405 1973 1504 2018 ipso
1541 1973 1621 2008 hoc

276 2041 344 2074 die
377 2042 627 2084 reportata.

368 2106 413 2139 V.
440 2107 457 2137 l
485 2115 559 2147 sqq.
609 2104 822 2137 cecinere
845 2104 1018 2138 Parcae
1045 2105 1206 2139 satalia
1241 2109 1402 2139 nentes
1426 2107 1620 2141 stamina

276 2178 342 2208 etc.
392 2171 730 2213 Praedixisse'quae
756 2177 945 2214 sequuntur
977 2173 1105 2206 Parcas
1130 2176 1209 2205 ante
1234 2171 1323 2206 diem
1349 2173 1498 2206 natalem
1522 2173 1618 2208 Mes-

275 2238 386 2279 salae,
420 2248 451 2270 v.
476 2248 506 2270 c.
532 2237 565 2269 in
591 2236 715 2279 nuptiis
739 2240 936 2280 parentum,
972 2240 1010 2269 ut
1034 2236 1124 2280 apud
1149 2237 1354 2271 CATULLUM
1383 2239 1416 2271 in
1441 2237 1618 2283 Epithala-

274 2304 342 2337 mio
365 2301 519 2336 Thetidis
547 2303 679 2335 canitur
697 2302 740 2335 de
766 2301 898 2336 Achille
926 2303 1118 2345 nascituro,
1153 2314 1222 2337 non
1247 2308 1300 2337 est
1325 2304 1521 2348 probabile,
1553 2315 1617 2339 nec

277 2368 380 2402 verba
403 2368 522 2408 video,
554 2368 642 2402 unde
669 2368 701 2401 id
727 2368 874 2410 efficias,
909 2379 973 2402 nec
1005 2380 1140 2403 causam
1167 2371 1326 2405 idoneam
1355 2372 1431 2404 talis
1456 2372 1615 2406 fictionis.

273 2434 382 2468 Immo
407 2435 603 2468 cecinerunt
628 2435 731 2468 natali
756 2435 834 2477 die,
872 2440 910 2469 ut
934 2436 1038 2479 vulgo
1065 2436 1199 2470 solebat
1222 2437 1306 2470 fieri.
1364 2437 1423 2470 Sic
1447 2437 1533 2470 infra
1555 2437 1617 2481 IV,

274 2504 310 2543 5,
345 2504 366 2534 3
380 2514 388 2535 ε
441 2502 488 2534 Te
526 2507 690 2534 nascente
726 2513 855 2535 novum
889 2504 1027 2535 Parcae
1066 2501 1217 2535 cecinere
1249 2501 1382 2546 puellis
1419 2502 1616 2537 servitium.

273 2567 398 2601 Inuus
424 2567 566 2601 Hrcm.
592 2566 659 2601 fab.
684 2569 770 2601 171:
811 2569 896 2601 Cum
931 2574 1023 2601 esset
1056 2573 1166 2600 natus
1191 2566 1390 2613 Meleager,
1430 2566 1546 2601 subito
1578 2568 1616 2601 in

274 2632 373 2679 regia
397 2639 640 2678 apparuerunt
668 2635 826 2670 Parcae,
855 2634 998 2668 Clotho.
1023 2632 1211 2669 Lachesis,
1236 2633 1414 2678 Atropos,
1446 2634 1503 2666 cui
1523 2634 1615 2679 jota
