1721 2953
307 164 387 200 534
526 145 538 156 ⁰
619 157 990 204 COMMENTAR.
1022 166 1079 205 ΙΝ
1111 167 1338 209 TIBULLl

311 286 450 309 menius
487 275 618 308 confert
655 277 842 312 Pnovun'r.
878 280 935 323 lv,
977 284 1029 324 ll,
1065 286 1122 317 36.
1160 284 1217 317 ubi
1255 285 1416 319 Vunpws
1453 287 1648 324 Callimach.

309 343 425 385 Epigr.
453 343 509 374 42.
548 341 673 375 laudat.
724 343 822 378 Adde
857 347 1032 383 Amnxov.
1060 351 1101 384 ad
1132 351 1206 386 Liv.
1239 356 1284 386 89
1308 364 1382 396 sqq.
1403 373 1448 378 —
1484 356 1526 390 V.
1553 359 1574 389 9
1600 368 1649 399 sq.

304 408 426 439 Tunc
462 417 564 440 cum.
634 407 788 441 Observa
812 411 918 449 {tunc
957 415 1178 456 praemissum
1221 418 1263 450 ad
1303 419 1465 454 maiorem
1503 422 1569 455 vim
1616 423 1649 456 iu

306 473 472 516 principio
508 483 636 506 versus.
688 474 747 507 Sic
777 485 833 518 ap.
865 476 1023 511 Pmmn.
1058 481 1113 513 ΟΙ.
1144 481 1203 523 Vl,
1230 486 1297 516 75:
1334 493 1408 521 τοῖς
1440 482 1507 525 οἷς,
1544 487 1646 530 Pyth.

306 539 396 580 wll,
428 541 497 573 39:
537 536 596 570 τόν
631 533 741 584 ὅνπερ.
778 558 822 565 -
871 541 1115 578 defunctus
1155 550 1382 592 tempore,
1430 555 1468 584 ut
1502 552 1647 586 Hons'r.

302 606 411 649 Epist.
437 605 483 648 II,
510 608 542 647 1,
567 608 635 639 21:
671 606 816 652 suisque
841 608 1055 653 temporibus
1082 609 1277 656 defuncta,
1314 618 1350 647 et
1378 615 1485 649 Vmor.
1516 618 1647 660 Georg.

300 674 360 715 JV,
384 675 474 707 475:
511 672 753 719 desimctaque
786 686 931 719 corpora
967 675 1065 714 vita,
1103 678 1320 714 laudantibus
1346 682 1647 719 WnNnuRmcmo

300 743 336 772 et
362 739 564 772 Huscuxro.
614 740 725 774 Porro
751 751 1007 785 permenso,
1033 744 1124 787 quod
1150 745 1183 778 iu
1210 747 1348 790 optimis
1373 752 1436 791 est,
1460 751 1647 794 probarunt

300 807 365 840 iam
392 807 472 840 olim
498 807 699 850 Maxumus,
733 809 983 853 Potuimus,
1018 811 1221 845 SCALIGER.
1271 812 1336 846 Est
1359 817 1493 858 passive
1519 816 1645 851 dictum

299 877 338 906 ut
363 874 537 907 Appunm.
563 872 647 906 Met.
673 873 766 907 VIII.
801 886 834 918 p.
860 877 951 909 209:
990 875 1179 923 aliquanto
1205 877 1283 912 viae
1311 891 1493 924 permenso
1517 884 1646 927 spatio.

302 937 540 980 Huscuxms,
583 939 641 981 qui
681 942 776 972 recte
812 940 961 983 explosit
990 951 1221 984 praemensae
1258 944 1437 988 probatum
1475 947 1648 982 Bnoncx-

301 1015 421 1046 mmo,
452 1004 616 1047 ΗΕΥΝΙο,
646 1006 788 1048 Vossm,
814 1006 888 1049 ipse
912 1011 1026 1040 tamen
1052 1009 1140 1042 male
1160 1020 1367 1052 permen-sae
1391 1013 1570 1055 amplexus
1595 1019 1648 1047 est

299 1076 463 1115 sequente
487 1073 712 1114 Gommnxo3
748 1073 873 1107 dicitur
895 1084 962 1107 non
988 1074 1096 1107 bene:
1123 1076 1299 1119 permetiri
1323 1077 1457 1119 lucem,
1484 1078 1564 1111 licet
1589 1079 1647 1112 lux

300 1150 360 1180 pro
387 1139 455 1172 vita
480 1140 534 1172 sit.
562 1158 610 1164 —-
647 1138 814 1173 Nudus.
864 1140 924 1173 Sic
952 1141 1043 1183 quod
1069 1146 1269 1186 comparant
1305 1136 1493 1179 PROPERT.
1523 1146 1586 1188 111,
1611 1149 1646 1188 5,

302 1209 363 1240 14:
399 1205 518 1238 nudus
542 1204 587 1237 ab
611 1204 776 1250 inferna,
801 1205 934 1243 stulte,
959 1207 1082 1240 vellere
1107 1214 1205 1246 rate,
1232 1209 1287 1242 ubi
1314 1209 1547 1244 BURMANNUS
1574 1212 1648 1244 lau-

300 1273 358 1305 dat
377 1273 454 1306 SIL.
473 1271 526 1305 ΙΤ.
549 1273 591 1314 V,
607 1274 698 1306 267:
725 1271 828 1304 modo
849 1284 950 1317 quem
972 1275 1132 1306 Fortuna
1147 1273 1305 1320 fovendo
1325 1275 1507 1321 Congestis
1525 1275 1649 1321 opibus

300 1336 468 1382 donisque
489 1336 634 1382 refersit
655 1336 787 1380 opimis,
814 1337 959 1369 Nudum
985 1339 1162 1371 Tartarea
1178 1339 1341 1383 portabit
1361 1341 1490 1374 navita
1512 1340 1646 1386 cymba.

300 1402 378 1435 Hoc
412 1403 489 1435 loco
523 1405 624 1444 poeta
658 1402 772 1444 posuit
809 1401 984 1445 epitheton
1020 1407 1163 1447 propter
1197 1409 1406 1439 contemtum
1441 1406 1645 1445 divitiarum,

301 1468 344 1499 de
370 1478 437 1509 quo
464 1467 551 1500 dixit
576 1471 610 1500 et
632 1467 747 1500 statim
773 1466 896 1499 iterum
922 1466 1024 1500 dicet.
1045 1485 1087 1493 —-
1127 1467 1331 1502 Lethaea
1355 1474 1471 1512 rate,
1496 1475 1535 1504 ut
1560 1471 1646 1504 infra

298 1536 331 1568 τ’).
355 1536 410 1566 24.
439 1533 567 1567 Bassus
591 1533 758 1576 Ληθ-αίην
781 1529 908 1565 ἶὶκατον
933 1532 1026 1577 dicit,
1051 1545 1153 1578 quem
1178 1535 1312 1570 confert
1336 1537 1512 1571 MssNKws
1537 1548 1646 1581 meus,

302 1599 438 1633 Anthol.
464 1600 575 1633 Palat.
604 1599 665 1640 lx,
687 1602 768 1633 279.
794 1618 841 1624 —-
877 1600 1058 1634 Postremo
1093 1602 1135 1634 ad
1162 1603 1267 1634 totius
1299 1603 1366 1636 loci
1391 1605 1537 1647 perlecti
1562 1616 1646 1639 con-

299 1665 522 1698 structionem
556 1663 713 1697 attende:
761 1663 842 1695 Non
867 1669 910 1695 ut
935 1681 982 1689 -—·
1006 1664 1089 1697 Aut
1122 1671 1164 1697 ut
1189 1684 1236 1691 —-
1260 1666 1331 1698 Sed
1358 1674 1411 1701 ut.
1461 1669 1647 1714 Comparat

301 1732 620 1765 WUNnuRmcmus
648 1729 772 1762 Horat.
797 1727 910 1772 Epod.
938 1729 981 1771 V,
1005 1732 1028 1763 5
1052 1740 1130 1773 sqq.
1180 1731 1219 1764 In
1249 1731 1379 1766 Tibulli
1413 1734 1532 1777 elegiis
1564 1746 1647 1769 nus-

299 1809 398 1841 quam
431 1802 500 1831 tam
533 1797 669 1840 longam
698 1795 875 1840 periodum
910 1796 1082 1839 invenias,
1119 1807 1230 1841 neque
1257 1797 1312 1832 hic
1337 1800 1527 1833 orationem
1555 1801 1644 1834 obli-

300 1874 401 1906 quam
432 1868 500 1896 tam
535 1861 593 1895 diu
621 1861 845 1896 continuavit.
891 1862 1037 1904 Singula
1062 1862 1208 1897 disticha
1244 1863 1445 1908 Lygdamus
1474 1864 1528 1899 hic
1559 1867 1643 1899 satis

300 1933 388 1966 bene
414 1931 612 1965 elaboravit.
661 1930 816 1963 Observa
840 1939 922 1962 vero
946 1929 1052 1964 aliud.
1100 1930 1279 1974 Tibullus,
1305 1936 1485 1976 postquam
1512 1933 1645 1967 duobus

298 1997 454 2032 distichis
492 1997 535 2031 de
573 1996 766 2030 divitiarum
807 2001 981 2030 contemtu
1019 1998 1148 2032 dictum
1185 2003 1278 2042 erat,
1316 2000 1418 2034 etiam
1455 2001 1645 2045 oppositam

300 2065 448 2108 coniugii
474 2063 669 2097 felicitatem
695 2073 760 2096 non
787 2064 1004 2107 paucioribus
1028 2064 1180 2100 distichis
1205 2066 1429 2108 illustrasset;
1457 2077 1533 2100 nam
1560 2066 1644 2100 haec

302 2135 355 2164 est
376 2131 514 2172 gravior
534 2138 613 2172 pars
635 2128 836 2182 sententiae.
885 2130 1084 2173 Lygdamus
1110 2132 1224 2175 posuit
1249 2131 1384 2175 quidem
1410 2132 1478 2166 duo
1501 2132 1645 2167 disticha

302 2196 335 2229 in
363 2196 471 2228 altera
496 2197 612 2238 parte,
630 2193 835 2243 *secundum
860 2205 941 2229 vero
966 2197 1030 2230 soli
1055 2197 1174 2230 mortis
1198 2198 1326 2231 notioni
1351 2199 1567 2233 exornandae
1593 2199 1645 2233 in-

302 2264 466 2307 sumpsit,
502 2272 570 2305 quo
605 2272 670 2295 non
705 2272 791 2306 opus
827 2266 911 2296 erat.
962 2262 1096 2308 Nempe
1128 2264 1326 2299 recordatur
1349 2266 1494 2299 libenter
1527 2267 1645 2300 mortis

301 2329 355 2364 hic
380 2333 503 2374 poeta,
537 2338 643 2371 quare
675 2339 751 2362 cum
777 2328 910 2362 videret
939 2330 1229 2373 opportunitatem
1255 2330 1297 2365 de
1323 2342 1364 2364 ea
1387 2331 1543 2373 dicendi,
1576 2341 1643 2364 non

304 2395 544 2441 praetermisit.
593 2394 750 2427 Tibullus
775 2399 893 2428 contra
918 2405 1084 2438 nusquam
1109 2395 1151 2429 ad
1173 2396 1283 2430 aliena
1305 2401 1364 2430 aut
1380 2397 1510 2430 inutilia
1531 2395 1643 2430 disce-

301 2465 350 2498 dit
374 2463 487 2497 studio
513 2472 673 2506 perverso
699 2463 880 2507 abreptus,
918 2463 979 2498 sed
1006 2464 1166 2498 observat
1188 2464 1314 2507 ubique
1339 2468 1521 2497 accuratae
1548 2474 1643 2498 com·

302 2529 478 2574 positionis
512 2529 617 2570 leges.
654 2547 701 2554 -—
748 2529 790 2563 V.
818 2531 859 2562 11
896 2540 970 2573 sqq.
1027 2529 1130 2574 quid
1178 2529 1397 2574 prodest?
1455 2530 1643 2564 iniucunde

302 2600 404 2640 poeta
435 2594 711 2636 interrogationis
747 2594 889 2628 sormam
926 2596 1027 2629 etiam
1065 2596 1097 2629 in
1134 2595 1356 2637 sequentibus
1395 2605 1457 2638 per
1493 2595 1643 2638 quinque

302 2661 444 2697 disticha
479 2662 672 2703 continuat,
710 2664 747 2694 ut
785 2660 920 2693 dimidia
956 2671 1035 2704 pars
1071 2660 1227 2693 carminis
1263 2660 1548 2703 interrogationes
1582 2658 1643 2692 ha-
