1721 2953
425 105 668 154 TIBULLI
715 105 825 152 LIB.
853 105 907 154 ΙΙ.
933 113 967 150 3.
1300 103 1367 152 47

74 233 322 282 Praedator
349 230 474 296 cupit
505 230 734 276 inmensos
765 228 972 275 obsidere
1010 246 1216 294 campos,

142 322 204 366 Ut
236 315 377 364 multo
410 316 695 363 innumeram
731 315 885 378 ingere
921 326 1075 381 pascat
1108 332 1257 371 ovem;

81 405 163 452 Cui
198 403 313 468 lapis
350 414 557 449 externus
595 419 728 449 curae
763 413 850 458 est,
901 402 1116 467 urbisque
1152 399 1367 448 tumultus

145 491 359 537 Portatur
391 487 551 535 validis
587 486 707 534 mille
741 486 949 534 columna
984 487 1126 551 iugis‚

22 588 68 624 45
84 575 262 622 Claudit
291 586 332 621 et
366 573 636 621 indomitum
658 572 798 620 moles
829 592 965 631 marc,
997 573 1142 621 lentus
1171 586 1219 620 ut
1251 573 1368 620 intra

141 660 349 724 Negligat
382 660 596 707 hibernas
632 659 768 724 piscis
806 659 961 706 adesse
997 659 1154 707 minas.

77 748 136 795 At
170 747 253 794 tibi
286 746 399 793 laeta
435 745 616 793 trahant
650 745 828 792 Samiae
861 745 1061 792 convivia
1096 756 1235 793 testae

142 833 358 898 Fictaque
398 833 599 879 Cumana
635 830 810 878 lubrica
846 842 964 878 terra
997 842 1108 878 rota.

75 921 174 967 Heu
210 919 297 966 heu
337 919 551 965 divitibus
586 917 716 964 video
755 917 952 981 gaudere
988 916 1187 982 puellas:

23 1013 71 1048 50
147 1006 240 1051 Iam
278 1004 458 1051 veniant
493 1004 713 1070 praedae,
749 1003 787 1050 si
822 1006 975 1051 Venus
1013 1015 1137 1068 optat
1171 1021 1303 1068 opes;

81 1091 143 1136 Ut
178 1108 277 1136 mea
312 1089 487 1136 luxuria
521 1089 723 1136 Nemesis
755 1088 865 1135 fluat
899 1100 1036 1153 utque
1071 1107 1153 1154 per
1187 1089 1345 1136 urbem

139 1175 326 1222 Incedat
355 1175 486 1222 donis
524 1174 844 1240 conspicienda
879 1174 1002 1221 meis.

82 1261 162 1308 Illa
200 1273 324 1324 gerat
354 1273 495 1308 vestes
531 1276 708 1318 tenues,
754 1279 865 1325 quas
901 1259 1067 1306 femina
1100 1260 1190 1306 Coa

146 1347 327 1404 Texuit,
374 1357 551 1393 auratas
589 1346 901 1411 disposuitque
933 1345 1054 1392 vias:

25 1432 153 1480 551]Ιί
187 1432 278 1479 sint
311 1432 493 1479 comites
524 1432 664 1489 fusci,
707 1450 819 1497 quos
854 1431 987 1478 India
1022 1442 1182 1488 torret,

147 1518 264 1566 Solis
294 1529 335 1565 et
371 1518 563 1565 admotis
599 1517 742 1565 inficit
770 1517 888 1581 ignis
927 1517 1077 1582 equis:

78 1605 147 1652 Illi
184 1604 368 1651 selectos
406 1616 573 1651 certent
602 1604 819 1669 praebere
853 1603 1024 1650 colores

151 1691 307 1738 Africa
340 1690 582 1755 puniceum
618 1708 987 1754 purpureumque
1018 1690 1177 1755 Tyros.

83 1921 198 1967 Nota
222 1918 406 1983 loquor:
434 1936 624 1981 regnum
647 1917 742 1982 ipse
764 1929 896 1975 tenet,
928 1935 1059 1982 quem
1080 1936 1212 1983 saepe
1233 1918 1378 1981 coegit

30 2020 76 2055 60
154 2007 359 2053 Barbara
396 2016 609 2071 gypsatos
646 2004 761 2051 ferre
798 2015 963 2051 catasta
994 2004 1144 2069 pedes.

122 2129 166 2163 V.
186 2130 241 2161 42.
281 2127 534 2161 Licnmmwns
568 2138 645 2161 cum
680 2128 913 2161 Summano:
965 2127 1014 2160 Ut
1047 2126 1162 2159 multa
1195 2125 1380 2160 innumera

27 2192 154 2239 iugera
183 2199 314 2237 pascat
349 2205 427 2235 ove,
467 2193 623 2226 codicum
657 2194 860 2237 optimorum
895 2193 1092 2226 auctoritati
1126 2192 1379 2237 obtemperans.

29 2258 107 2301 Ego
134 2269 210 2292 cum
236 2258 405 2301 prioribus
429 2258 634 2292 editionibus
654 2263 688 2292 et
709 2259 965 2301 BROUKszxo,
991 2259 1163 2302 ΗΕΥΝΙο,
1191 2259 1380 2293 WUNDER-

28 2335 173 2366 memo,
207 2324 418 2365 Huscmsso,
454 2324 615 2365 Bacmo,
642 2325 845 2357 GOLBERYO
872 2324 1029 2367 praefero
1061 2325 1119 2357 Ut
1144 2326 1285 2359 multo
1317 2327 1379 2359 in—

29 2399 252 2423 numeram
278 2390 436 2432 iugere
462 2393 621 2432 pascat
645 2400 777 2431 ovem,
802 2393 840 2422 ut
857 2394 908 2422 est
926 2390 958 2422 in
972 2389 1203 2425 EBORACENSI
1224 2393 1379 2435 aliisque.

127 2455 168 2487 V.
186 2457 243 2488 43.
279 2454 498 2496 urbisque
531 2454 661 2498 optimi.
724 2455 879 2488 Puccms
917 2455 1042 2500 aliique
1076 2456 1244 2504 urbique,
1287 2458 1379 2501 quod

32 2519 216 2562 repositum
250 2530 269 2552 a
300 2520 535 2553 Bnoummsm
570 2520 694 2562 iegitur
726 2521 841 2562 vulgo.

127 2585 169 2618 V.
184 2587 241 2619 59.
274 2586 374 2628 ipse
405 2585 493 2619 libri.
553 2585 723 2620 HEYNms
755 2585 823 2619 iste
858 2589 963 2623 recte.
