1721 2953
516 174 660 216 LIBR.
690 175 764 215 lv.
821 175 989 220 CARM.
1019 180 1053 220 Ι.
1372 184 1452 219 395

114 293 224 325 vitale
262 293 328 327 sui.
387 292 546 326 Ceterum
585 291 688 334 vulgo
721 293 843 334 poetae
878 290 1082 327 subsidendi
1112 293 1215 328 verbo
1249 296 1389 327 utuntur
1416 294 1450 328 in

111 360 173 393 hac
198 370 244 393 re.
295 358 460 392 Desidere
493 362 605 392 tamen
639 357 725 392 dixit
749 357 878 392 Lucu..
908 360 1005 394 Aeta.
1033 363 1111 394 103.
1136 360 1195 393 ubi
1219 360 1286 393 alia
1312 370 1355 393 ex
1380 361 1451 393 Sn-

109 436 205 458 NECA
230 427 405 468 comparat
427 423 578 457 neonus
602 435 636 468 p.
654 426 734 457 108.
760 442 808 449 -
834 425 994 459 Qualis
1021 430 1065 460 et
1092 426 1137 459 in
1163 436 1343 460 curvum
1372 430 1452 468 etc„

111 494 147 523 ut
185 493 307 533 pontus
340 499 359 522 a
393 488 513 522 finibus
546 493 658 522 terrae
693 489 833 522 Oceano
867 489 985 524 cinctis
1018 492 1222 526 confluxerit
1247 496 1366 525 natura
1390 503 1453 526 sua

109 566 247 589 curvum
271 556 305 588 in
331 555 446 589 orbem
472 556 506 589 in
531 560 659 590 centro.
707 537 900 589 Videbatur
921 558 1008 591 enim
1033 562 1124 591 terra
1149 558 1191 591 ab
1216 558 1346 591 ambitu
1373 568 1454 592 ver-

107 633 166 656 sus
190 626 343 656 centrum
370 623 531 666 paulatim
557 622 765 656 descendere
791 622 973 666 depressa,
999 627 1034 657 et
1059 625 1092 657 in
1120 624 1232 657 medio
1259 634 1350 657 mare
1377 634 1451 657 me·

109 687 338 720 diterraneum
362 698 457 730 esse,
480 692 519 722 ut
545 693 660 722 monet
684 689 726 723 ad
752 689 841 723 hunc
866 690 977 722 locum
1002 691 1161 725 Vossms.
1177 710 1223 716 —-
1249 692 1290 724 V.
1311 693 1353 724 21
1377 702 1452 734 sqq.

109 752 208 795 lego:
245 751 302 785 Et
326 763 463 795 vagus
495 764 515 786 a
542 754 681 787 terris
706 765 780 797 sqq.
808 758 880 787 tum
906 754 1019 788 Huic
1044 760 1090 789 ut
1115 760 1180 790 etc.
1208 756 1238 789 h.
1265 767 1296 790 e.
1322 761 1360 790 ut
1385 768 1452 800 qua

110 828 251 861 surgere
277 819 337 851 ae'r
360 830 378 852 a
404 819 504 852 terris
528 819 666 860 nititur,
702 819 771 862 ibi,
808 820 841 852 in
866 820 1043 853 altioribus
1068 822 1176 863 locis,
1210 826 1391 856 contextus
1418 823 1451 855 ei

110 884 228 918 aether
262 885 355 919 fluat.
418 886 477 919 Sic
514 890 608 919 recte
645 886 987 928 WuNDancnms,
1027 898 1090 921 nec
1126 887 1226 921 video
1262 891 1453 921 contortam

109 948 193 983 hanc
219 950 382 983 rationem
408 960 504 992 esse,
528 955 566 984 ut
598 950 812 985 Huscnxms
843 953 1012 996 opinatur.
1061 953 1281 987 Manifestum
1307 956 1361 986 est
1385 963 1451 986 non

108 1014 151 1048 de
178 1016 310 1059 origine
335 1017 580 1051 elementorum
613 1017 666 1052 hic
695 1019 774 1061 agi,
809 1023 847 1052 ut
880 1020 1025 1053 alterum
1059 1031 1101 1053 ex
1134 1021 1242 1054 altero
1277 1020 1454 1065 prodierit,

107 1080 166 1113 sed
201 1081 244 1115 de
279 1082 416 1116 sedibus
453 1087 487 1116 et
521 1083 564 1117 de
597 1083 820 1127 dispositione
856 1095 976 1118 eorum
1001 1096 1063 1130 per
1096 1086 1276 1128 mundum,
1314 1086 1369 1120 cui
1403 1086 1454 1118 rei

108 1147 207 1191 plane
231 1149 388 1182 convenit
413 1151 588 1194 proposita
613 1152 834 1185 constructio.
893 1151 1015 1195 Neque
1041 1163 1127 1196 opus
1153 1157 1226 1186 erat
1250 1156 1288 1186 ut
1311 1163 1452 1196 separa-

108 1215 167 1247 tim
194 1214 323 1248 diceret
347 1215 390 1249 de
415 1217 502 1250 aei-is
527 1217 608 1250 sede
636 1222 670 1250 et
695 1217 855 1260 aetheris,
880 1219 1040 1253 seiunctis
1065 1221 1252 1262 commatis,
1278 1220 1338 1253 sed
1365 1219 1451 1251 bene

108 1282 239 1315 varians
261 1283 447 1317 orationem
469 1295 535 1317 una
557 1287 812 1319 constructione
831 1286 1011 1319 verborum
1031 1288 1229 1330 complexus
1251 1289 1302 1319 est
1319 1288 1455 1318 utrum-

107 1357 185 1389 qne.
249 1349 335 1383 Quis
371 1350 459 1386 enim
495 1360 562 1383 non
598 1351 691 1384 videt
726 1353 840 1385 aerem
874 1352 964 1385 inter
992 1356 1116 1385 terram
1151 1355 1186 1384 et
1218 1350 1391 1384 aetherem
1425 1360 1452 1383 s.

105 1413 218 1454 ignem
257 1413 436 1446 sublimem
475 1414 661 1456 significari
697 1416 875 1458 positum?
934 1417 1126 1449 Probamus
1162 1415 1268 1458 igitur
1306 1416 1451 1459 primum

104 1476 266 1510 BARTHH
292 1477 564 1512 emendationem
592 1490 614 1510 a
640 1479 744 1512 terris
770 1480 966 1523 egregiam3
1003 1481 1095 1523 quod
1121 1482 1289 1523 Vossnm,
1316 1486 1451 1514 cetero—

109 1544 190 1585 quin
216 1544 505 1577 Wurmssnmcnn
531 1545 821 1579 constructionem
842 1550 991 1588 secutus,
1013 1549 1127 1580 tamen
1152 1558 1170 1578 e
1196 1546 1301 1579 terris
1326 1547 1452 1580 retinet

105 1612 139 1640 et
166 1609 214 1641 sic
240 1608 410 1651 defendit,
447 1610 562 1643 aerem
587 1620 606 1642 e
631 1605 814 1653 vaporibus
840 1615 953 1644 terrae
985 1612 1066 1644 oriri
1092 1616 1126 1645 et
1151 1623 1313 1655 surgere,
1350 1612 1449 1645 facile

104 1680 217 1719 patet,
250 1676 331 1718 quid
355 1675 433 1709 huic
457 1676 578 1709 rationi
604 1676 727 1710 obstet.
779 1677 867 1710 Nam
894 1688 960 1720 qua
987 1680 1046 1712 aer
1069 1690 1088 1712 e
1114 1684 1204 1712 terra
1232 1680 1362 1722 surgit,
1397 1684 1449 1713 est

104 1742 302 1785 superficies
326 1746 458 1783 terrae3
498 1742 543 1774 ibi
578 1746 691 1774 autem
725 1742 899 1784 quomodo
929 1743 961 1776 ei
986 1743 1104 1777 aether
1130 1744 1195 1777 dici
1222 1748 1336 1788 potest
1365 1755 1449 1778 con-

105 1813 220 1841 textus
246 1808 348 1842 csse?
397 1808 621 1842 Nihilominus
655 1813 794 1843 secutus
828 1810 986 1843 Vossmm
1020 1810 1182 1844 BAcfflus
1221 1815 1282 1845 est.
1332 1811 1449 1844 Altera

105 1885 185 1908 vero
216 1876 363 1916 locutio,
400 1886 467 1917 qua
502 1886 608 1917 vagus
641 1876 700 1908 aer
734 1886 755 1908 a
788 1875 888 1908 terris
922 1886 1064 1919 surgere
1090 1877 1226 1919 nititur,
1266 1880 1334 1909 tam
1360 1876 1447 1910 bene

104 1942 260 1974 convenit
287 1941 517 1985 superioribus
542 1942 644 1983 locis,
684 1952 760 1975 cum
786 1943 905 1976 relicta
930 1943 1105 1977 vicinitate
1132 1947 1245 1977 terrae
1270 1944 1330 1978 aer
1355 1944 1442 1976 libe-

104 2009 174 2041 rius
207 2009 350 2041 diffusus
376 2009 492 2042 nititur
516 2013 698 2053 penetrare
723 2011 842 2052 altius,
876 2014 916 2044 ut
948 2021 1053 2053 aegre
1089 2011 1227 2044 credam
1254 2009 1354 2048 ‚aliud
1386 2020 1449 2043 vo-

103 2075 205 2108 luisse
238 2079 384 2118 poetam.
410 2093 456 2098 —-
492 2076 602 2108 Porro
637 2075 743 2110 huic
779 2080 826 2110 ut
859 2081 1036 2120 receperat
1068 2077 1134 2111 iam
1170 2076 1352 2110 Hssmms.
1402 2076 1448 2109 At

103 2144 284 2173 contextus
318 2144 370 2173 est
403 2151 596 2182 connexim,
637 2145 835 2175 transeunte
870 2143 978 2176 altero
1012 2144 1045 2176 in
1081 2144 1237 2177 alterum.
1287 2142 1444 2184 Denique

102 2206 269 2248 passim
296 2206 410 2239 fluat
437 2206 564 2239 dictum
592 2209 742 2240 suaviter
768 2210 827 2252 pr!
843 2208 1050 2243 diffundatur
1075 2220 1244 2254 expansus
1270 2209 1303 2242 in
1329 2219 1446 2243 omnes

104 2275 231 2314 partes.
281 2272 457 2315 Explicuit
483 2272 828 2306 Mi‘rsclfflnmcuws
855 2274 887 2306 in
913 2274 1027 2308 Lectt.
1052 2276 1084 2308 in
1110 2275 1281 2308 Catullum
1307 2287 1342 2318 p.
1365 2277 1443 2307 150.

102 2336 143 2369 ad
171 2338 282 2370 Carm.
307 2338 436 2380 LXIX,
461 2341 542 2372 358.
568 2339 626 2372 ubi
650 2340 772 2373 verba:
826 2340 939 2374 Testis
974 2341 1041 2374 erit
1077 2341 1214 2387 magnis
1250 2340 1445 2373 virtutibus

102 2404 199 2435 unda
223 2405 450 2442 Scamandri,
490 2406 589 2450 Quae
618 2406 754 2450 passim
792 2407 916 2452 rapido
951 2407 1169 2451 (Iiſj'undilur
1203 2406 1444 2450 Hellesponto.

103 2468 202 2502 Nunc
230 2470 392 2514 imprimis
426 2475 505 2514 apta
539 2472 668 2506 locutio
703 2478 842 2518 propter
875 2474 1129 2518 amplitudinem
1164 2475 1315 2507 locorum
1341 2484 1445 2516 supc-

102 2535 236 2567 riorum.
296 2535 361 2568 Est
391 2540 503 2569 autem
540 2538 685 2580 liquidus
718 2538 878 2572 aether
915 2540 1096 2582 igneus,
1143 2540 1249 2573 veluti
1286 2538 1443 2584 liquidus

100 2601 192 2643 ignis
226 2613 276 2646 pr.
310 2603 448 2638 aethere
483 2605 593 2639 dictus
630 2607 736 2640 Vino.
773 2607 894 2650 Eclog.
922 2607 981 2649 Vl,
1012 2610 1069 2642 33.
1132 2607 1230 2641 Haec
1269 2606 1441 2641 hactenus.

103 2668 211 2700 Aliam
238 2670 402 2704 rationem
426 2672 634 2714 excogitavit
658 2672 868 2707 Huscnfflus
894 2677 1057 2717 sequente
1080 2675 1296 2708 Gotnnnm.
1348 2671 1443 2706 Scri-
