1721 2953
479 675 811 725 FRIDERICO
874 676 1170 726 JACOBSIO

238 914 571 964 FRIDERICO
625 915 981 965 THEOPHILO
1041 916 1405 965 WELCKERO

320 1059 449 1094 VIRIS
488 1060 914 1098 CONIUNCTISSIMIS
952 1062 1231 1098 CELEBERRI
1238 1064 1319 1097 Mls

450 1182 821 1232 LUDOLPIIUS
885 1184 1201 1231 DISSENIUS

801 1326 844 1372 S.

143 1530 340 1600 Albium
374 1559 587 1600 Tibullum
618 1558 768 1611 edens,
799 1557 913 1614 quod
932 1558 1064 1601 Vobis
1094 1566 1188 1599 ante
1220 1572 1361 1599 onmes
1381 1558 1499 1600 mitto

142 1675 245 1714 opus
276 1675 412 1701 meum
437 1669 476 1699 οι·
497 1660 630 1700 Vobis
654 1659 856 1717 imprimis
886 1659 929 1699 id
956 1667 1237 1700 consecratum
1259 1660 1355 1700 volo
1368 1689 1379 1709 ,
1407 1659 1502 1699 Viri

143 1756 310 1806 egregii,
344 1769 430 1795 non
461 1754 735 1804 mirabimini,
766 1754 839 1807 qui
852 1762 903 1792 -et
923 1754 1156 1804 cognitione
1180 1754 1379 1804 singulari
1399 1767 1500 1806 poe-

143 1862 233 1888 seos
263 1846 456 1900 antIquae
490 1844 676 1899 polletis,
715 1853 754 1883 et
781 1844 885 1883 mihi
913 1843 1096 1885 faventes
1130 1846 1310 1884 maxime
1342 1845 1500 1887 dudum

140 1946 230 1984 iure
261 1939 503 1995 ἀντίδωρον
534 1946 772 1992 exspectare
796 1937 994 1992 poteratis
1021 1952 1099 1991 pro
1126 1938 1284 1979 Vestris
1313 1941 1500 1980 muneri-

140 2043 218 2082 bus
263 2038 484 2093 praeclaris
534 2035 863 2077 retribuendum.
939 2037 999 2077 Ac
1042 2036 1310 2077 vehementer
1350 2036 1496 2083 laetor,

140 2133 253 2188 quod
292 2147 404 2173 nunc
446 2131 612 2171 tandem
654 2131 790 2172 officio
820 2131 1054 2172 satisfacere
1082 2145 1254 2185 possum
1284 2129 1498 2171 iucundis-

139 2227 257 2266 simo.
312 2226 421 2266 Nam
457 2226 567 2264 inter
599 2234 661 2265 tot
693 2227 802 2266 mala
833 2224 1079 2266 valetudinis
1108 2226 1298 2280 iniquae,
1341 2225 1494 2279 quibus

141 2324 374 2371 conflictor,
415 2321 610 2361 amicitias
641 2329 680 2360 ct
718 2321 1013 2361 familiaritates
1043 2322 1230 2362 virorum
1260 2322 1494 2374 praeclaro-

136 2432 251 2468 rum,
285 2418 436 2472 quibus
462 2425 578 2467 utor,
620 2430 782 2470 semper
810 2431 888 2470 pro
917 2431 1065 2468 magno
1093 2426 1132 2457 et
1149 2417 1301 2469 insigni
1320 2430 1493 2456 munere

137 2516 266 2556 habui
297 2515 480 2569 propitio
514 2515 683 2554 numine
713 2514 816 2554 mihi
844 2515 1028 2568 tribut03
1057 2507 1133 2555 nec
1165 2515 1396 2567 disiungere
1426 2528 1493 2554 so-

139 2613 204 2651 lco
245 2613 322 2652 hos
363 2625 506 2652 seusus
546 2626 569 2650 a
608 2610 751 2653 studiis
785 2611 907 2661 meis,
958 2610 1029 2653 sed
1060 2612 1232 2665 probari
1269 2611 1390 2664 cupio
1423 2610 1493 2649 ubi

1062 2704 1123 2738 a2
