1721 2953
666 130 907 172 TlBU'LLl.
1365 145 1460 170 xum

120 250 297 287 carmina
336 249 458 299 plena
495 247 731 287 sublimium
761 260 978 298 sensuum,
1024 261 1203 302 quorum
1233 256 1367 288 tamen
1398 249 1461 287 in-

118 326 322 369 tellectum
359 324 539 377 aliquem
577 337 741 364 necesse
775 333 834 364 est
870 324 1075 365 habuerit.
1144 323 1320 364 Callidas
1355 331 1460 363 artes

119 402 289 440 aliarum
327 400 559 452 puellarum
602 399 764 440 credam
798 402 849 441 ab
882 415 929 439 ea
964 401 1137 450 alienas,
1170 413 1264 440 cum
1293 399 1462 439 Tibullo

116 478 406 527 innotescere13
438 486 477 517 at
508 478 700 517 amabiles
730 491 867 518 mores
895 479 1077 529 suerunt,
1106 479 1190 519 sive
1222 477 1462 517 educatione

116 554 200 594 sive
234 554 313 594 alio
345 553 467 595 modo
497 555 618 607 parti.
678 555 890 606 Ingenium
922 564 1010 594 erat
1036 555 1153 605 mite3
1198 553 1390 594 saevitiae
1425 561 1464 593 et

115 631 331 683 superbiae
363 632 522 671 nullum
551 632 767 683 vestigium
799 640 942 672 exstat.
1008 631 1096 671 Nec
1124 632 1356 678 luxuriam,
1399 631 1463 668 cui

115 707 301 747 Nemesis
330 716 544 760 tantopere
576 708 733 759 dedita,
771 709 815 748 in
849 709 912 748 his
943 708 1078 759 elegiis
1109 706 1297 760 queritur
1328 711 1462 756 poeta,

116 782 186 822 sed
215 784 353 836 potius
376 785 592 836 probabile
624 793 682 825 est
712 785 1007 837 simplicitatem
1040 782 1246 837 quandam
1274 783 1381 821 vitae
1412 794 1464 819 ex

116 859 271 909 origine
294 859 467 910 plebeia,
497 868 717 913 antequam
739 867 1076 913 corrumperetur
1097 859 1339 898 muneribus
1364 857 1465 896 alio-

115 948 219 983 rum,
250 935 300 974 ab
333 949 381 974 ea
409 943 621 987 retentam,
651 951 776 991 quam
805 945 897 990 post
925 935 1102 977 reditum
1134 950 1155 976 e
1190 935 1372 988 Corcyra
1400 935 1464 972 in-

115 1009 254 1050 venire
276 1011 373 1052 velit
395 1026 566 1065 vespere
593 1013 702 1054 inter
727 1016 892 1055 ancillas
925 1014 976 1054 ad
1004 1016 1218 1054 lucernam
1245 1021 1374 1052 matre
1404 1013 1466 1051 fa-

118 1088 244 1127 bellas
280 1099 472 1129 narrante
507 1091 686 1132 femineo
725 1101 832 1132 caste
865 1100 1106 1144 occupatam
1135 1092 1301 1139 labore,
1341 1104 1465 1143 quam

118 1166 307 1215 sperabat
345 1167 506 1218 negotia
550 1166 770 1207 domestica
811 1169 853 1207 in
898 1167 1068 1220 praedio
1111 1182 1186 1208 suo
1231 1175 1464 1206 curaturam

117 1241 185 1287 sic,
218 1249 262 1280 ut
293 1239 486 1281 describit
512 1243 554 1281 in
587 1244 742 1295 quinta.
803 1242 920 1282 Certe
943 1258 966 1282 a
986 1243 1173 1283 Nemesis
1197 1243 1306 1281 fastu
1331 1243 1463 1281 aliena

118 1319 229 1355 haec.
290 1317 400 1356 Talis
430 1317 516 1356 sere
543 1331 636 1358 cum
665 1317 788 1357 Delia
819 1326 939 1367 esset,
970 1318 1161 1356 Tibullus
1191 1318 1368 1369 primum
1401 1318 1465 1354 in-

117 1405 261 1431 census
284 1393 588 1444 pulchritudine
620 1395 718 1444 eius,
749 1394 805 1434 sic
826 1408 914 1433 eam
941 1408 1076 1434 amare
1097 1394 1243 1446 coepit,
1274 1402 1317 1432 ut
1342 1407 1466 1446 quam

119 1478 356 1521 perpetuam
385 1471 537 1510 sociam
566 1467 672 1511 vitae
702 1470 752 1510 ad
773 1479 947 1510 mortem
969 1472 1121 1512 habere
1145 1471 1298 1523 cupias.
1357 1467 1466 1517 Quid

117 1547 282 1586 mollius
315 1548 378 1585 his
409 1548 544 1587 verbis
575 1548 606 1597 Ι,
642 1553 675 1598 1,
710 1552 783 1588 59:

230 1624 289 1663 Te
320 1631 520 1675 spectem,
557 1638 749 1676 suprema
777 1625 879 1665 mihi
910 1614 1003 1664 cum
1036 1624 1197 1664 venerit
1229 1623 1345 1671 hora,

286 1698 346 1736 Te
375 1707 539 1737 teneam
567 1700 748 1739 moriens
779 1699 989 1740 deficiente
1020 1713 1158 1738 manu.

119 1774 176 1812 Ac
207 1774 371 1814 volebat
400 1788 511 1823 eam,
553 1783 599 1813 ut
632 1788 756 1827 supra
792 1775 901 1824 dixi,
941 1789 1019 1827 pro
1059 1789 1192 1814 uxore
1224 1789 1359 1813 secum
1393 1777 1464 1813 ha-

119 1852 216 1889 bere
245 1864 357 1896 rure,
387 1859 426 1889 et
454 1850 613 1889 felicem
644 1850 769 1890 vitam
800 1852 878 1890 sibi
907 1850 1095 1902 fingebat,
1127 1852 1161 1890 si
1186 1859 1317 1889 amata
1349 1852 1468 1902 quasi

118 1925 422 1964 materfamilias
454 1926 591 1964 omnia
623 1934 796 1974 curaret,
827 1924 1174 1980 quemadmodum
1199 1927 1370 1979 pulchre
1396 1927 1466 1966 de-

120 2002 258 2040 scribit
286 2001 316 2050 Ῑ,
347 2005 384 2050 57
417 2004 466 2039 21
501 2014 615 2054 sqq.:

230 2077 344 2116 Rura
374 2078 505 2116 colam
534 2078 784 2131 frugumque
817 2071 948 2118 aderit
977 2092 1067 2118 mea
1096 2079 1219 2117 Delia
1253 2087 1399 2121 custos,

287 2155 395 2191 Area
425 2151 522 2191 dum
552 2167 702 2193 messes
733 2155 818 2193 sole
850 2155 1006 2205 calente
1036 2163 1152 2203 teret,

231 2229 311 2266 Aut
345 2228 446 2266 mihi
475 2224 659 2268 servabit
684 2230 814 2281 plenis
844 2230 885 2269 in
915 2230 1108 2269 lintribus
1140 2245 1253 2278 uvas,

290 2306 516 2357 Pressaque
547 2306 677 2345 veloci
709 2305 878 2345 candida
910 2315 1041 2346 musta
1071 2306 1188 2358 pede,

236 2382 484 2422 Consuescet
517 2397 732 2424 numerare
763 2397 900 2436 pecus,
932 2392 1169 2424 consuescet
1199 2386 1370 2424 amantis

292 2459 491 2499 Garrulus
523 2461 563 2499 iu
596 2460 784 2501 dominae
816 2462 956 2502 ludere
989 2477 1115 2502 verua
1144 2463 1249 2502 sinu.

241 2535 309 2572 llla
340 2533 415 2574 deo
450 2537 544 2576 sciet
576 2538 773 2587 agricolae
806 2552 881 2590 pro
912 2539 1062 2578 vitibus
1097 2553 1228 2586 uvam,

294 2610 374 2649 Pro
408 2621 536 2661 segete
569 2615 716 2665 spicas,
749 2628 824 2664 pro
856 2628 972 2664 grege
1006 2616 1111 2653 l'crrc
1143 2614 1301 2666 dapem.
