1721 2953
315 157 397 196 438
632 153 1002 197 COMMENTAR.
1030 158 1089 198 IN
1118 159 1347 200 TIBULLI

317 271 409 304 clare
446 267 540 301 vides
575 272 845 302 contemnentem
879 269 913 302 in
947 269 1072 304 affectu
1107 281 1170 305 suo
1203 283 1376 307 sermones
1404 273 1584 308 hominum.
1612 295 1659 301 —

318 338 393 370 lux
420 348 532 377 mea,
554 340 593 369 ut
614 336 701 369 infra
723 339 777 378 12,
801 339 834 370 1.
882 338 1028 383 Saepius
1051 340 1096 373 ita
1117 340 1373 384 Pnopssnrms3
1398 343 1555 376 Tibullus
1574 344 1659 376 alias

318 414 385 436 non
412 402 518 435 utitur
542 402 696 435 formula.
747 401 924 437 Homssnus
958 404 1044 437 dixit
1077 402 1239 450 γλυκερόν
1272 403 1375 446 φάος,
1413 407 1539 449 Odyss.
1563 407 1659 448 XVI,

318 472 374 502 23.
387 486 433 491 -—
459 471 566 501 tunc
580 485 624 491 —
642 467 797 502 abibit.
839 469 945 503 Missa
965 470 1183 504 conditionali
1203 471 1308 505 forma
1326 473 1524 514 sententiae,
1552 470 1658 515 phan-

322 537 428 570 tasiae
454 536 566 580 puella
590 535 702 569 vivida
726 536 832 580 ipsam
859 547 929 571 rem
955 539 1051 581 quasi
1078 539 1224 573 suturam
1247 540 1352 583 ponit.
1377 559 1422 564 —
1447 540 1489 574 V.
1517 542 1560 573 19
1583 550 1657 582 sqq.

315 603 417 644 lege
445 601 635 643 Dianae,
671 605 709 634 ut
743 601 838 636 iubet
869 603 978 636 Diana
1006 607 1111 637 casta.
1160 605 1365 648 Suspicatur
1396 605 1542 639 Vossms
1578 615 1658 648 pro—

315 667 466 701 verbium
491 668 686 710 exstitisse,
725 669 817 712 quod
845 670 1039 704 castitatem
1064 671 1319 705 commendaret
1354 671 1590 713 venatoribus,
1630 672 1658 704 si

314 734 401 767 bene
426 733 611 767 succedere
635 734 698 767 sibi
721 735 847 768 vellent
869 737 1095 771 venationem.
1120 755 1167 763 -
1201 741 1349 780 tange.
1401 737 1557 771 Tuentur
1580 747 1656 770 ver-

314 802 393 834 bum
431 801 504 844 ipsa
546 801 697 836 adiecta:
741 806 867 836 casta
904 813 1043 836 manu.
1106 803 1275 838 Videntur
1311 807 1425 836 autem
1463 803 1658 844 credidisse,

315 879 402 911 quae
428 878 495 901 non
520 871 614 901 casta
633 878 734 902 manu
760 873 874 903 essent
899 874 991 903 tacta
1015 871 1123 913 retia,
1148 871 1257 915 rumpi
1282 871 1381 904 facile
1408 874 1442 903 et
1466 870 1553 903 viam
1578 870 1658 903 dare

314 935 406 968 feris.
465 935 565 971 Quae
589 935 761 969 Hermus
786 937 930 980 opponit
955 938 1114 980 lectioni,
1148 939 1273 972 nullius
1305 938 1467 971 momenti
1501 938 1657 970 videntur

313 1012 400 1037 esse.
425 1019 471 1028 --
496 1001 731 1047 subrepit,
756 1014 905 1037 amorem
930 1003 1010 1038 mihi
1037 1005 1189 1039 debitum
1214 1005 1442 1048 intercipiens.
1492 1003 1556 1036 Est
1578 1015 1656 1037 ver—

314 1068 394 1101 bum
426 1066 644 1110 insidiarum,
689 1071 724 1101 et
754 1068 887 1102 confert
919 1070 1079 1103 Vnm‘lus
1105 1070 1229 1103 Catull.
1257 1070 1419 1111 LXXVI,
1443 1072 1487 1102 3:
1525 1068 1658 1101 Siccine

314 1132 490 1177 subrepsti
525 1133 572 1166 mi
604 1139 712 1179 atque
737 1133 910 1166 intestina
941 1145 1111 1177 perurens
1136 1133 1184 1166 Ei
1207 1134 1329 1167 misero
1353 1133 1517 1179 eripuisti
1542 1133 1658 1166 omnia

310 1205 436 1233 nostra
469 1198 571 1235 bona.
627 1200 720 1233 Cave
753 1210 834 1234 vero
869 1210 1031 1244 praesens
1065 1201 1220 1245 expellas
1255 1201 1418 1234 librorum
1453 1201 1658 1234 auctoritate

311 1266 595 1300 commendatum.
645 1268 775 1300 Sensus
800 1267 909 1301 enim:
946 1267 985 1301 Si
1019 1278 1084 1311 qua
1113 1278 1222 1311 nunc,
1248 1267 1327 1301 dum
1353 1268 1456 1310 abes,
1481 1267 1659 1302 insidiatur

312 1333 401 1366 forte
424 1333 532 1366 amori
557 1343 644 1367 me0.
671 1352 715 1358 —-
753 1344 914 1368 saevas
939 1335 1083 1378 feras,
1110 1336 1220 1380 lupos.

404 1398 447 1432 V.
473 1400 532 1432 23.
556 1400 613 1431 24.
662 1398 837 1432 Exitus.
887 1400 1004 1433 Redi
1030 1410 1156 1442 quam
1184 1401 1384 1444 primum.

404 1462 446 1496 V.
459 1465 503 1495 23
516 1473 566 1505 sq.
594 1463 797 1496 Venandi
821 1463 1034 1497 studium.
1083 1465 1309 1498 Locutionem
1326 1464 1608 1497 Bnoucxflusms
1624 1467 1658 1496 et

312 1529 475 1562 Vumns
493 1530 657 1573 exemplis
676 1530 855 1564 illustrant.
869 1550 916 1556 —
941 1532 1134 1575 parenti.
1162 1533 1312 1566 Vossms
1333 1533 1505 1576 Sulpiciae
1524 1536 1658 1576 patrem

311 1595 472 1636 intelligit
497 1599 637 1637 propter
662 1605 693 1629 v,
722 1598 764 1627 11
780 1598 865 1629 -18,
901 1606 989 1638 quae
1014 1596 1190 1629 decentius
1214 1598 1264 1630 sic
1289 1597 1463 1639 dicantur,
1501 1608 1601 1640 quam
1628 1598 1655 1630 si

311 1659 464 1692 Cerinthi
499 1660 605 1703 patris
638 1671 742 1703 agros
776 1662 929 1704 cogites,
965 1663 998 1695 in
1034 1673 1120 1706 quos
1157 1664 1252 1697 exire
1289 1664 1369 1698 velit
1403 1665 1527 1708 puella,
1586 1665 1656 1698 Sed

311 1735 387 1758 cum
413 1725 566 1769 Sulpicia
589 1736 619 1757 v.
646 1729 702 1760 11.
728 1726 839 1760 dicat:
875 1733 917 1759 ut
946 1726 1074 1770 liceat,
1111 1727 1232 1771 hisque
1259 1729 1370 1762 verbis
1395 1731 1567 1773 significet
1590 1731 1654 1763 sibi

310 1801 376 1824 uon
401 1792 524 1833 licere,
562 1791 622 1824 sed
650 1790 868 1835 hypothetice
893 1803 930 1826 se
956 1791 1039 1827 haec
1064 1795 1176 1827 onmia
1203 1795 1315 1837 loqui,
1352 1795 1446 1828 vides
1472 1806 1539 1828 non
1565 1797 1655 1828 mul·

310 1861 382 1890 tum
410 1857 498 1890 effici
525 1856 588 1891 hoc
613 1857 725 1892 modo.
775 1859 826 1890 Ac
850 1858 878 1890 si
905 1859 1160 1900 grammaticam
1190 1861 1417 1903 consulimus,
1455 1867 1519 1893 tuo
1545 1861 1656 1905 potins

309 1923 535 1966 supplendum
568 1923 702 1957 videtur
723 1923 778 1956 ‘ad
807 1924 971 1967 parenti,
1009 1924 1072 1958 hoc
1107 1927 1194 1959 enim
1229 1937 1330 1960 sensu
1365 1929 1556 1971 proximum
1592 1933 1654 1969 est,

311 2001 377 2023 non
403 2001 485 2023 meo.
535 1989 610 2023 Nec
635 1990 732 2023 video
759 2001 820 2023 cur
845 2001 910 2024 non
938 1991 1038 2025 etiam
1062 1992 1212 2026 Cei-iuthi
1240 1997 1337 2037 pater
1362 1992 1502 2026 fundum
1528 1992 1652 2026 habere

309 2056 461 2099 potuerit
484 2055 541 2088 ubi
566 2055 679 2088 venari
707 2055 834 2088 liceret.
885 2056 953 2091 Qui
988 2057 1163 2099 Sulpiciae
1198 2061 1329 2101 patrem
1363 2058 1554 2101 intelligere
1579 2069 1653 2091 ma-

309 2121 453 2162 luerint,
478 2120 592 2153 ‹licent
616 2119 812 2154 Cerinthum
839 2119 927 2154 haud
953 2120 1055 2155 dubie
1081 2127 1255 2166 receptum
1281 2122 1386 2156 fuisse
1410 2124 1499 2156 inter
1523 2124 1650 2156 amicos

309 2185 440 2226 domus,
466 2190 504 2218 ut
531 2189 624 2228 patet
650 2187 751 2219 etiam
777 2198 819 2220 ex
845 2198 947 2223 carm.
974 2188 1033 2230 VI,
1060 2191 1093 2223 6.
1119 2193 1221 2232 atque
1246 2189 1294 2222 ita
1319 2189 1494 2222 invitatum
1520 2201 1540 2222 a
1565 2191 1649 2223 Ser-

310 2251 364 2283 vio
398 2251 551 2295 Sulpicio
586 2239 637 2284 ad·
664 2253 889 2288 venationem.
952 2254 1099 2287 Vossms
1126 2264 1214 2288 nunc
1240 2255 1392 2287 iuvenem
1419 2254 1509 2298 apud
1535 2255 1654 2298 Sulpi-

310 2318 399 2351 cium
426 2318 529 2351 tuisse
555 2319 657 2352 etiam
683 2329 726 2352 ex
751 2330 853 2354 carm.
880 2320 975 2355 vlu.
1000 2325 1035 2354 ct
1059 2321 1121 2354 IX.
1148 2321 1341 2363 concludit,
1368 2321 1425 2354 ubi
1451 2321 1515 2355 alia
1541 2322 1651 2354 omnia

309 2383 420 2427 potius
456 2383 570 2416 videas
611 2394 711 2426 quam
750 2383 824 2419 hoc.
861 2403 908 2410 --
962 2386 1005 2419 in
1047 2391 1229 2420 nostros
1278 2397 1466 2421 recurre
1513 2387 1651 2421 sinus.

309 2451 493 2494 Comparat
528 2451 698 2485 Hssrmns
730 2453 888 2496 Propert.
910 2453 972 2495 ΙΙΙ,
997 2456 1055 2495 20,
1082 2456 1145 2487 1οε
1182 2453 1219 2486 in
1243 2459 1382 2486 nostros
1407 2465 1507 2486 curre
1527 2453 1651 2497 puella

306 2514 416 2558 sinus,
441 2515 718 2550 Bnoucnnusms
745 2521 780 2551 et
800 2518 959 2552 Vqums
985 2523 1161 2562 apponunt
1193 2520 1298 2553 Ovm.
1324 2519 1465 2553 Heroid.
1488 2520 1563 2561 XV,
1587 2521 1652 2552 95:

307 2581 391 2613 Ilm:
416 2581 500 2616 acles
525 2581 629 2628 inque
655 2583 753 2617 sinus
770 2583 927 2629 formose
952 2584 1105 2618 relabere
1129 2591 1277 2621 nostros.
