1721 2953
419 190 564 231 LlBR.
591 189 643 228 ΙΙ.
703 186 862 226 ELEG.
890 187 922 227 Ι.
977 188 1030 227 ΙΙ.
1318 193 1396 228 227

57 313 100 345 de
129 312 240 352 laeto,
276 308 357 351 agili
391 310 485 340 motu
516 303 708 337 saltantium
746 302 851 335 veluti
893 302 1001 337 Ovm.
1027 302 1111 336 Met.
1137 303 1197 345 ΙΙΙ,
1223 306 1302 337 685.
1338 313 1402 337 ηο-

58 381 150 410 tante
175 376 335 409 HEYNro.
365 388 410 398 -
446 371 556 404 Porro
581 370 774 402 Somnus
805 368 914 401 alatus
937 369 1148 412 fingebatur,
1188 373 1226 403 ut
1248 371 1324 404 sm.
1346 371 1399 405 lv.

59 444 104 485 X,
129 445 209 476 345.
245 442 327 473 356.
374 437 464 472 Vide
497 437 592 481 plura
627 435 719 480 apud
754 436 989 471 BROUCKHUS.
1023 436 1054 470 11.
1081 438 1103 471 l.
1138 442 1173 471 et
1199 439 1400 472 PAssERA'r.

58 509 101 542 ad
135 508 292 550 Propert.
324 504 352 546 I,
382 506 417 546 3,
450 506 508 537 45.
548 506 583 537 et
617 502 742 535 Ham.
778 500 809 534 h.
845 502 868 535 l.
905 520 950 526 —
1000 503 1139 536 fulvis
1174 504 1272 537 alis.
1331 504 1400 537 Aut

55 574 181 621 furt-is
206 576 265 606 aut
290 570 405 615 potius
424 568 548 614 fuscis
573 568 754 611 legendum
781 570 886 611 patet.
907 586 954 592 —
984 569 1167 602 Somnia
1192 570 1339 612 nigra,
1363 573 1403 602 ut

6 675 8 679 ,
59 640 166 672 OVID.
200 637 294 670 Fast.
327 635 372 677 Π,
408 637 487 667 662.
530 634 661 666 EURIP.
701 632 832 665 Hecub.
868 634 932 666 72:
973 630 1073 674 χθών
1105 632 1404 680 μελανοπτερύγων

58 705 165 749 μᾶτερ
191 701 366 748 Ὀνείρων,
393 701 607 734 laudantibus
630 701 715 734 aliis.
744 719 791 725 —
824 699 1004 732 incerto
1031 700 1163 743 pede,
1188 706 1327 744 propter
1352 701 1405 734 in-

59 775 281 812 constantem,
306 771 426 811 levem,
453 768 630 809 lubricum,
659 765 904 810 lapsabundum
930 771 1058 800 motum
1084 769 1266 810 imaginum
1294 769 1404 801 animo

61 838 313 871 obversantium
353 836 387 868 iu
426 833 564 867 somniis
600 832 643 865 ad
688 831 773 864 deos
810 830 914 864 hosce
957 834 1167 866 translatum.
1240 834 1291 867 Ac
1329 844 1405 867 cum

61 904 189 936 Somno
214 903 285 935 alas
309 899 476 940 tribuerit,
501 897 592 941 quod
619 897 726 930 noluit
750 896 840 929 idem
871 895 923 929 hic
948 898 1097 930 tribuere
1124 899 1224 931 etiam
1247 899 1408 939 Somniis,

63 969 95 1001 in
131 979 172 1001 eo
206 967 428 1001 variationem
463 974 600 997 suavem
637 973 815 1006 agnosces.
875 964 1056 997 Postremo
1092 965 1263 998 Hners
1299 969 1408 999 totum

61 1035 174 1067 locum
200 1044 241 1067 eo
267 1033 402 1066 nomine
427 1030 664 1075 reprehendit,
701 1030 792 1073 quod
819 1031 1010 1064 cumulatae
1036 1033 1102 1064 sint
1127 1042 1292 1076 personae
1316 1044 1410 1076 sym—

63 1099 207 1133 bolicae.
257 1098 329 1132 Sed
364 1097 540 1137 consulto,
574 1095 700 1137 cred0‚
735 1096 830 1129 dedit
858 1101 961 1140 poeta
986 1101 1142 1131 ornatum
1170 1099 1296 1132 exitum
1323 1099 1411 1133 festo

65 1163 143 1197 diei.
204 1167 319 1202 Quare
344 1163 436 1206 quod
463 1164 556 1195 lusus
582 1162 780 1195 feriatorum
807 1164 982 1206 excipiunt
1007 1164 1155 1198 siderum
1188 1165 1308 1199 Noctis
1332 1177 1411 1200 cur-

64 1241 139 1264 rum
172 1231 402 1264 comitantium
439 1228 604 1270 choreae,
643 1230 963 1273 appropinquatque
999 1231 1146 1264 Somnus
1178 1233 1303 1265 tacitus
1334 1243 1410 1266 cum

65 1298 232 1340 Somniis,
277 1297 393 1330 orbem
423 1297 599 1338 ipsamque
633 1300 850 1338 praesentem
887 1296 1020 1329 turbam
1056 1299 1295 1340 amplexurus,
1336 1298 1417 1340 quid

65 1366 148 1407 fingi
173 1368 286 1408 potest
316 1362 487 1407 pulchrius
513 1362 674 1395 dictum?
724 1362 894 1395 Nimirum
920 1363 1108 1396 cumulatio
1134 1364 1253 1406 inepta
1279 1369 1331 1398 est
1356 1364 1417 1400 ubi

65 1433 194 1472 aliena,
230 1434 266 1463 at
292 1428 433 1473 pulchra
463 1428 520 1461 ubi
542 1432 640 1472 aptus
667 1431 719 1461 est
744 1432 884 1460 ornatus
909 1430 1027 1461 maior.
1077 1430 1127 1462 Ac
1151 1430 1411 1463 cumulationem

65 1502 179 1542 aptam
203 1496 281 1530 vide
315 1497 415 1528 etiam
450 1495 482 1527 in
517 1494 675 1538 eplthetis
701 1495 850 1536 ultimis,
891 1494 1047 1531 tacitus,
1083 1494 1206 1539 furvis
1232 1506 1259 1528 s.
1280 1495 1414 1540 fuscis,

66 1563 193 1608 nigra5
233 1572 310 1595 nam
334 1561 506 1595 silentium
532 1560 773 1601 tenebrarum,
799 1559 864 1602 ait,
895 1561 1066 1604 opprimet
1091 1571 1171 1594 mox
1198 1561 1282 1594 lucis
1309 1560 1415 1593 festae

68 1631 259 1675 strepitum.

436 2020 891 2067 ELEGIA
990 2021 1050 2069 ll.

553 2328 963 2372 INTRODUCTIO.

79 2476 310 2538 CerinthuS,
344 2495 471 2529 amicus
497 2495 646 2537 Tibulli,
681 2496 778 2529 cuius
809 2506 927 2529 verum
961 2505 1081 2528 nomen
1108 2495 1305 2538 ignoratur,
1340 2495 1428 2530 idem

78 2561 183 2595 fuisse
205 2561 358 2603 ridetur,
384 2571 483 2604 quem
510 2562 542 2594 in
568 2565 689 2604 quarto
716 2561 803 2595 libro
831 2571 851 2593 a
876 2560 981 2594 nobili
1007 2562 1120 2605 puella
1147 2563 1301 2607 Sulpicia
1326 2563 1430 2596 amari

79 2627 230 2669 videbis,
263 2627 320 2660 ubi
355 2628 388 2660 in
413 2626 668 2661 Introductione
693 2626 734 2660 ad
769 2627 825 2659 illa
860 2627 1007 2660 carmina
1034 2627 1157 2660 iterum
1193 2627 1236 2661 de
1274 2638 1315 2661 eo
1341 2627 1429 2660 dixi-

81 2702 167 2726 mus.
216 2692 262 2725 Et
287 2703 373 2726 nunc
399 2694 532 2737 quidem
558 2693 672 2728 iuncto
698 2703 774 2727 cum
804 2692 975 2737 Sulpicia,
1011 2697 1048 2726 ut
1073 2693 1224 2735 ride-tur⁷
1257 2693 1429 2726 matrimo-

974 2761 1055 2798 15³¹<
