1721 2953
272 149 323 183 32
587 139 955 182 COMMENTAR.
986 142 1045 182 IN
1076 142 1301 182 TIBULLI

273 267 334 300 pro
360 257 477 289 Deliae
500 265 572 288 usu.
624 254 786 288 Profecto
812 255 980 289 concedes
1010 266 1096 289 nunc
1124 256 1262 289 ultimos
1286 257 1440 290 stimulos
1462 256 1617 290 admotos

273 328 307 356 ct
347 321 600 355 blandissimum
636 321 863 363 persuasionis
898 331 1028 363 genus;
1076 321 1178 354 talem
1221 322 1309 354 enim
1342 331 1493 354 amorem
1530 331 1617 364 quae

273 389 403 428 viderit,
432 390 491 419 aut
510 386 645 419 omuino
675 396 742 419 non
771 386 867 420 audit
889 391 923 421 te
947 392 1006 421 aut
1032 398 1120 422 nunc
1145 388 1270 422 audiet.
1319 389 1431 432 Atque
1454 389 1502 422 ita
1524 393 1618 432 patet

272 453 424 497 perfecta
455 453 566 485 unitas
596 453 860 496 compositionis.
911 453 1112 487 Dominatur
1139 465 1200 497 per
1229 454 1341 487 onmia
1369 453 1492 487 ardens
1519 455 1619 497 cupi—

271 521 358 553 ditas
384 519 566 563 potiundae
588 519 742 562 puellae,
765 530 864 562 quam
893 520 1133 564 impedimenta
1160 522 1262 554 etiam
1287 524 1473 562 auxerunt,
1500 525 1619 563 estque

270 586 353 620 haec
378 587 494 619 intima
515 586 565 619 vis
589 586 764 628 carminis3
789 585 866 619 hinc
887 588 1063 629 persuasio
1088 586 1168 619 nihil
1189 587 1392 621 intentatum
1413 587 1618 630 relinquens,

272 653 348 687 hinc
377 653 473 696 vigor
499 653 695 696 praeclarus
722 652 904 685 affectuum
938 653 1064 695 ubique
1091 663 1258 696 regnans,
1292 664 1359 696 quo
1390 653 1474 688 llaec
1506 654 1618 696 elegia

269 720 416 753 maxime
440 718 580 760 insignis
607 720 669 751 est.
718 717 958 759 Maximopere
984 718 1072 751 enim
1102 722 1191 751 errat
1216 719 1363 753 Vossms
1387 717 1441 753 hic
1471 723 1510 752 ut
1535 720 1625 766 aliasx

270 785 396 819 docens
427 794 493 817 uon
520 784 566 816 ita
592 783 682 816 serio
712 783 804 824 loqui
836 786 991 826 poetam,
1027 782 1118 825 quod
1143 786 1195 816 est
1224 787 1377 826 apertam
1404 787 1534 818 temere
1557 795 1619 818 ne-

270 860 354 892 gare
386 849 563 881 veritatem
595 848 802 888 affectuum,
837 857 937 889 quam
975 848 1085 880 oratio
1116 851 1190 881 tota
1224 849 1444 883 demonstrat.
1493 849 1618 883 Restat

270 920 309 949 ut
331 916 374 949 de
396 915 522 948 exitu
545 915 706 948 dicamus.
757 915 875 947 Omnis
893 915 1003 957 elegia
1017 914 1210 948 Tibulliana
1232 916 1365 957 quaerit
1387 916 1420 948 in
1438 916 1504 949 fine
1524 920 1619 949 tran-

271 982 472 1024 quillitatem
497 981 788 1024 qualemcunque,
820 986 923 1024 atque
956 981 1008 1015 hic
1038 981 1157 1022 ardor,
1182 980 1215 1014 hi
1245 982 1381 1015 dolores
1408 983 1532 1016 amoris
1564 984 1617 1016 vei

271 1047 435 1091 imprimis
468 1047 650 1080 lenimenta
684 1050 717 1079 et
747 1047 869 1079 solatia
905 1046 1155 1080 desiderabant.
1213 1045 1396 1082 Quomodo
1430 1046 1494 1080 hoc
1529 1031 1617 1080 nunc

271 1113 430 1146 effectum
457 1111 537 1146 est?
585 1112 728 1144 Factum
752 1121 855 1154 saepe
883 1115 964 1154 puta
994 1115 1032 1144 ut
1060 1114 1210 1144 amantes
1237 1115 1316 1144 ante
1343 1112 1460 1145 ianuas
1488 1113 1617 1155 puella-

271 1187 344 1210 rum
377 1178 496 1210 ssentes
528 1176 722 1209 riderentur
749 1186 768 1208 a
797 1175 1111 1218 praetereuntibus,
1146 1186 1249 1218 quare
1280 1187 1355 1209 cum
1390 1175 1453 1210 lioc
1484 1187 1617 1210 carmen

271 1242 601 1286 παρακλαυσίθυρον
626 1243 688 1283 sit,
728 1240 806 1274 inde
838 1241 936 1273 duxit
973 1241 1084 1273 exitus
1119 1241 1261 1276 sormam
1296 1242 1480 1286 aptissime.
1539 1243 1619 1284 „Tu

274 1309 330 1350 qui
359 1308 451 1341 rides
483 1309 572 1340 mala
602 1312 737 1349 nostra,
763 1312 903 1349 caveto,
937 1308 1005 1349 ait3
1041 1319 1107 1341 non
1140 1309 1197 1341 uni
1228 1309 1356 1342 saeviet
1387 1319 1495 1352 usque
1524 1309 1618 1342 deus.

271 1375 382 1407 Remo
407 1378 522 1417 potest
551 1374 704 1415 effugere
736 1374 802 1406 vim
830 1374 975 1414 amoris-3
1001 1375 1057 1415 qui
1086 1375 1224 1407 iuvenes
1250 1385 1326 1408 eam
1354 1378 1616 1417 contemserunt,

272 1451 375 1484 saepe
398 1440 431 1473 in
456 1444 632 1473 senectute
659 1439 791 1472 ridiculi
819 1439 898 1472 facti
926 1443 1013 1472 sunt.
1063 1440 1142 1482 Ego
1171 1450 1246 1472 cum
1272 1450 1338 1472 non
1368 1440 1617 1473 obfirmaverim

272 1505 418 1538 animum
449 1504 612 1537 adversus
641 1504 785 1537 Venetis
810 1504 1004 1544 servitium,
1032 1503 1111 1536 dato
1143 1504 1207 1537 dea
1236 1515 1431 1537 successum
1462 1509 1617 1538 votorum

271 1570 453 1604 merenti-‘⁶
500 1569 606 1602 Vides
637 1574 773 1613 poetam
808 1580 985 1603 aerumnas
1018 1581 1098 1603 suas
1131 1570 1401 1603 consideratione
1429 1573 1617 1604 communis

271 1639 331 1671 sati
356 1637 492 1670 humani
518 1637 706 1677 consolari,
731 1642 887 1670 eventum
917 1647 997 1670 vero
1020 1640 1175 1669 votorum
1197 1637 1433 1671 commendare
1457 1639 1619 1680 aequitati

271 1706 414 1738 divinae.
463 1704 510 1736 Et
533 1714 622 1736 nunc
645 1703 780 1736 demum
807 1703 902 1736 adest
923 1704 997 1736 finis
1015 1704 1170 1747 poeticus
1195 1708 1229 1737 et
1256 1705 1428 1747 legitimus
1450 1706 1618 1740 carminis.

273 1775 388 1808 Quare
416 1771 497 1815 quid
528 1775 605 1815 post
634 1770 717 1803 haec
743 1770 786 1803 de
815 1771 946 1803 Vossm
974 1770 1086 1812 dices,
1110 1770 1168 1812 qui
1193 1781 1270 1804 cum
1294 1771 1367 1816 ipse
1393 1776 1495 1816 poeta
1518 1778 1619 1815 esset,

273 1838 384 1871 denuo
415 1838 538 1870 misere
570 1836 708 1868 divulsit
742 1835 904 1878 optimam
937 1835 1237 1878 compositionem,
1279 1838 1376 1878 quasi
1408 1842 1501 1872 recte
1532 1840 1619 1872 finiri

272 1905 380 1948 possit
400 1905 467 1936 tale
491 1912 625 1935 carmen
651 1911 757 1934 verss.
785 1905 840 1934 65.
858 1904 927 1943 66„
953 1905 988 1934 et
1012 1912 1100 1945 quae
1124 1906 1312 1945 sequuntur
1335 1903 1476 1945 reliqua,
1501 1913 1618 1938 revera

272 1971 443 2012 integrum
469 1969 535 2002 sint
559 1966 779 2012 poematium.

764 2217 1119 2262 EXPLICATIO.

367 2364 408 2396 V.
434 2366 528 2397 1-14.
578 2364 838 2402 Exordium.
891 2369 1119 2403 Exclusus
1155 2371 1290 2413 poeta
1327 2365 1514 2412 p·raeter
1548 2377 1618 2401 ex-

273 2432 604 2474 spectationem
632 2435 845 2468 custodia
870 2446 890 2468 a
914 2436 1080 2469 marito
1103 2436 1255 2479 posita
1279 2434 1456 2469 Deliae,
1493 2443 1617 2475 quam

274 2494 407 2532 hodie
434 2498 610 2540 copiam
638 2501 707 2532 sui
739 2501 963 2535 facturam
993 2505 1283 2545 speraverat,
1315 2499 1486 2532 frustra
1515 2499 1618 2532 vino

274 2563 518 2606 consopire
542 2564 696 2598 studet
722 2567 957 2608 ingentem
984 2567 1184 2600 dolorem
1210 2569 1251 2598 et
1278 2565 1439 2598 iterum
1471 2564 1619 2607 preci—

276 2629 355 2661 bus
385 2629 654 2672 aggreditur
682 2631 864 2665 ianuam.

1711 1142 1721 1286 Q*-
