1721 2953
218 157 367 186 cnxxtv
757 148 832 187 DE
866 146 1024 191 POESI

218 261 574 316 amplificationes,
614 263 733 302 etiam
765 263 1003 304 huiusmodi
1036 264 1137 318 quid
1175 279 1347 319 perraro
1380 265 1566 308 invenies

219 338 329 392 apud
358 338 586 378 Tibullum.
644 338 762 378 Talia
791 348 886 380 sunt
916 341 959 386 I,
987 344 1037 391 2,
1068 346 1116 381 8:

332 414 392 453 Te
422 413 532 453 Iovis
560 413 736 466 imperio
768 415 941 455 fulmina
973 416 1096 455 missa
1125 425 1284 469 petant,

219 490 262 528 h.
287 503 322 528 e.
354 489 482 528 caelo.

218 563 325 605 Ibid.
363 577 402 604 v.
426 567 501 604 13:

332 640 393 679 Te
422 637 655 678 meminisse
686 635 821 688 decet,
860 652 968 692 quae
996 639 1175 693 plurima
1207 654 1305 682 voce
1333 643 1473 695 peregi

394 712 607 766 Supplice,
644 713 686 753 h.
710 726 744 754 e.
778 727 934 766 preces.

221 789 273 829 Et
302 789 364 839 II,
396 793 443 838 3,
472 790 550 828 48:

332 864 384 903 At
415 863 492 902 tibi
522 863 629 902 laeta
662 863 825 903 trahant
856 862 1017 903 Samiae
1051 863 1241 904 convivia
1273 870 1421 915 testae,

393 939 589 992 Fictaque
618 938 805 979 Cumana
833 940 993 980 lubrica
1021 948 1130 979 terra
1158 947 1272 991 rota,

222 1016 265 1055 h.
289 1029 324 1055 e.
355 1023 395 1054 et
425 1014 612 1054 Cumana
645 1014 797 1066 figlina.

224 1093 357 1131 Porro
388 1091 448 1139 ΙΙ,
481 1094 527 1139 5,
562 1091 638 1129 14;

336 1186 732 1195 —————
772 1177 850 1216 per
879 1171 918 1203 te
948 1163 1172 1215 praesentit
1201 1175 1400 1215 aruspex,

391 1240 573 1279 Lubrica
606 1238 781 1290 signavit
813 1253 906 1279 cum
937 1237 1037 1280 deus
1072 1247 1166 1279 exta
1194 1237 1325 1289 notis,

224 1316 266 1355 h.
290 1329 326 1354 e.
356 1329 410 1354 ex
442 1315 550 1355 notis
579 1322 787 1354 extorum.

224 1390 277 1430 Et
309 1388 409 1429 ibid.
439 1404 478 1430 v.
499 1393 574 1430 59:

338 1463 513 1518 Quaque
543 1473 684 1518 patent
713 1473 848 1513 ortus,
887 1470 927 1502 et
957 1476 1038 1516 qua
1072 1460 1327 1501 fluitantibus
1358 1459 1478 1500 undis

398 1539 505 1579 Solis
536 1541 774 1579 anhelantes
805 1539 934 1579 abluit
964 1538 1094 1576 amnis
1127 1550 1278 1591 equos,

226 1617 269 1655 h.
289 1629 323 1655 e.
347 1630 510 1669 quaque
535 1624 647 1668 patet
670 1629 848 1655 occasus.
904 1613 1012 1654 Nam
1034 1613 1078 1652 in
1102 1613 1164 1652 his
1188 1611 1355 1666 quidem
1381 1609 1578 1662 exemplis

228 1699 416 1743 apertum
441 1699 519 1741 est,
549 1690 670 1730 metri
694 1699 733 1730 et
757 1697 928 1730 ornatus
957 1688 1108 1741 poetici
1135 1701 1257 1727 causa
1279 1687 1334 1726 sic
1357 1695 1401 1726 ut
1426 1687 1580 1724 factum

228 1766 519 1818 amplificatum
555 1764 779 1805 secundum
819 1765 1071 1814 membrum,
1114 1749 1248 1814 vulgo>
1274 1770 1410 1800 autem
1443 1774 1490 1799 ea
1521 1768 1580 1799 est

227 1841 489 1880 Tibullianae
541 1839 731 1880 dictionis
779 1840 908 1890 ratio,
970 1848 1015 1879 ut
1060 1837 1174 1892 quod
1222 1837 1400 1885 dictum,
1458 1837 1580 1876 etiam

228 1924 402 1968 propter
443 1917 685 1954 sententiam
729 1915 918 1954 debuisse
959 1913 1038 1953 dici
1077 1914 1242 1952 sentias.
1316 1915 1374 1952 Ac
1414 1912 1463 1951 de
1503 1914 1581 1952 cir-

230 1991 535 2032 cumlocutione
572 1990 680 2030 satis,
710 2011 767 2018 —
835 1990 1023 2028 Alterum
1065 1988 1308 2040 palmarium
1354 1988 1581 2037 artificium,

231 2066 282 2106 de
314 2079 398 2119 quo
428 2080 546 2117 agere
573 2063 787 2114 debemus,
812 2066 1010 2103 cumulatio
1041 2065 1261 2104 verborum
1289 2063 1429 2102 similis
1458 2063 1582 2114 signi-

230 2142 430 2182 ficationis
472 2150 555 2191 est,
611 2155 694 2194 qua
732 2149 770 2179 et
813 2141 874 2179 vis
921 2154 1065 2191 magna
1108 2148 1278 2191 paratur
1320 2139 1499 2178 orationi
1543 2147 1581 2178 et

233 2226 416 2257 ornatus.
495 2218 553 2256 Ac
596 2217 947 2256 substantivorum
990 2215 1164 2255 duorum
1212 2217 1254 2253 in
1301 2214 1446 2255 eodem
1486 2229 1580 2255 casu

235 2293 470 2333 coniunctio
507 2306 590 2332 non
629 2300 687 2332 est
721 2292 788 2330 hic
823 2290 1045 2330 admodum
1082 2293 1296 2344 frequens,
1338 2291 1466 2332 veluti
1501 2291 1582 2332 sic:

234 2372 344 2410 Rura
375 2383 518 2417 meam,
560 2368 749 2416 Cet-inille,
793 2375 910 2406 tenent
942 2369 1116 2420 villaeque
1147 2368 1322 2419 puellam.
1392 2364 1582 2414 Quorum

236 2443 439 2498 quaedam
470 2443 587 2496 quasi
617 2457 669 2481 ex
700 2443 879 2482 formula
909 2442 1121 2491 dicuntur,
1164 2450 1210 2480 ut
1237 2456 1385 2494 remque
1414 2443 1583 2479 domum-

237 2535 306 2573 que
338 2520 377 2569 Ι,
411 2523 452 2568 9,
485 2523 573 2563 72.,
608 2532 676 2570 pet·
705 2518 858 2556 caedem
888 2525 921 2556 el
940 2516 1092 2568 sasinus
1123 2518 1181 2566 ΙΙ,
1211 2517 1256 2565 4,
1283 2519 1369 2563 21.,
1409 2517 1504 2569 lapis
1532 2525 1583 2555 est

233 2596 449 2648 ferrumque
478 2595 517 2644 Ι,
553 2597 628 2642 10,
660 2597 747 2642 59.,
779 2593 913 2644 fi·113‘es
946 2594 1144 2632 lustramus
1172 2600 1205 2630 el
1234 2606 1347 2642 agros
1377 2592 1435 2641 ΙΙ,
1475 2596 1512 2641 1,
1552 2596 1582 2631 1.
