1721 2953
299 149 381 187 430
610 145 983 190 COMMENTAR.
1012 151 1072 192 IN
1102 153 1331 194 TIBULLI

300 261 343 294 de
379 260 492 294 Marte
522 260 650 293 domito
684 259 833 295 citharae
859 268 959 297 cantu
991 276 1115 301 sermo.
1140 286 1187 292 —-
1224 279 1342 303 arma
1377 271 1538 306 cadant
1572 275 1645 308 sive

299 327 477 368 excidant,
508 326 598 369 quod
626 326 697 360 fere
723 327 956 372 frequentius3
990 331 1146 365 accidere
1173 334 1259 367 enim
1286 336 1392 377 solet,
1425 338 1516 379 quod
1542 349 1642 373 nemo

301 395 426 434 nescit,
460 394 624 437 perculsis
649 394 762 436 aliquo
796 395 978 440 adspectu,
1010 403 1046 431 ut
1072 399 1237 441 quidquid
1264 412 1362 434 manu
1391 403 1478 436 sorte
1503 408 1642 437 teneant

301 464 358 492 aut
383 460 479 501 sinu,
519 459 637 492 effluat
670 464 704 493 et
736 461 880 495 decidat.
931 464 1039 497 Multa
1067 466 1225 509 exempla
1259 467 1418 501 mems
1453 470 1568 512 affert,
1606 474 1643 503 ut

301 526 490 560 PROPERT.
517 525 577 567 IV,
604 528 640 567 4,
662 528 720 558 21.
748 526 790 559 de
815 527 980 571 Tarpeia:
1021 528 1215 574 Obstupuit
1241 531 1332 576 regis
1350 532 1452 577 facie
1476 540 1511 565 et
1539 547 1646 580 rega-

296 589 389 624 libus
409 591 527 628 armis,
553 594 722 637 Interque
744 591 872 626 oblitas
892 594 1023 626 excidit
1049 607 1142 628 urna
1165 608 1300 635 manus,
1327 603 1362 632 et
1378 599 1482 634 Ovln.
1500 601 1642 636 Heroid-

296 660 392 702 XVI,
416 663 498 695 251.
525 660 611 693 Met.
637 661 732 703 XIV,
758 663 839 696 349.

391 729 572 761 V.5-20.
612 728 808 762 Medium
840 740 1029 764 carmen.
1078 730 1313 766 Laudatur
1346 732 1640 778 pulchritudo

296 795 548 838 Sulpiciae.

391 863 432 895 V.
456 865 478 895 5
503 873 576 905 sqq.
603 872 792 897 exurere
818 864 970 898 defendit
999 864 1312 899 WUNDERLICHIUS
1338 871 1456 901 contra
1483 868 1640 902 Vossmm

295 941 338 963 ex
355 930 522 964 PETRON.
544 940 574 964 c.
596 932 684 963 121:
711 942 821 976 neque
845 932 934 963 enim
962 932 1071 964 minor
1095 932 1150 964 ira
1171 931 1316 965 rebellat
1336 936 1481 967 Pectore
1506 935 1541 967 in
1568 935 1643 971 hoc,

293 995 445 1027 leviorve
489 994 609 1027 exurit
642 995 794 1039 stamma
838 996 1032 1033 medullas,
1087 997 1297 1031 Huscuxms
1341 1003 1453 1032 autem
1493 1001 1640 1033 afferens

294 1064 432 1097 PLAUT.
460 1062 622 1096 Bacchid.
648 1063 707 1104 IV,
733 1066 772 1103 9,
798 1065 862 1095 15:
900 1063 1112 1094 Bacchidem
1146 1064 1272 1095 hahuit
1299 1076 1416 1096 secum
1428 1079 1438 1097 .·
1472 1066 1530 1097 ille
1558 1067 1638 1099 olim

292 1127 419 1160 habuit
444 1128 576 1172 ignem,
607 1127 669 1172 qui
691 1127 829 1172 signum
856 1125 977 1166 clarel,
1006 1129 1106 1158 Haec
1129 1127 1242 1171 ipsum
1267 1130 1405 1172 exurit,
1439 1136 1474 1164 et
1499 1134 1639 1166 8οΡΗο-

293 1205 369 1227 ems
406 1195 518 1227 locum
553 1205 607 1236 ap.
644 1193 765 1226 Athen.
798 1193 903 1235 XIII,
939 1207 970 1238 p.
991 1197 1078 1235 564,
1105 1195 1144 1228 Α.
1185 1194 1358 1238 (Brunck.
1397 1209 1428 1240 p.
1454 1199 1555 1241 641.)
1595 1199 1638 1231 de

289 1260 422 1303 Pelope
449 1259 491 1292 ab
518 1258 747 1302 Hippodamia
776 1258 930 1291 laudato:
974 1255 1110 1291 Toadvffi
1135 1261 1167 1291 ἓν
1194 1257 1267 1299 ὄψει
1292 1262 1393 1304 ἴϋγγα
1420 1266 1639 1308 θηρατηρίαν

281 1319 456 1369 ’Έρωτος,
493 1320 672 1368 α’στραπήν
710 1320 774 1355 τιν’
807 1320 988 1362 ὄμμάτων,
1024 1323 1108 1365 ἔχει·
1157 1322 1385 1359 Ένθῑῖλῖιεῖαι
1427 1329 1487 1366 μὲν
1525 1325 1639 1367 «Arde,

291 1391 413 1432 ἐξοπτᾷ
448 1391 485 1422 δέ
519 1404 570 1428 με.
627 1390 721 1422 Idem
751 1390 802 1422 vir
834 1392 934 1423 etiam
963 1391 1046 1422 alias
1079 1391 1206 1424 similes
1238 1394 1426 1425 locutiones
1452 1399 1636 1436 comparat.

290 1455 389 1488 Adde
422 1456 585 1487 Prummu
621 1455 772 1486 Scolium
808 1454 840 1486 iu
875 1454 1100 1487 Philoxenum
1139 1461 1174 1488 et
1207 1468 1294 1498 quae
1328 1458 1373 1490 ibi
1406 1461 1638 1493 annotavimus

291 1533 368 1565 pag.
388 1524 471 1556 643.
503 1524 537 1554 et
561 1520 637 1552 vide
665 1521 782 1553 oculos
808 1532 882 1553 cum
915 1521 1045 1554 facibus
1072 1526 1105 1554 et
1132 1523 1274 1555 flaminis
1300 1530 1514 1568 comparatos
1540 1527 1637 1558 Pno-

292 1599 400 1622 Pssn'r.
426 1588 496 1628 III,
522 1590 564 1627 3,
593 1588 644 1619 14.
677 1587 758 1628 ibiq.
788 1588 947 1621 Rumon.
1006 1587 1105 1620 Nune
1140 1593 1280 1621 venusta
1312 1591 1503 1623 inventione
1535 1594 1639 1624 Amor

291 1664 369 1687 suas
407 1653 499 1685 faces
535 1652 613 1683 iude
649 1651 814 1684 accendit.
841 1669 888 1674 —
949 1651 1064 1683 Acer
1100 1652 1251 1693 Amor,
1296 1655 1383 1686 acris
1416 1656 1571 1688 flammae
1604 1657 1635 1688 iu

290 1722 430 1762 pectore
463 1721 601 1758 auctor,
636 1717 678 1751 cf.
704 1717 758 1758 II,
784 1721 824 1758 6,
852 1720 903 1750 15.
932 1735 978 1741 -
1027 1718 1114 1751 Mox
1145 1719 1232 1752 male
1258 1720 1398 1753 offendit
1430 1732 1506 1754 cum
1534 1723 1637 1755 Hun-

290 1794 416 1817 MANNO
442 1783 613 1816 HANDms
644 1782 686 1815 ad
714 1783 864 1815 Gronov.
890 1782 1032 1816 Diatrib.
1060 1795 1091 1827 p.
1114 1786 1189 1817 196.
1216 1784 1257 1817 ad
1283 1786 1501 1819 variationem
1527 1787 1637 1830 poeti-

289 1861 362 1883 cam
398 1850 561 1893 temporis
598 1850 694 1891 agit
720 1868 763 1874 -
793 1850 951 1891 movit,
989 1849 1078 1883 unde
1111 1851 1429 1885 WUNnssRmcnms
1463 1857 1637 1896 comparat

287 1917 398 1951 Vino.
427 1917 508 1949 Aen.
536 1916 587 1957 II,
616 1919 671 1948 12.
705 1920 740 1948 et
770 1915 979 1949 Hosenxms
1007 1917 1129 1950 Catull.
1157 1917 1282 1959 LXIV,
1311 1921 1387 1951 148.
1437 1919 1531 1951 Rara
1559 1920 1636 1961 qui—

287 1981 365 2014 dem
397 1993 451 2015 res
483 1981 573 2025 apud
600 1982 772 2014 Tibullum
807 1982 839 2014 iu
870 1981 989 2014 eodem
1019 1981 1180 2023 disticho,
1216 1982 1276 2015 sed
1307 1983 1396 2025 quod
1426 1984 1636 2017 substituunt

286 2046 439 2092 vestigia
474 2052 612 2087 mutat,
651 2047 725 2088 quis
751 2056 815 2078 nou
847 2046 939 2078 videt
969 2056 1161 2090 repugnare
1189 2048 1396 2091 simplicitati
1420 2048 1633 2081 Tibulliauae

286 2113 473 2146 dictionis?
522 2113 682 2145 Ceterum
716 2111 867 2157 vestigia
896 2124 1028 2144 movere
1063 2115 1252 2156 elegantius
1286 2115 1412 2148 dictum
1448 2126 1496 2158 pr.
1524 2116 1629 2158 pedes

287 2191 444 2221 movere,
483 2183 521 2212 ut
554 2180 659 2213 vides.
726 2180 836 2212 Porro
870 2179 1008 2212 decor
1044 2181 1180 2223 proprie
1214 2179 1337 2213 dicitur
1369 2180 1412 2214 de
1447 2185 1560 2223 motu,
1599 2186 1633 2215 et

286 2256 405 2279 seusus
439 2245 504 2278 loci
538 2242 631 2277 ests
648 2255 790 2287 regnare
821 2255 881 2288 per
908 2255 1023 2278 omues
1050 2247 1181 2289 puellae
1206 2250 1336 2288 motus,
1369 2248 1439 2280 sive
1465 2253 1546 2290 agat
1569 2249 1633 2281 ali-

287 2313 365 2356 quid
400 2313 470 2345 sive
503 2312 652 2353 incedat,
689 2313 858 2346 decorem.
909 2314 1148 2357 Compouit
1181 2314 1383 2356 exquisitum
1417 2313 1555 2346 verbum
1581 2324 1630 2357 pr.

286 2382 401 2419 ornat,
428 2378 588 2411 decenter
610 2379 772 2422 disponit,
799 2380 960 2421 iustituit3
986 2380 1134 2413 laudavit
1160 2381 1224 2413 iam
1251 2380 1421 2413 Hmmus
1447 2380 1629 2413 Burmann.

284 2444 327 2477 ad
361 2444 500 2479 Petron.
537 2456 564 2477 c.
588 2448 643 2477 67.
677 2450 711 2479 et
745 2447 787 2479 ad
820 2447 919 2481 Ovid.
954 2448 1025 2480 Art.
1054 2448 1126 2481 Am.
1152 2447 1180 2488 I,
1207 2450 1286 2480 160.
1341 2446 1394 2479 Ad
1428 2447 1627 2479 sententiam

285 2508 402 2542 confer
435 2509 548 2542 Pion.
584 2512 736 2544 Suaewr.
772 2511 946 2555 Epigrani.
972 2511 1136 2547 XXXIV.
1179 2511 1314 2545 Antliol.
1349 2512 1411 2545 Gr.
1449 2511 1628 2545 Ton1.IV.

552 2572 559 2583 ἲ
760 2584 762 2587 .
868 2581 877 2585 ν
1099 2575 1106 2586 x
1164 2575 1172 2585 )
1288 2578 1295 2585 ι
1329 2574 1336 2584 l
1567 2578 1574 2585 ο

285 2586 318 2618 p.
334 2576 401 2607 52:
428 2576 578 2619 Mquqv
606 2579 818 2622 ⁷g›1219⁴('-‘)t'7jv
842 2580 1004 2623 λαρίιων
1028 2591 1125 2623 ‘ryme
1150 2587 1376 2617 (ιμφιποΛεινει.
1393 2595 1439 2601 --
1466 2577 1628 2611 furtim.

288 2640 409 2684 Neque
445 2642 532 2676 enim
571 2648 644 2678 arte
683 2647 856 2688 quaesitus
894 2646 1025 2680 videtur
1062 2645 1184 2687 decor,
1231 2644 1292 2678 sed
1329 2647 1447 2685 natus,
1488 2647 1525 2676 ut
1562 2652 1626 2676 nou
