1721 2953
632 88 859 132 TIBULLI
866 121 875 130 .
1331 108 1348 132 c
1358 108 1415 133 xx
1421 110 1442 133 v

211 209 254 251 Si
278 223 359 263 qua
383 215 493 247 metu
521 203 688 259 dempto
712 213 820 245 casta
847 213 901 244 est
917 235 925 244 .
961 220 1004 244 ca
1034 205 1212 260 denique
1235 214 1343 248 casta
1366 216 1446 249 est:

267 283 405 334 Quae,
447 283 544 338 quia
573 298 658 324 non
686 283 804 332 licet,
845 297 928 321 nou
960 284 1078 335 facit,
1117 285 1188 324 illa
1216 285 1325 324 facit.

719 362 811 369 ...-

212 397 422 451 Quidquid
457 405 666 446 servatur,
706 396 893 448 cupimus
924 398 1071 448 magis,
1110 398 1281 452 ipsaque
1313 400 1446 438 furem

264 473 376 513 Cura
406 483 537 514 vocat.
596 473 723 513 Pauci
753 472 863 527 quod
895 473 991 513 sinit
1027 476 1149 525 alter,
1189 483 1339 515 amant.

211 587 387 638 Arguet,
428 587 611 638 arguit03
653 586 855 640 quidquid
887 591 1034 640 probat
1064 589 1154 638 illa,
1193 591 1393 641 proba103

267 662 390 713 Quod
424 663 550 714 dicet,
589 662 721 716 clica53
763 664 874 719 quod
905 674 1025 717 negat
1055 666 1145 716 illa,
1182 681 1318 718 neges.

98 759 215 798 Talia
241 773 327 799 non
357 768 464 798 amat
493 759 703 810 Tibullus,
743 761 815 813 qui
845 769 890 800 ut
919 761 1164 814 plerumque
1197 762 1319 801 eiiam
1347 764 1451 802 Pro-

44 867 54 874 .
98 835 275 887 pertius,
315 835 492 873 maiores
536 835 690 874 formas
729 837 1012 876 membrorum
1053 836 1169 888 fingit
1209 846 1249 877 et
1290 839 1452 889 gravius

60 961 61 964 Ἰ
100 911 309 964 componit
335 911 505 951 disticha
533 926 619 961 sua,
649 926 786 967 neque
817 914 1078 965 omnigenam
1105 915 1345 955 varietatem
1379 917 1453 955 ha-

98 990 169 1028 bet
197 998 402 1029 structura
431 990 762 1029 enuntiationum
794 990 904 1043 apud
932 992 1056 1041 hunc,
1086 991 1156 1031 sed
1186 993 1295 1032 intra
1322 995 1453 1034 iustos

100 1065 202 1105 fines
233 1080 275 1105 se
312 1066 507 1105 continet.
581 1065 692 1115 Quid
733 1075 869 1107 autem
910 1077 970 1107 est
1010 1069 1097 1108 eius
1139 1070 1317 1109 maxime
1356 1085 1456 1123 pro-

101 1140 271 1195 prium?
306 1146 444 1191 Amat,
475 1143 548 1181 ubi
576 1157 661 1182 non
691 1158 775 1183 una
809 1145 1005 1185 continua
1034 1144 1253 1196 periodus,
1282 1150 1457 1199 imprimis

102 1220 306 1272 dispescere
332 1222 545 1257 sententiam
571 1219 716 1258 distichi
735 1223 771 1258 in
793 1221 868 1258 duo
897 1220 1064 1258 membra
1083 1235 1152 1272 per
1180 1218 1457 1275 δἰχοτομιάν,

103 1303 170 1333 aut
197 1299 307 1333 etiam
345 1298 380 1332 in
408 1297 504 1342 tria,
548 1301 581 1332 el
618 1308 757 1332 versum
801 1298 921 1333 oet-sui
952 1302 1019 1333 aut
1053 1295 1256 1333 membrum
1295 1297 1456 1334 membro

103 1384 283 1423 opponens
313 1369 522 1407 divisionum
545 1376 577 1407 et
598 1372 858 1422 oppositionum
889 1384 1041 1408 nervosa
1065 1373 1304 1409 concinnitate
1333 1386 1458 1411 conse-

104 1449 228 1499 quitur
244 1445 416 1497 sormam
441 1450 628 1498 orationis
645 1449 866 1497 masculam,
897 1452 1016 1498 vigore
1038 1452 1228 1499 insignem,
1257 1451 1328 1488 sibi
1346 1452 1459 1502 plane

99 1525 304 1575 propriam,
336 1537 450 1575 qnam
470 1523 573 1575 apud
593 1523 706 1560 alium
727 1524 864 1562 nullum
891 1533 1041 1577 poetam
1067 1525 1267 1574 elegiacum
1285 1529 1456 1565 invenias.

103 1598 168 1636 De
195 1612 276 1650 quo
308 1612 418 1637 nunc
440 1597 671 1649 explicabo.
729 1598 913 1637 Priinum
934 1600 1058 1650 igitur
1082 1600 1137 1639 sic
1161 1601 1201 1639 in
1228 1598 1309 1640 duo
1330 1615 1458 1639 mem-

106 1676 180 1714 bra
210 1675 417 1715 discedere
448 1677 552 1715 solet
582 1674 785 1714 distichon
815 1691 891 1728 per
927 1675 1190 1733 διχοτομιάν
1221 1677 1417 1718 divisum:

218 1771 310 1821 Ipse
341 1783 472 1808 seram
502 1777 664 1807 teneras
695 1777 857 1808 maturo
888 1777 1074 1821 tempore
1104 1771 1217 1810 vites·

276 1845 488 1892 Rusticus,
527 1853 567 1883 et
597 1846 705 1884 sacili
733 1845 901 1896 grandia
930 1860 1053 1897 poma
1083 1861 1223 1886 manu.

106 1933 206 1972 Aut:
240 1931 338 1972 Non
371 1933 472 1972 mihi
504 1933 621 1985 pigra
649 1942 800 1973 nocent
829 1935 1027 1974 hibernae
1059 1935 1212 1986 frigora
1241 1938 1388 1979 noctis,

274 2008 373 2049 Non
403 2008 526 2059 mihi,
569 2024 662 2050 cum
690 2013 819 2051 multa
849 2011 997 2051 decidit
1026 2012 1160 2051 imber
1191 2027 1310 2066 aqua.

105 2104 176 2144 Est
203 2105 304 2144 haec
334 2105 632 2156 simplicissima
674 2107 808 2146 forma
854 2109 1010 2161 ubique
1050 2107 1170 2148 obvia
1197 2109 1240 2147 in
1271 2110 1333 2149 his
1376 2124 1462 2149 car-

106 2182 299 2220 minibus.
359 2180 440 2220 Sed
477 2191 609 2234 potest
646 2185 765 2224 etiam
805 2186 1049 2225 alterutrum
1086 2187 1316 2226 membrum
1356 2203 1463 2228 nova

107 2255 308 2296 divisione
339 2255 485 2306 dividi,
528 2267 592 2298 ut:

221 2344 332 2383 Haec
363 2352 483 2383 cantu
514 2343 714 2398 finditque
747 2346 879 2384 solum
910 2345 1139 2398 Manesque
1171 2350 1368 2400 sepulcris

273 2422 412 2471 Elicit,
454 2431 493 2461 et
527 2422 664 2475 tepido
699 2420 871 2463 devocat
901 2435 993 2462 ossa
1018 2437 1141 2474 rogo,

110 2506 182 2544 ubi
217 2505 321 2547 duae
357 2516 454 2547 sunt
491 2509 711 2561 primariae
752 2517 889 2561 partes
930 2511 1178 2561 sententiae,
1221 2513 1337 2564 prior
1365 2526 1464 2552 vero

110 2582 154 2620 in
196 2581 277 2623 duo
323 2586 483 2625 minora
523 2595 730 2626 momenta
775 2585 1019 2639 dispescitur
1062 2601 1137 2640 per
1184 2586 1466 2645 &tlozosscx'm5
