1721 2953
475 175 618 216 LIBR.
650 176 680 213 Ι.
741 174 900 214 ELEG.
933 176 982 214 ll.
1364 180 1414 212 37

66 290 147 322 ricla
172 300 302 322 mecum
334 287 399 321 sub
432 287 494 319 lite
523 286 672 332 peregit.
700 302 743 312 -
780 286 918 329 Pergit:
959 296 1048 320 cum
1088 288 1208 330 posti
1241 286 1414 319 florida

66 359 192 388 serta
224 355 382 388 darem.
441 354 584 386 Constat
617 356 787 385 amatores
819 352 1097 386 comissabundos
1132 352 1277 386 corollas
1309 352 1412 395 capiti

67 421 236 455 detractas
261 421 470 465 suspendere
505 420 624 453 solitos
657 424 736 452 ante
767 419 858 452 fores
885 421 1073 463 puellarum
1098 425 1157 454 aut
1182 421 1284 454 etiam
1310 421 1343 452 in
1367 420 1409 452 li-

65 489 154 522 mine
178 498 351 532 spargere.
402 486 453 520 Cf.
488 488 676 520 Pnovssn'r.
711 486 737 526 Ι,
765 489 820 527 16,
851 489 883 518 7.
935 487 1040 519 Ovm.
1075 489 1206 520 Amorr.
1242 485 1268 527 Ι,
1293 488 1325 526 6,
1351 488 1406 520 67.

65 558 138 589 Art.
172 557 246 588 Am.
280 554 343 595 III,
380 557 433 587 72.
482 553 627 586 Remed.
664 555 738 586 Am.
771 555 828 586 32.
879 552 1042 585 Lucum«.
1074 553 1133 594 IV,
1167 556 1269 586 1170.
1319 552 1409 586 Hinc

65 622 222 659 στέφανοι
252 619 361 651 ἱκέται
393 618 528 652 Anthol.
557 620 619 653 Gr.
646 619 744 652 Tom.
771 619 797 651 I.
848 618 1045 651 MELEAGR.
1074 622 1130 652 64.
1160 636 1198 644 ——
1242 618 1409 652 florida

64 685 92 719 si
117 695 197 719 vera
225 685 347 725 lectio,
376 684 655 727 significabuntur
680 684 835 717 florentia
860 685 958 717 variis
987 685 1136 718 floribus.
1188 686 1294 718 Ovu).
1324 684 1407 719 Met.

64 751 109 792 ΙΙ,
133 753 201 783 27:
236 749 389 782 cinctum
415 751 568 794 florente
595 762 730 783 corona.
780 750 850 784 Sed
887 761 953 783 nou
991 752 1126 794 scripsit
1161 752 1206 783 ila
1241 751 1408 785 Tibullus.

63 817 178 859 Vulgo
204 817 316 861 potius
332 817 450 861 florea
478 816 612 856 dicunt,
650 815 682 849 h.
708 826 738 849 e.
774 816 912 848 fioribus
938 826 1044 857 nexa,
1082 816 1146 849 vid.
1174 816 1407 848 Bnoucxrws.

62 882 104 915 ad
131 883 158 924 Ι,
187 885 218 923 1,
244 885 298 915 16.
355 881 409 916 Ac
433 887 512 915 nota
538 885 590 915 est
614 881 769 914 codicum
796 881 1022 925 discrepantia
1045 882 1078 914 iu
1103 880 1151 913 his
1178 881 1311 922 formis,
1343 882 1407 914 etsi

62 949 127 982 hoc
151 949 228 982 loco
254 949 329 981 libri
356 959 472 981 omnes
488 947 625 992 florida
651 946 785 980 habent.
808 965 854 970 —
889 947 1051 979 darem.
1101 946 1213 979 Notus
1240 950 1291 978 est
1315 956 1406 987 usus,

61 1016 119 1048 ubi
154 1015 388 1048 coniunctivus
431 1013 473 1047 de
512 1015 658 1057 repetita
702 1015 836 1046 actione
875 1017 1078 1056 usurpatur,
1123 1011 1407 1055 quemadmodum

62 1083 198 1115 Graece
230 1082 412 1125 optativus.
464 1080 565 1114 Hunc
596 1082 913 1115 Wunnssumcmns
939 1079 993 1114 hic
1018 1079 1175 1121 adhibet,
1213 1079 1331 1112 darem
1356 1090 1406 1122 pr.

62 1146 198 1192 quoties
225 1146 344 1179 darem
368 1146 542 1190 explicans
565 1150 730 1188 sequente
756 1147 906 1188 BAcnro,
931 1146 991 1179 sed
1016 1157 1082 1179 non
1103 1147 1280 1179 assentior.
1330 1145 1409 1178 Nou

61 1217 191 1246 temere
222 1212 412 1246 adhibenda
437 1212 519 1246 haec
554 1214 640 1246 ratio
665 1218 737 1255 est,
773 1225 813 1247 ac
842 1214 977 1246 suavior
1002 1217 1035 1246 et
1060 1214 1171 1257 aptior
1197 1223 1284 1246 nunc
1309 1213 1407 1246 unius

63 1278 148 1311 certi
173 1279 336 1322 temporis
360 1278 506 1321 factique
532 1279 735 1312 recordatio.
787 1280 940 1322 Opponit
964 1280 1020 1312 ille
1044 1279 1086 1312 de
1117 1289 1184 1312 uno
1210 1279 1301 1312 sacto
1327 1277 1406 1310 dedi

61 1343 238 1377 dicendum
265 1344 389 1385 fuisse,
425 1348 544 1385 acute,
581 1344 640 1377 sed
675 1354 742 1376 uon
768 1354 859 1378 vere.
917 1345 969 1377 De
998 1355 1065 1377 uno
1090 1344 1181 1377 sacto
1209 1348 1301 1377 recte
1326 1355 1404 1375 cam

61 1409 140 1440 dedi
163 1415 198 1443 et
223 1422 302 1442 cum
327 1410 445 1441 darem
468 1411 613 1452 dicitur,
639 1410 701 1445 hoc
726 1416 838 1444 tamen
867 1412 1078 1453 discrimine,
1104 1411 1195 1454 quod
1218 1411 1406 1454 perfectum

59 1487 86 1510 s.
120 1477 267 1510 aoristus
300 1477 501 1520 simpliciter
536 1481 651 1510 narrat
686 1488 755 1511 rem
792 1481 830 1510 ut
865 1476 1009 1515 factam,
1047 1478 1246 1520 simpliciter
1280 1476 1406 1510 indicat

57 1547 189 1585 gestam
215 1554 302 1585 eam,
335 1544 571 1588 imperfectum
598 1555 678 1582 vero
707 1544 914 1588 phantasiam
937 1545 1035 1577 simul
1061 1544 1200 1584 excitat,
1230 1543 1405 1586 postulans

57 1621 140 1652 rem,
167 1621 243 1644 cum
268 1612 376 1652 fieret,
400 1616 438 1644 ut
464 1613 653 1654 cogitemus
679 1616 714 1645 et
739 1616 817 1645 ante
849 1613 967 1645 oculos
991 1611 1088 1645 nobis
1115 1621 1290 1655 ponamus.
1339 1612 1403 1644 At-

56 1687 123 1720 que
147 1679 193 1710 ita
220 1680 376 1712 convenit
400 1679 549 1712 suaviter
574 1678 650 1712 huic
676 1681 763 1713 loco.

150 1744 192 1776 V.
222 1746 359 1776 15-42.
419 1744 616 1778 Medium
654 1757 845 1780 carmen.
902 1746 1052 1780 Prima
1090 1756 1201 1789 pars.
1260 1745 1401 1779 Docet

58 1807 253 1851 Deliam,
290 1809 434 1844 fortes
470 1818 674 1845 amantes
708 1824 728 1845 a
762 1814 940 1847 Venere
972 1811 1184 1845 adiuvari
1221 1817 1263 1845 et
1305 1822 1402 1856 pro-

59 1875 175 1917 tegi,
209 1876 390 1909 celante
422 1876 550 1910 furta
582 1879 757 1912 amoris.

151 1941 192 1974 V.
213 1944 256 1974 15
271 1952 345 1984 sqq.
370 1942 433 1975 Tu
459 1953 606 1986 quoqu
618 1954 647 1977 e.
689 1943 867 1978 Neminem
885 1943 927 1977 ad
945 1944 1127 1978 fallendum
1148 1942 1301 1978 hortatus
1318 1948 1403 1986 erat,

57 2007 104 2040 ait
129 2007 471 2050 Wmssnmcmns3
510 2009 645 2053 explica
678 2009 801 2052 igitur:
843 2010 895 2043 Te
921 2021 1058 2053 quoque
1085 2010 1250 2043 obtestor.
1301 2010 1403 2043 Aliud

55 2075 249 2118 exemplum
276 2079 328 2108 est
353 2076 397 2118 11,
425 2079 455 2118 1,
485 2078 539 2110 11.
589 2077 694 2110 Plura
727 2077 830 2112 habet
863 2079 1193 2112 WuNnssRmcmus.
1244 2080 1294 2111 Ac
1327 2079 1403 2113 vide

55 2155 143 2187 quae
172 2145 205 2177 in
230 2146 296 2178 fine
320 2145 576 2180 Dissertationis
600 2146 644 2180 de
672 2146 877 2180 Elocutione
902 2147 1031 2181 Tibulli
1063 2148 1105 2181 de
1135 2147 1185 2181 his
1212 2146 1315 2180 rebus
1339 2158 1402 2181 ex-

56 2210 170 2253 plicui.
195 2226 242 2235 —
277 2210 377 2253 ipsa
410 2211 568 2245 Venus.
619 2213 765 2246 SAr‘Pno
798 2225 851 2258 ap.
886 2215 1028 2257 Dionys.
1053 2214 1085 2248 d.
1113 2215 1272 2259 Compos.
1299 2214 1402 2248 Verb.

56 2287 88 2320 p.
106 2278 194 2310 354:
223 2273 265 2309 m)
291 2274 323 2308 δ’
347 2273 438 2310 ιιύτὰ
464 2274 642 2320 σύμμαχος
667 2279 754 2313 ἔσο-ο.
770 2299 816 2304 —-
841 2291 919 2313 seu
945 2282 1048 2323 quis
1073 2282 1114 2314 iu
1126 2281 1264 2315 venis.
1300 2281 1403 2316 Quod

58 2353 100 2377 ex
127 2344 200 2377 aliis
226 2344 402 2378 codicibus
426 2346 578 2379 Vossius
604 2348 733 2380 invexit
756 2347 932 2385 iuvenum,
958 2348 1104 2381 alienum
1131 2352 1192 2380 est.
1242 2347 1403 2380 Ceterum

57 2420 118 2452 per
141 2420 179 2443 se
204 2414 298 2453 patet
323 2414 472 2454 poetam,
498 2412 589 2454 quod
615 2413 805 2455 generatim
831 2413 924 2455 dicit,
948 2424 1036 2447 nunc
1061 2418 1202 2457 propter
1226 2424 1264 2447 se
1292 2414 1403 2457 ipsum

57 2472 181 2509 dicere.
206 2493 250 2500 —
285 2486 400 2511 nova
424 2478 574 2512 limina
601 2483 772 2521 tentat,
808 2481 912 2514 intrat
937 2481 1085 2514 nondum
1110 2482 1233 2514 intrata
1258 2481 1300 2513 ab
1328 2482 1402 2524 ipso

57 2544 145 2572 ante.
196 2541 300 2576 Vides
332 2542 413 2585 quid
447 2554 501 2578 res
537 2545 590 2578 sit.
641 2545 819 2587 Tibullus,
858 2547 914 2589 qui
949 2547 1040 2591 apud
1071 2547 1246 2591 innuptam
1272 2547 1405 2580 Deliam

0 2636 1 2647 η
56 2605 192 2647 saepius
224 2605 363 2649 fuisset,
402 2615 480 2652 post
515 2613 651 2654 nuptias
684 2622 806 2645 novum
847 2613 982 2655 puellae
1016 2613 1221 2647 domicilium
1256 2612 1404 2648 nondum

57 2676 130 2704 erat
166 2673 360 2715 ingressus,
396 2677 457 2710 sed
494 2678 600 2712 voluit
638 2680 783 2722 primum
824 2679 885 2714 hac
921 2685 1032 2714 nocte.
1087 2681 1139 2715 Ad
1178 2685 1327 2715 tentat
1364 2679 1400 2712 cf
