1721 2953
597 133 838 175 TIBULLI.
1238 151 1399 176 Lxxxxx

53 247 348 307 (Coordinatr'on)
387 246 751 299 animadvertitur,
793 255 840 287 ut
877 263 970 289 cum
1001 249 1040 299 Ι,
1072 253 1108 289 1.
1148 248 1199 289 de
1239 249 1403 291 rusticis

51 331 177 368 rebus
217 326 364 366 dicitur
399 323 562 364 duobus
600 324 702 363 locis
740 323 784 362 vi
821 325 1014 376 paribus,
1065 333 1137 364 aut
1175 326 1238 375 ΙΙ,
1271 328 1310 365 5.
1352 324 1402 364 de

52 405 218 456 politica
245 401 525 452 magnitudine
556 400 671 440 urbis
702 407 742 439 et
770 400 928 451 gaudiis
957 402 1081 441 ruris.
1146 401 1271 441 Recte
1300 415 1403 442 vero

52 481 97 520 in
125 481 203 519 hoc
233 492 382 529 genere
411 491 499 517 non
532 478 708 517 excessit
745 478 954 516 binarium
984 491 1228 528 numerum3
1267 477 1405 517 laxior

55 556 161 594 enim
192 554 450 607 compositio.
507 554 695 593 Tertium
725 554 877 594 accedit
905 558 1144 608 interpositio,
1177 569 1269 595 cum
1296 555 1406 594 inter

54 630 154 671 duas
183 631 357 680 similes,
397 645 596 684 congruas
625 639 761 684 partes
789 631 910 670 tertia
937 631 1141 670 dissimilis
1173 638 1243 669 aut
1273 644 1407 682 oppo-

53 707 129 746 sita
148 707 273 746 ‘etiam
293 707 477 760 ponitur.
533 706 687 746 Videas
710 708 817 746 hanc
838 708 890 756 II,
912 710 950 744 3.
972 706 1046 744 ubi
1066 706 1129 743 bis
1153 703 1203 743 de
1227 705 1408 758 mytliica

55 792 184 823 aetate
225 782 375 822 dicitur
409 783 655 835 interposito
694 783 816 823 tertio
854 785 947 822 loco
989 781 1039 820 de
1074 780 1267 820 hodierni
1301 788 1406 819 teni-

53 860 167 912 poris
197 860 417 911 pravitate,
450 867 489 898 et
519 860 549 908 Ι,
578 862 616 897 6.
647 858 721 897 ubi
749 858 793 896 in
823 859 950 897 altera
976 864 1092 909 parte
1124 854 1314 895 carminis
1344 855 1408 894 bis

55 935 105 976 de
141 937 288 989 poenis
322 935 519 988 perfidiae
555 936 656 987 agit,
699 935 936 974 interiectus
973 945 1073 973 vero
1113 933 1255 971 tertius
1290 932 1407 970 locus

55 1020 117 1052 est
149 1011 285 1052 lenior
314 1021 355 1052 et
393 1012 494 1051 alius
530 1010 709 1063 generis,
747 1009 926 1063 denique
965 1023 1041 1061 per
1070 1016 1197 1047 totam
1237 1007 1409 1059 elegiam

54 1087 94 1136 Ι,
127 1091 193 1127 10.
234 1095 282 1127 ut
322 1087 432 1127 infra
475 1085 702 1127 ostendam.
794 1085 988 1124 Ceterum
1030 1084 1290 1136 interpositio
1336 1092 1408 1133 est,

57 1177 183 1216 quam
220 1177 296 1215 per
331 1170 466 1202 totum
502 1160 732 1200 Pindarum
768 1161 966 1212 usmpari
1004 1160 1281 1209 ostendimus,
1335 1159 1410 1198 ubi

55 1246 194 1278 tamen
222 1240 364 1291 plures
392 1240 456 1278 rei
482 1239 654 1278 formae.
718 1237 856 1291 Atque
887 1236 996 1289 apud
1024 1236 1254 1276 Pindarum
1285 1250 1410 1289 quem

0 1298 1 1310 ἵ
57 1329 179 1355 usum
205 1329 272 1354 res
302 1316 472 1364 habeat,
500 1315 582 1355 illic
613 1314 787 1364 dictum3
819 1315 864 1352 in
895 1313 1022 1363 elegia
1052 1326 1152 1352 vero
1183 1311 1319 1363 gravis
1350 1319 1410 1350 est

56 1390 211 1430 reditus
241 1389 293 1429 ad
321 1390 489 1439 similia,
529 1397 647 1441 aptus
677 1388 834 1441 pariter
863 1389 1078 1441 querelae,
1108 1387 1212 1436 irae,
1244 1395 1409 1425 senten-

54 1468 134 1507 tiae
173 1466 482 1518 significantiori
516 1466 733 1507 nervosius
770 1463 1053 1504 declarandae.
1108 1463 1304 1515 Denique
1337 1462 1409 1501 Ti-

56 1544 194 1582 bullus
228 1543 274 1581 in
311 1556 437 1582 carm.
462 1543 522 1592 ΙΙ,
552 1545 592 1583 5.
627 1542 749 1580 etiam
774 1541 1008 1594 parenthesin
1041 1539 1105 1578 bis
1136 1537 1318 1587 admisit,
1359 1535 1408 1575 de

58 1633 142 1672 qua
166 1617 248 1657 illic
276 1617 321 1656 in
350 1616 660 1657 Introductione
688 1616 836 1655 monui
865 1624 1066 1669 quantum
1097 1614 1207 1653 satis.
1272 1613 1410 1666 Atque

57 1693 121 1732 his
149 1693 307 1743 legibus
339 1690 492 1742 digesta
522 1699 583 1730 est
609 1691 786 1730 varietas
815 1704 957 1729 rerum
981 1691 1026 1729 in
1054 1689 1189 1729 medio
1217 1688 1411 1728 carmine.

59 1768 211 1808 Pedem
240 1768 446 1817 sistimus3
487 1764 650 1806 abunde
680 1765 748 1803 hic
779 1763 829 1802 de
858 1764 994 1804 medio
1026 1764 1205 1805 carmine
1244 1762 1412 1802 dictum.

144 2001 372 2054 Postquam
400 1998 632 2050 singulatim
664 1996 713 2037 de
745 1995 939 2045 exordio,
981 1996 1117 2046 exitu,
1152 1994 1289 2035 medio
1324 2008 1413 2034 car-

60 2078 170 2117 mine
201 2075 490 2130 exposuimus,
523 2075 754 2116 accedimus
787 2074 965 2127 denique
999 2071 1050 2112 ad
1079 2073 1271 2111 ultimum
1300 2069 1412 2125 quod

61 2151 296 2191 faciendum
323 2160 470 2201 restat,
502 2160 542 2190 et
571 2150 924 2191 considerabimus
951 2152 1060 2188 totius
1089 2150 1225 2198 elegiae
1242 2147 1415 2200 formam

60 2236 95 2267 et
115 2236 343 2267 structuram
371 2242 419 2267 ex
446 2229 502 2266 his
525 2229 696 2281 partibus
722 2230 922 2282 conflatae.
980 2226 1209 2277 Explicabo
1231 2226 1309 2263 hoc
1331 2225 1417 2263 sin-

61 2307 253 2356 gulorum
279 2304 506 2344 carminum
529 2319 705 2345 recensu
728 2306 850 2355 facto,
880 2312 920 2343 et
945 2316 1036 2343 cum
1061 2303 1107 2340 in
1133 2302 1246 2340 omni
1266 2313 1415 2351 genere

63 2381 160 2420 artis
203 2380 325 2419 etiam
369 2380 596 2431 peculiares
641 2381 796 2433 species
843 2385 1084 2427 occurrant,
1134 2376 1200 2415 hic
1246 2388 1414 2428 quoque

64 2454 176 2509 quod
202 2455 411 2507 reperitur
441 2455 703 2505 huiusmodi,
742 2469 829 2495 non
858 2453 1106 2507 praeteribo.

149 2530 195 2570 Si
228 2532 393 2572 evolvas
421 2531 686 2583 Propertium
715 2538 755 2569 et
785 2528 1000 2577 Ovidium,
1039 2528 1160 2578 longe
1199 2523 1322 2564 aliam
1354 2523 1416 2561 fa-

67 2605 167 2644 ciem
195 2618 338 2646 rerum
365 2605 504 2647 videas
536 2620 660 2659 quam
698 2603 808 2659 apud
840 2604 1065 2644 Tibullum.
1123 2603 1205 2641 Pro
1243 2597 1415 2640 exordio
