1721 2953
534 153 679 193 LIBR.
708 152 740 191 Ι.
797 150 956 190 ELEG.
985 150 1037 190 V.
1369 150 1448 185 100

107 271 309 306 commoveri
335 270 421 303 solet
445 268 595 311 graviter
621 265 802 299 mulierum
826 263 956 296 animus
987 262 1126 296 timidus
1162 265 1198 296 et
1229 259 1444 305 superstitio-

107 349 166 371 sus
191 334 382 370 huiusmodi
407 334 520 366 rebus.
581 331 651 365 Sed
677 330 842 365 accedere
867 329 984 362 debuit
1009 330 1110 362 etiam
1139 328 1229 362 aliud
1254 327 1449 372 persuasio-

107 404 156 437 nis
182 413 310 445 genus3
336 403 516 444 postquam
542 397 647 439 igitur
671 400 764 429 metu
789 395 912 428 malam
943 405 1078 428 causam
1103 394 1216 427 rivalis
1240 392 1446 426 labefactare

106 473 247 503 conatus
271 472 341 508 est,
377 475 481 510 porro
509 464 613 497 etiam
640 461 797 495 utilitatis
826 460 958 493 ratione
991 470 1133 492 avocare
1159 459 1305 503 puellam
1337 457 1380 490 ab
1404 467 1448 490 eo

104 545 167 568 usu
193 537 352 573 conatur,
391 541 454 575 pro
479 529 675 564 muneribus
699 528 765 561 alia
790 526 906 560 suavia
931 525 1108 559 commoda
1134 529 1335 558 monstrans·
1382 525 1447 557 At-

104 611 169 643 que
194 600 241 632 ita
267 598 368 631 etiam
393 595 446 630 hic
471 595 621 640 perfecta
647 594 758 627 unitas
785 603 897 626 rerum
923 595 995 633 est,
1036 591 1164 635 optime
1190 591 1371 624 adiuvante
1395 590 1446 622 al-

104 669 179 698 tero
215 665 291 697 loco
323 664 478 695 alterum.
527 659 684 694 Vidimus
713 657 896 691 secundam
932 661 1073 700 partem.
1132 657 1265 698 Collige
1301 656 1446 698 denique

104 730 215 763 omnia
247 739 349 762 unum
384 728 418 760 in
450 730 690 771 conspectum,
725 728 760 758 et
791 723 921 758 videbis
955 723 1211 767 pulcherrimam
1248 723 1445 755 varietatem

104 806 218 829 rerum
245 799 279 828 et
304 794 488 828 affectuum
513 791 555 826 ad
581 801 684 825 unum
710 792 812 824 finem
836 789 1036 824 suavissime
1061 790 1320 833 conspirantem.
1368 791 1443 824 Re-

103 866 172 895 stat
196 864 234 894 ut
260 860 303 894 de
327 859 454 893 ultimis
479 856 632 892 distichis
656 855 818 890 dicamus.
867 854 932 888 Est
956 855 1286 900 παρακλαυσίθυρον
1311 865 1447 890 carmen

103 933 141 962 ut
164 928 314 971 fingitur,
338 925 567 970 imposuitque
592 924 750 958 Tibullus
781 922 916 955 exitum
941 921 1019 956 huic
1045 922 1161 965 generi
1187 922 1284 955 valde
1309 932 1447 955 accom-

102 993 286 1027 modatum.
336 993 421 1026 Cum
457 993 545 1026 enim
580 1002 647 1025 non
684 991 856 1036 aperiatur
888 990 988 1023 ianua
1021 989 1198 1033 precibus,
1234 992 1342 1022 mutat
1367 999 1446 1022 sen-

104 1061 242 1094 tentiam
280 1063 316 1093 et
350 1059 494 1092 discedit
528 1069 604 1092 cum
638 1057 794 1090 irrisione
831 1056 956 1090 rivalis·
1013 1055 1187 1089 Praedicit
1218 1053 1294 1088 huic
1328 1055 1449 1088 similia

104 1127 194 1168 sata,
227 1126 362 1168 iamque
387 1125 508 1158 adesse
532 1125 580 1156 ait
608 1133 731 1156 novum
756 1125 980 1163 tentatorem,
1014 1122 1070 1164 qui
1096 1120 1288 1165 conspirare
1314 1122 1448 1154 occulte

105 1202 182 1225 cum
210 1192 307 1225 Delia
341 1190 517 1233 videatur3
550 1190 670 1224 suadet
704 1190 810 1233 igitur
842 1190 874 1223 ei
906 1199 972 1222 non
1006 1189 1078 1223 sine
1111 1189 1218 1222 ironia
1250 1193 1289 1222 ut
1323 1194 1448 1233 utatur,

104 1258 183 1291 dum
217 1258 339 1299 liceat,
373 1257 628 1300 opportunitate
663 1266 744 1288 mox
779 1255 940 1299 peritura.
997 1254 1173 1287 Erraveris
1206 1255 1449 1298 maximopere,

104 1325 133 1356 si
158 1323 277 1357 credas
310 1322 400 1356 serio
432 1322 623 1355 valedicere
657 1321 792 1364 puellae
826 1319 891 1353 hoc
925 1319 1022 1352 exitu
1047 1319 1241 1360 Tibullum,
1280 1324 1317 1352 ut
1349 1320 1448 1363 plane

105 1387 293 1432 desperatis
327 1387 449 1428 rebus3
488 1396 600 1429 neque
636 1386 725 1418 euim
758 1385 815 1428 qui
855 1394 917 1428 per
950 1388 1059 1417 totam
1092 1385 1238 1427 elegiam
1271 1384 1449 1418 discidium

103 1455 224 1488 tollere
248 1458 402 1497 conatur,
426 1454 459 1487 in
485 1454 551 1486 fine
576 1453 666 1486 serio
692 1451 886 1486 valedicere
911 1452 944 1485 in
970 1454 1173 1496 perpetuum
1201 1454 1324 1495 potest.
1374 1451 1449 1485 Nec

107 1522 203 1555 Delia
237 1521 284 1554 ita
320 1520 402 1554 haec
437 1519 663 1562 intelligebat.
714 1519 860 1555 Quoties
895 1517 985 1551 enim
1022 1517 1131 1550 dicam
1168 1516 1334 1550 similibus
1372 1528 1449 1550 cum

105 1587 216 1620 verbis
241 1586 437 1620 discessisse
462 1596 482 1619 a
510 1579 832 1629 ianuispuellarum
867 1587 1060 1625 amatores,
1099 1583 1156 1625 qui
1190 1593 1257 1616 nou
1290 1583 1348 1616 diu
1374 1589 1451 1627 post

107 1653 267 1687 redirent.
330 1652 418 1686 Audi
442 1651 553 1695 ipsum
586 1650 760 1683 Tibullum
784 1650 830 1690 ΙΙ,
857 1652 890 1691 6,
916 1651 982 1681 13:
1019 1647 1147 1681 Iuravi
1172 1647 1332 1693 quotiens
1358 1648 1453 1680 recli-

106 1723 228 1749 turum
261 1715 311 1748 ad
342 1715 464 1748 limina
496 1714 701 1761 nunquam!
753 1715 838 1746 Cum
872 1711 953 1745 bene
977 1711 1117 1754 iuravi,
1148 1724 1213 1757 pes
1238 1719 1355 1745 tamen
1379 1712 1453 1757 ipse

106 1783 209 1817 redit.
257 1782 327 1817 Sed
358 1782 531 1816 videamus
565 1783 737 1826 poeticum
770 1781 947 1815 consilium
979 1780 1056 1813 loci.
1105 1779 1186 1812 Fuit
1219 1780 1315 1812 exitu
1350 1789 1449 1823 opus,

105 1851 163 1893 qui
195 1850 295 1883 finem
328 1848 486 1882 idoneum
519 1849 708 1891 imponeret
742 1847 897 1889 elegiae3
935 1844 989 1879 hic
1022 1855 1099 1878 cum
1133 1845 1218 1878 alius
1253 1855 1371 1888 preces
1406 1843 1451 1877 ad

105 1917 274 1950 Venerem
301 1913 551 1958 exspectaverit
584 1917 620 1946 et
653 1916 732 1946 vota
765 1923 826 1956 pro
851 1921 1032 1952 successu,
1068 1915 1104 1944 et
1137 1910 1240 1943 talem
1265 1910 1365 1943 finem
1401 1909 1452 1943 af-

107 1981 277 2022 fectuum,
313 1983 415 2023 poeta
440 1984 559 2012 contra
583 1978 714 2011 irritam
739 1988 836 2022 spem
862 1977 1019 2019 simulat,
1047 1980 1081 2010 et
1107 1986 1149 2009 ex
1178 1975 1276 2008 simili
1303 1974 1372 2009 fato
1398 1976 1452 2009 fu-

106 2054 184 2083 turo
207 2049 321 2082 rivalis
345 2047 504 2080 solatium
529 2045 626 2089 petit,
653 2049 687 2079 et
711 2046 791 2078 ficta
817 2055 895 2078 cum
920 2044 1163 2087 tranquillitate
1185 2042 1330 2077 discedit
1355 2044 1452 2085 quie-

107 2122 171 2151 tus.
222 2115 324 2152 Quod
359 2114 513 2159 profecto
538 2124 605 2147 non
630 2117 683 2147 est
706 2117 835 2146 temere
859 2112 909 2145 sic
935 2111 978 2144 ab
1003 2121 1044 2144 eo
1070 2110 1270 2143 institutum.
1320 2109 1454 2154 Nempe

108 2186 187 2226 post
220 2185 272 2215 tot
304 2180 461 2222 dolores,
498 2179 675 2222 querelas,
714 2178 870 2212 lacrimas
906 2180 1049 2221 poetae,
1090 2180 1129 2209 ut
1162 2180 1275 2209 tamen
1308 2176 1455 2218 aliquam

109 2259 253 2294 poenam
287 2249 358 2282 luat
393 2247 554 2291 perfidiae
588 2246 736 2280 formosa
773 2246 905 2288 amica,
945 2246 1067 2279 saltem
1100 2244 1210 2288 carpit
1243 2254 1316 2277 eam
1352 2244 1456 2277 verbo

109 2319 188 2348 ante
213 2314 421 2355 discessum,
455 2312 551 2355 quasi
579 2312 677 2345 unice
704 2312 869 2355 pecuniae
896 2310 1012 2344 dedita
1036 2311 1119 2343 nulli
1145 2311 1281 2344 omnino
1309 2310 1376 2343 fida
1400 2311 1456 2350 sit,

110 2384 145 2414 et
169 2379 231 2413 hac
256 2378 401 2412 iucunda
433 2378 562 2411 ultione
588 2380 770 2410 contentus
805 2377 876 2410 abit
909 2388 1020 2420 aequo
1048 2377 1182 2419 auimo,
1217 2377 1372 2411 aculeum
1401 2387 1456 2410 re-

111 2445 263 2487 linquens
296 2444 352 2486 qui
387 2447 528 2487 pungat.
579 2443 676 2476 Haec
709 2442 844 2475 videtur
869 2452 950 2475 vera
976 2442 1062 2475 ratio
1088 2442 1267 2477 dictorum.
1317 2443 1457 2476 AlIenus

111 2509 175 2542 suit
199 2510 274 2542 talis
299 2510 411 2543 exitus
436 2510 478 2542 ab
505 2510 593 2552 eleg.
619 2509 680 2551 lI.,
712 2509 769 2542 ubi
795 2509 886 2542 nulla
913 2514 966 2542 est
999 2509 1097 2553 culpa
1125 2510 1278 2553 puellae3
1315 2508 1368 2542 bic
1394 2521 1455 2543 au-

113 2580 181 2608 tem
209 2576 306 2619 plane
332 2576 443 2610 locum
471 2574 573 2609 habet
599 2575 732 2619 poetica
756 2575 895 2609 iustitia.
951 2574 1029 2608 Non
1055 2575 1254 2609 recordatus
1279 2576 1360 2608 talia
1386 2579 1458 2608 erat

114 2643 163 2675 vir
189 2642 385 2675 immortalis
413 2642 595 2685 Ham-ms,
624 2643 679 2686 qui
705 2642 821 2675 nescio
846 2651 913 2683 quo
939 2640 1016 2675 odio
1046 2640 1130 2675 hunc
1158 2643 1285 2675 exitum
1312 2642 1457 2675 danmat.
