<?xml version="1.0" encoding="UTF-8"?>
<!DOCTYPE html PUBLIC "-//W3C//DTD XHTML 1.0 Transitional//EN"
    "http://www.w3.org/TR/xhtml1/DTD/xhtml1-transitional.dtd">
<html xmlns="http://www.w3.org/1999/xhtml" xml:lang="en" lang="en">
 <head>
  <title>
</title>
<meta http-equiv="Content-Type" content="text/html;charset=utf-8" />
  <meta name='ocr-system' content='tesseract 3.04.00' />
  <meta name='ocr-capabilities' content='ocr_page ocr_carea ocr_par ocr_line ocrx_word'/>
</head>
<body>
  <div class='ocr_page' id='page_1' title='image "./carminaexrecensi00tibuuoft_0663.png"; bbox 0 0 1721 2953; ppageno 0'>
   <div class='ocr_carea' id='block_1_1' title="bbox 453 171 1419 217">
    <p class='ocr_par' dir='ltr' id='par_1_1' title="bbox 453 171 1419 217">
     <span class='ocr_line' id='line_1_1' title="bbox 453 171 1419 217; baseline -0.003 0"><span class='ocrx_word' id='word_1_1' title='bbox 453 175 598 217; x_wconf 85' lang='lat' dir='ltr'>LIBR.</span> <span class='ocrx_word' id='word_1_2' title='bbox 630 173 700 215; x_wconf 90' lang='lat' dir='ltr'><strong>III.</strong></span> <span class='ocrx_word' id='word_1_3' title='bbox 759 171 920 213; x_wconf 80' lang='lat' dir='ltr'>ELEG.</span> <span class='ocrx_word' id='word_1_4' title='bbox 950 173 1022 214; x_wconf 89' lang='lat' dir='ltr'><strong>III.</strong></span> <span class='ocrx_word' id='word_1_5' title='bbox 1342 176 1419 214; x_wconf 53' lang='lat'>737</span> 
     </span>
    </p>
   </div>
   <div class='ocr_carea' id='block_1_2' title="bbox 50 280 1432 1316">
    <p class='ocr_par' dir='ltr' id='par_1_2' title="bbox 50 280 1432 1316">
     <span class='ocr_line' id='line_1_2' title="bbox 50 280 1415 331; baseline -0.009 -6"><span class='ocrx_word' id='word_1_6' title='bbox 50 297 54 299; x_wconf 85' lang='lat'>&#39;</span> <span class='ocrx_word' id='word_1_7' title='bbox 80 289 182 325; x_wconf 71' lang='lat' dir='ltr'>habet</span> <span class='ocrx_word' id='word_1_8' title='bbox 205 290 358 331; x_wconf 82' lang='lat' dir='ltr'>fortuna,</span> <span class='ocrx_word' id='word_1_9' title='bbox 381 292 420 322; x_wconf 86' lang='lat' dir='ltr'>ut</span> <span class='ocrx_word' id='word_1_10' title='bbox 442 289 630 322; x_wconf 64' lang='lat' dir='ltr'>Pnopnnw.</span> <span class='ocrx_word' id='word_1_11' title='bbox 652 283 697 326; x_wconf 86' lang='grc' dir='ltr'>ΙΙ,</span> <span class='ocrx_word' id='word_1_12' title='bbox 721 286 779 325; x_wconf 81' lang='lat'>25,</span> <span class='ocrx_word' id='word_1_13' title='bbox 806 285 862 317; x_wconf 66' lang='lat'>31,</span> <span class='ocrx_word' id='word_1_14' title='bbox 887 284 1044 318; x_wconf 65' lang='lat' dir='ltr'>Prxnm.</span> <span class='ocrx_word' id='word_1_15' title='bbox 1070 280 1171 326; x_wconf 51' lang='lat' dir='ltr'>PJth.</span> <span class='ocrx_word' id='word_1_16' title='bbox 1198 281 1259 324; x_wconf 80' lang='lat' dir='ltr'>xl,</span> <span class='ocrx_word' id='word_1_17' title='bbox 1283 283 1341 318; x_wconf 78' lang='lat'>29,</span> <span class='ocrx_word' id='word_1_18' title='bbox 1371 301 1415 306; x_wconf 66' lang='lat'>-</span> 
     </span>
     <span class='ocr_line' id='line_1_3' title="bbox 81 347 1418 401; baseline -0.008 -10"><span class='ocrx_word' id='word_1_19' title='bbox 81 358 195 391; x_wconf 85' lang='lat' dir='ltr'>salso</span> <span class='ocrx_word' id='word_1_20' title='bbox 223 357 417 401; x_wconf 85' lang='lat' dir='ltr'>plurima</span> <span class='ocrx_word' id='word_1_21' title='bbox 440 353 604 395; x_wconf 79' lang='lat' dir='ltr'>vulgus</span> <span class='ocrx_word' id='word_1_22' title='bbox 628 353 762 390; x_wconf 82' lang='lat' dir='ltr'>amat,</span> <span class='ocrx_word' id='word_1_23' title='bbox 796 347 828 381; x_wconf 83' lang='lat'>11.</span> <span class='ocrx_word' id='word_1_24' title='bbox 855 359 886 383; x_wconf 86' lang='lat' dir='ltr'>e.</span> <span class='ocrx_word' id='word_1_25' title='bbox 912 350 1074 391; x_wconf 79' lang='lat' dir='ltr'>plurima,</span> <span class='ocrx_word' id='word_1_26' title='bbox 1112 359 1199 392; x_wconf 83' lang='lat' dir='ltr'>quae</span> <span class='ocrx_word' id='word_1_27' title='bbox 1225 352 1315 381; x_wconf 83' lang='lat' dir='ltr'>amat</span> <span class='ocrx_word' id='word_1_28' title='bbox 1343 349 1418 381; x_wconf 79' lang='lat' dir='ltr'>vui-</span> 
     </span>
     <span class='ocr_line' id='line_1_4' title="bbox 79 413 1418 465; baseline -0.006 -10"><span class='ocrx_word' id='word_1_29' title='bbox 79 433 165 465; x_wconf 78' lang='lat' dir='ltr'>gus,</span> <span class='ocrx_word' id='word_1_30' title='bbox 199 422 284 454; x_wconf 83' lang='lat' dir='ltr'>salso</span> <span class='ocrx_word' id='word_1_31' title='bbox 309 424 409 453; x_wconf 82' lang='lat' dir='ltr'>amat.</span> <span class='ocrx_word' id='word_1_32' title='bbox 458 419 592 461; x_wconf 75' lang='lat' dir='ltr'>Vulgus</span> <span class='ocrx_word' id='word_1_33' title='bbox 625 423 716 450; x_wconf 81' lang='lat' dir='ltr'>amat</span> <span class='ocrx_word' id='word_1_34' title='bbox 740 415 877 458; x_wconf 85' lang='lat' dir='ltr'>quidem</span> <span class='ocrx_word' id='word_1_35' title='bbox 903 415 1056 462; x_wconf 50' lang='lat' dir='ltr'>divitias,</span> <span class='ocrx_word' id='word_1_36' title='bbox 1090 415 1151 448; x_wconf 88' lang='lat' dir='ltr'>sed</span> <span class='ocrx_word' id='word_1_37' title='bbox 1177 419 1266 448; x_wconf 86' lang='lat' dir='ltr'>errat</span> <span class='ocrx_word' id='word_1_38' title='bbox 1290 415 1324 448; x_wconf 92' lang='lat' dir='ltr'>iu</span> <span class='ocrx_word' id='word_1_39' title='bbox 1353 413 1418 448; x_wconf 83' lang='lat' dir='ltr'>hoc</span> 
     </span>
     <span class='ocr_line' id='line_1_5' title="bbox 79 481 1418 528; baseline -0.004 -8"><span class='ocrx_word' id='word_1_40' title='bbox 79 491 118 520; x_wconf 90' lang='lat' dir='ltr'>ut</span> <span class='ocrx_word' id='word_1_41' title='bbox 142 487 175 519; x_wconf 89' lang='lat' dir='ltr'>iu</span> <span class='ocrx_word' id='word_1_42' title='bbox 199 487 272 518; x_wconf 85' lang='lat' dir='ltr'>aliis</span> <span class='ocrx_word' id='word_1_43' title='bbox 298 485 469 528; x_wconf 84' lang='lat' dir='ltr'>plurimis3</span> <span class='ocrx_word' id='word_1_44' title='bbox 508 485 638 517; x_wconf 84' lang='lat' dir='ltr'>nullum</span> <span class='ocrx_word' id='word_1_45' title='bbox 672 486 724 516; x_wconf 82' lang='lat' dir='ltr'>est</span> <span class='ocrx_word' id='word_1_46' title='bbox 751 482 843 524; x_wconf 77' lang='lat' dir='ltr'>vulgi</span> <span class='ocrx_word' id='word_1_47' title='bbox 873 481 1035 515; x_wconf 89' lang='lat' dir='ltr'>iudicium</span> <span class='ocrx_word' id='word_1_48' title='bbox 1060 482 1094 515; x_wconf 90' lang='lat' dir='ltr'>in</span> <span class='ocrx_word' id='word_1_49' title='bbox 1119 492 1200 515; x_wconf 79' lang='lat' dir='ltr'>vero</span> <span class='ocrx_word' id='word_1_50' title='bbox 1226 481 1337 525; x_wconf 84' lang='lat' dir='ltr'>pretio</span> <span class='ocrx_word' id='word_1_51' title='bbox 1362 492 1418 515; x_wconf 90' lang='lat' dir='ltr'>re-</span> 
     </span>
     <span class='ocr_line' id='line_1_6' title="bbox 78 550 1421 593; baseline -0.002 -8"><span class='ocrx_word' id='word_1_52' title='bbox 78 562 154 585; x_wconf 87' lang='lat' dir='ltr'>rum</span> <span class='ocrx_word' id='word_1_53' title='bbox 178 551 426 585; x_wconf 84' lang='lat' dir='ltr'>constituendo.</span> <span class='ocrx_word' id='word_1_54' title='bbox 442 568 489 577; x_wconf 92' lang='lat'>—</span> <span class='ocrx_word' id='word_1_55' title='bbox 513 552 554 586; x_wconf 82' lang='lat' dir='ltr'>V.</span> <span class='ocrx_word' id='word_1_56' title='bbox 575 553 619 582; x_wconf 84' lang='lat'>21</span> <span class='ocrx_word' id='word_1_57' title='bbox 641 561 714 593; x_wconf 89' lang='lat' dir='ltr'>sqq.</span> <span class='ocrx_word' id='word_1_58' title='bbox 749 553 924 582; x_wconf 85' lang='lat' dir='ltr'><strong>mentes</strong></span> <span class='ocrx_word' id='word_1_59' title='bbox 950 560 1176 592; x_wconf 88' lang='lat' dir='ltr'>curaeque</span> <span class='ocrx_word' id='word_1_60' title='bbox 1202 550 1421 592; x_wconf 81' lang='lat' dir='ltr'>levantur,</span> 
     </span>
     <span class='ocr_line' id='line_1_7' title="bbox 79 617 1422 662; baseline -0.001 -10"><span class='ocrx_word' id='word_1_61' title='bbox 79 629 245 661; x_wconf 84' lang='lat' dir='ltr'>zeugma,</span> <span class='ocrx_word' id='word_1_62' title='bbox 272 618 374 651; x_wconf 79' lang='lat' dir='ltr'>veluti</span> <span class='ocrx_word' id='word_1_63' title='bbox 401 618 510 651; x_wconf 75' lang='lat' dir='ltr'>Oer.</span> <span class='ocrx_word' id='word_1_64' title='bbox 537 617 624 650; x_wconf 85' lang='lat' dir='ltr'>Met.</span> <span class='ocrx_word' id='word_1_65' title='bbox 650 617 695 658; x_wconf 87' lang='lat' dir='ltr'>X,</span> <span class='ocrx_word' id='word_1_66' title='bbox 724 619 813 649; x_wconf 79' lang='lat'><strong>368:</strong></span> <span class='ocrx_word' id='word_1_67' title='bbox 853 628 1026 662; x_wconf 64' lang='lat' dir='ltr'>curasque</span> <span class='ocrx_word' id='word_1_68' title='bbox 1052 623 1085 648; x_wconf 74' lang='lat' dir='ltr'>et</span> <span class='ocrx_word' id='word_1_69' title='bbox 1112 629 1256 662; x_wconf 75' lang='lat' dir='ltr'>corpora</span> <span class='ocrx_word' id='word_1_70' title='bbox 1281 630 1422 650; x_wconf 76' lang='lat' dir='ltr'>somnus</span> 
     </span>
     <span class='ocr_line' id='line_1_8' title="bbox 79 682 1424 726; baseline -0.002 -9"><span class='ocrx_word' id='word_1_71' title='bbox 79 685 253 718; x_wconf 68' lang='lat' dir='ltr'>«Solverat.</span> <span class='ocrx_word' id='word_1_72' title='bbox 301 684 407 717; x_wconf 86' lang='lat' dir='ltr'>Addit</span> <span class='ocrx_word' id='word_1_73' title='bbox 434 684 500 716; x_wconf 88' lang='lat' dir='ltr'>alia</span> <span class='ocrx_word' id='word_1_74' title='bbox 529 683 625 726; x_wconf 89' lang='lat' dir='ltr'>plura</span> <span class='ocrx_word' id='word_1_75' title='bbox 650 682 986 715; x_wconf 60' lang='lat' dir='ltr'>Wnnnmzmcmus.</span> <span class='ocrx_word' id='word_1_76' title='bbox 1035 683 1150 715; x_wconf 83' lang='lat' dir='ltr'>Semel</span> <span class='ocrx_word' id='word_1_77' title='bbox 1176 683 1276 716; x_wconf 81' lang='lat' dir='ltr'>etiam</span> <span class='ocrx_word' id='word_1_78' title='bbox 1302 682 1424 715; x_wconf 69' lang='lat' dir='ltr'>Tibul-</span> 
     </span>
     <span class='ocr_line' id='line_1_9' title="bbox 79 745 1425 792; baseline -0.004 -7"><span class='ocrx_word' id='word_1_79' title='bbox 79 752 132 785; x_wconf 75' lang='lat' dir='ltr'>lus</span> <span class='ocrx_word' id='word_1_80' title='bbox 155 761 299 792; x_wconf 82' lang='lat' dir='ltr'>zeugma</span> <span class='ocrx_word' id='word_1_81' title='bbox 322 749 442 790; x_wconf 78' lang='lat' dir='ltr'>habet,</span> <span class='ocrx_word' id='word_1_82' title='bbox 468 748 495 789; x_wconf 92' lang='lat' dir='ltr'>I,</span> <span class='ocrx_word' id='word_1_83' title='bbox 520 749 552 789; x_wconf 79' lang='lat'>4,</span> <span class='ocrx_word' id='word_1_84' title='bbox 579 750 635 780; x_wconf 84' lang='lat'>65.</span> <span class='ocrx_word' id='word_1_85' title='bbox 661 749 719 780; x_wconf 84' lang='lat'>66.</span> <span class='ocrx_word' id='word_1_86' title='bbox 743 765 790 771; x_wconf 95' lang='lat'>-—</span> <span class='ocrx_word' id='word_1_87' title='bbox 829 750 1056 789; x_wconf 83' lang='lat' dir='ltr'>tempora,</span> <span class='ocrx_word' id='word_1_88' title='bbox 1081 746 1290 780; x_wconf 84' lang='lat' dir='ltr'>conditiones</span> <span class='ocrx_word' id='word_1_89' title='bbox 1317 745 1425 780; x_wconf 83' lang='lat' dir='ltr'>homi-</span> 
     </span>
     <span class='ocr_line' id='line_1_10' title="bbox 80 813 1421 859; baseline -0.003 -8"><span class='ocrx_word' id='word_1_90' title='bbox 80 828 172 859; x_wconf 83' lang='lat' dir='ltr'>num,</span> <span class='ocrx_word' id='word_1_91' title='bbox 195 816 444 850; x_wconf 81' lang='lat' dir='ltr'>vicissitudines</span> <span class='ocrx_word' id='word_1_92' title='bbox 469 824 593 855; x_wconf 86' lang='lat' dir='ltr'>rerum,</span> <span class='ocrx_word' id='word_1_93' title='bbox 618 813 742 856; x_wconf 83' lang='lat' dir='ltr'>regit</span> <span class='ocrx_word' id='word_1_94' title='bbox 770 813 975 846; x_wconf 82' lang='lat' dir='ltr'>Fortuna</span> <span class='ocrx_word' id='word_1_95' title='bbox 1000 814 1087 846; x_wconf 87' lang='lat' dir='ltr'>sicut</span> <span class='ocrx_word' id='word_1_96' title='bbox 1114 813 1177 856; x_wconf 87' lang='lat' dir='ltr'>ipsi</span> <span class='ocrx_word' id='word_1_97' title='bbox 1202 815 1326 857; x_wconf 84' lang='lat' dir='ltr'>placet,</span> <span class='ocrx_word' id='word_1_98' title='bbox 1355 824 1421 847; x_wconf 88' lang='lat' dir='ltr'>non</span> 
     </span>
     <span class='ocr_line' id='line_1_11' title="bbox 80 880 1422 924; baseline -0.001 -9"><span class='ocrx_word' id='word_1_99' title='bbox 80 883 189 924; x_wconf 77' lang='lat' dir='ltr'>magis</span> <span class='ocrx_word' id='word_1_100' title='bbox 213 882 374 914; x_wconf 74' lang='lat' dir='ltr'>divitibus</span> <span class='ocrx_word' id='word_1_101' title='bbox 400 890 542 924; x_wconf 82' lang='lat' dir='ltr'>parcens</span> <span class='ocrx_word' id='word_1_102' title='bbox 569 890 668 922; x_wconf 88' lang='lat' dir='ltr'>quam</span> <span class='ocrx_word' id='word_1_103' title='bbox 694 880 781 922; x_wconf 88' lang='lat' dir='ltr'>aliis,</span> <span class='ocrx_word' id='word_1_104' title='bbox 808 883 912 922; x_wconf 88' lang='lat' dir='ltr'>atque</span> <span class='ocrx_word' id='word_1_105' title='bbox 937 880 1054 912; x_wconf 87' lang='lat' dir='ltr'>ultima</span> <span class='ocrx_word' id='word_1_106' title='bbox 1079 883 1174 913; x_wconf 79' lang='lat' dir='ltr'>aetas</span> <span class='ocrx_word' id='word_1_107' title='bbox 1199 880 1327 913; x_wconf 79' lang='lat' dir='ltr'>liberae</span> <span class='ocrx_word' id='word_1_108' title='bbox 1352 881 1422 913; x_wconf 63' lang='lat' dir='ltr'>rei«</span> 
     </span>
     <span class='ocr_line' id='line_1_12' title="bbox 79 943 1425 990; baseline -0.001 -12"><span class='ocrx_word' id='word_1_109' title='bbox 79 946 237 990; x_wconf 85' lang='lat' dir='ltr'>publicae</span> <span class='ocrx_word' id='word_1_110' title='bbox 269 945 352 978; x_wconf 80' lang='lat' dir='ltr'>satis</span> <span class='ocrx_word' id='word_1_111' title='bbox 386 945 620 988; x_wconf 82' lang='lat' dir='ltr'>exemplorum</span> <span class='ocrx_word' id='word_1_112' title='bbox 655 943 753 977; x_wconf 83' lang='lat' dir='ltr'>huius</span> <span class='ocrx_word' id='word_1_113' title='bbox 791 945 929 986; x_wconf 83' lang='lat' dir='ltr'>generis</span> <span class='ocrx_word' id='word_1_114' title='bbox 962 944 1104 978; x_wconf 66' lang='lat' dir='ltr'>viderat.</span> <span class='ocrx_word' id='word_1_115' title='bbox 1129 962 1175 969; x_wconf 90' lang='lat'>——</span> <span class='ocrx_word' id='word_1_116' title='bbox 1215 945 1287 978; x_wconf 87' lang='lat' dir='ltr'>Sit</span> <span class='ocrx_word' id='word_1_117' title='bbox 1319 943 1425 979; x_wconf 71' lang='lat' dir='ltr'>mihi</span> 
     </span>
     <span class='ocr_line' id='line_1_13' title="bbox 80 1009 1427 1054; baseline 0.001 -11"><span class='ocrx_word' id='word_1_118' title='bbox 80 1013 325 1054; x_wconf 78' lang='lat' dir='ltr'>paupertas</span> <span class='ocrx_word' id='word_1_119' title='bbox 353 1013 441 1051; x_wconf 54' lang='lat' dir='ltr'>etc„</span> <span class='ocrx_word' id='word_1_120' title='bbox 476 1009 558 1042; x_wconf 82' lang='lat' dir='ltr'>nihii</span> <span class='ocrx_word' id='word_1_121' title='bbox 579 1010 723 1053; x_wconf 86' lang='lat' dir='ltr'>amplius</span> <span class='ocrx_word' id='word_1_122' title='bbox 751 1009 920 1044; x_wconf 83' lang='lat' dir='ltr'>desidero.</span> <span class='ocrx_word' id='word_1_123' title='bbox 948 1028 988 1034; x_wconf 92' lang='lat'>--</span> <span class='ocrx_word' id='word_1_124' title='bbox 1014 1011 1070 1043; x_wconf 92' lang='lat' dir='ltr'>At</span> <span class='ocrx_word' id='word_1_125' title='bbox 1100 1010 1199 1044; x_wconf 86' lang='lat' dir='ltr'>sine</span> <span class='ocrx_word' id='word_1_126' title='bbox 1231 1014 1283 1045; x_wconf 87' lang='lat' dir='ltr'>te.</span> <span class='ocrx_word' id='word_1_127' title='bbox 1332 1011 1427 1045; x_wconf 84' lang='lat' dir='ltr'>Male</span> 
     </span>
     <span class='ocr_line' id='line_1_14' title="bbox 82 1075 1425 1120; baseline -0.002 -10"><span class='ocrx_word' id='word_1_128' title='bbox 82 1077 402 1110; x_wconf 62' lang='lat' dir='ltr'>Wunnssnmcnms</span> <span class='ocrx_word' id='word_1_129' title='bbox 429 1076 478 1107; x_wconf 76' lang='lat' dir='ltr'>Et</span> <span class='ocrx_word' id='word_1_130' title='bbox 502 1076 669 1119; x_wconf 77' lang='lat' dir='ltr'>probavit,</span> <span class='ocrx_word' id='word_1_131' title='bbox 694 1075 835 1108; x_wconf 90' lang='lat' dir='ltr'>laudans</span> <span class='ocrx_word' id='word_1_132' title='bbox 862 1076 890 1117; x_wconf 91' lang='lat' dir='ltr'>I,</span> <span class='ocrx_word' id='word_1_133' title='bbox 915 1079 949 1117; x_wconf 83' lang='lat'>8,</span> <span class='ocrx_word' id='word_1_134' title='bbox 973 1078 1030 1109; x_wconf 70' lang='lat'>34.</span> <span class='ocrx_word' id='word_1_135' title='bbox 1056 1075 1115 1108; x_wconf 88' lang='lat' dir='ltr'>ubi</span> <span class='ocrx_word' id='word_1_136' title='bbox 1140 1076 1334 1120; x_wconf 74' lang='lat' dir='ltr'>displiceret</span> <span class='ocrx_word' id='word_1_137' title='bbox 1357 1075 1425 1113; x_wconf 67' lang='lat' dir='ltr'>Af,</span> 
     </span>
     <span class='ocr_line' id='line_1_15' title="bbox 82 1139 1427 1184; baseline 0.001 -10"><span class='ocrx_word' id='word_1_138' title='bbox 82 1145 121 1174; x_wconf 84' lang='lat' dir='ltr'>nt</span> <span class='ocrx_word' id='word_1_139' title='bbox 143 1140 175 1174; x_wconf 87' lang='lat' dir='ltr'>h.</span> <span class='ocrx_word' id='word_1_140' title='bbox 196 1142 273 1174; x_wconf 91' lang='lat' dir='ltr'>loco</span> <span class='ocrx_word' id='word_1_141' title='bbox 297 1141 347 1172; x_wconf 86' lang='lat' dir='ltr'>Et</span> <span class='ocrx_word' id='word_1_142' title='bbox 370 1140 451 1174; x_wconf 84' lang='lat' dir='ltr'>ferri</span> <span class='ocrx_word' id='word_1_143' title='bbox 477 1141 596 1183; x_wconf 85' lang='lat' dir='ltr'>nequit</span> <span class='ocrx_word' id='word_1_144' title='bbox 621 1144 761 1184; x_wconf 85' lang='lat' dir='ltr'>propter</span> <span class='ocrx_word' id='word_1_145' title='bbox 785 1139 937 1173; x_wconf 80' lang='lat' dir='ltr'>additum</span> <span class='ocrx_word' id='word_1_146' title='bbox 958 1139 1031 1173; x_wconf 76' lang='lat' dir='ltr'>sine</span> <span class='ocrx_word' id='word_1_147' title='bbox 1051 1146 1097 1174; x_wconf 81' lang='lat' dir='ltr'>te.</span> <span class='ocrx_word' id='word_1_148' title='bbox 1145 1142 1254 1175; x_wconf 92' lang='lat' dir='ltr'>Porro</span> <span class='ocrx_word' id='word_1_149' title='bbox 1279 1151 1427 1184; x_wconf 82' lang='lat' dir='ltr'>regum</span> 
     </span>
     <span class='ocr_line' id='line_1_16' title="bbox 82 1205 1429 1251; baseline -0.003 -9"><span class='ocrx_word' id='word_1_150' title='bbox 82 1219 266 1242; x_wconf 87' lang='lat' dir='ltr'>munera</span> <span class='ocrx_word' id='word_1_151' title='bbox 298 1211 378 1241; x_wconf 83' lang='lat' dir='ltr'>sunt</span> <span class='ocrx_word' id='word_1_152' title='bbox 410 1217 507 1251; x_wconf 86' lang='lat' dir='ltr'>opes.</span> <span class='ocrx_word' id='word_1_153' title='bbox 554 1207 742 1240; x_wconf 69' lang='lat' dir='ltr'>Paopssm.</span> <span class='ocrx_word' id='word_1_154' title='bbox 767 1207 794 1249; x_wconf 87' lang='lat' dir='ltr'>I,</span> <span class='ocrx_word' id='word_1_155' title='bbox 821 1209 878 1249; x_wconf 82' lang='lat'>14,</span> <span class='ocrx_word' id='word_1_156' title='bbox 904 1208 970 1240; x_wconf 80' lang='lat'>24:</span> <span class='ocrx_word' id='word_1_157' title='bbox 1009 1208 1108 1251; x_wconf 76' lang='lat' dir='ltr'>Quae</span> <span class='ocrx_word' id='word_1_158' title='bbox 1133 1207 1218 1239; x_wconf 73' lang='lat' dir='ltr'>milti</span> <span class='ocrx_word' id='word_1_159' title='bbox 1242 1207 1324 1239; x_wconf 71' lang='lat' dir='ltr'>clam</span> <span class='ocrx_word' id='word_1_160' title='bbox 1343 1205 1429 1251; x_wconf 72' lang='lat' dir='ltr'>pla-</span> 
     </span>
     <span class='ocr_line' id='line_1_17' title="bbox 81 1269 1432 1316; baseline -0.002 -11"><span class='ocrx_word' id='word_1_161' title='bbox 81 1280 166 1305; x_wconf 77' lang='lat' dir='ltr'>cata</span> <span class='ocrx_word' id='word_1_162' title='bbox 194 1272 328 1309; x_wconf 80' lang='lat' dir='ltr'>aderit,</span> <span class='ocrx_word' id='word_1_163' title='bbox 361 1284 430 1305; x_wconf 78' lang='lat' dir='ltr'>non</span> <span class='ocrx_word' id='word_1_164' title='bbox 463 1270 541 1304; x_wconf 82' lang='lat' dir='ltr'>ulla</span> <span class='ocrx_word' id='word_1_165' title='bbox 565 1269 706 1304; x_wconf 79' lang='lat' dir='ltr'>verebor</span> <span class='ocrx_word' id='word_1_166' title='bbox 729 1272 856 1316; x_wconf 77' lang='lat' dir='ltr'>Regna</span> <span class='ocrx_word' id='word_1_167' title='bbox 889 1282 952 1303; x_wconf 86' lang='lat' dir='ltr'>nec</span> <span class='ocrx_word' id='word_1_168' title='bbox 975 1270 1120 1305; x_wconf 72' lang='lat' dir='ltr'>Alcinoi</span> <span class='ocrx_word' id='word_1_169' title='bbox 1143 1282 1289 1304; x_wconf 85' lang='lat' dir='ltr'>munera</span> <span class='ocrx_word' id='word_1_170' title='bbox 1314 1270 1432 1315; x_wconf 44' lang='lat' dir='ltr'>despi*</span> 
     </span>
    </p>
   </div>
   <div class='ocr_carea' id='block_1_3' title="bbox 80 1337 1432 1444">
    <p class='ocr_par' dir='ltr' id='par_1_3' title="bbox 80 1337 1432 1444">
     <span class='ocr_line' id='line_1_18' title="bbox 80 1337 1429 1381; baseline -0.001 -9"><span class='ocrx_word' id='word_1_171' title='bbox 80 1351 166 1375; x_wconf 80' lang='lat' dir='ltr'>cere,</span> <span class='ocrx_word' id='word_1_172' title='bbox 193 1350 214 1372; x_wconf 91' lang='lat' dir='ltr'>a</span> <span class='ocrx_word' id='word_1_173' title='bbox 239 1348 306 1381; x_wconf 87' lang='lat' dir='ltr'>quo</span> <span class='ocrx_word' id='word_1_174' title='bbox 331 1341 464 1370; x_wconf 88' lang='lat' dir='ltr'>constat</span> <span class='ocrx_word' id='word_1_175' title='bbox 482 1338 640 1379; x_wconf 85' lang='lat' dir='ltr'>Ulyssem</span> <span class='ocrx_word' id='word_1_176' title='bbox 665 1338 768 1379; x_wconf 83' lang='lat' dir='ltr'>largis</span> <span class='ocrx_word' id='word_1_177' title='bbox 794 1337 890 1370; x_wconf 86' lang='lat' dir='ltr'>donis</span> <span class='ocrx_word' id='word_1_178' title='bbox 916 1337 1090 1373; x_wconf 88' lang='lat' dir='ltr'>donatum.</span> <span class='ocrx_word' id='word_1_179' title='bbox 1137 1339 1294 1381; x_wconf 86' lang='lat' dir='ltr'>Denique</span> <span class='ocrx_word' id='word_1_180' title='bbox 1320 1338 1429 1371; x_wconf 86' lang='lat' dir='ltr'>volo</span> 
     </span>
     <span class='ocr_line' id='line_1_19' title="bbox 83 1400 1432 1444; baseline -0.001 -7"><span class='ocrx_word' id='word_1_181' title='bbox 83 1407 203 1437; x_wconf 86' lang='lat' dir='ltr'>contra</span> <span class='ocrx_word' id='word_1_182' title='bbox 229 1403 390 1437; x_wconf 69' lang='lat' dir='ltr'>vossmnt</span> <span class='ocrx_word' id='word_1_183' title='bbox 416 1400 520 1434; x_wconf 70' lang='lat' dir='ltr'>velim</span> <span class='ocrx_word' id='word_1_184' title='bbox 553 1400 803 1444; x_wconf 85' lang='lat' dir='ltr'>praeferentem</span> <span class='ocrx_word' id='word_1_185' title='bbox 835 1400 989 1434; x_wconf 86' lang='lat' dir='ltr'>defendit</span> <span class='ocrx_word' id='word_1_186' title='bbox 1012 1401 1226 1434; x_wconf 72' lang='lat' dir='ltr'>Huscmuns</span> <span class='ocrx_word' id='word_1_187' title='bbox 1252 1402 1432 1436; x_wconf 87' lang='lat' dir='ltr'>commode</span> 
     </span>
    </p>
   </div>
   <div class='ocr_carea' id='block_1_4' title="bbox 81 1465 1435 2702">
    <p class='ocr_par' dir='ltr' id='par_1_4' title="bbox 81 1465 1435 2173">
     <span class='ocr_line' id='line_1_20' title="bbox 81 1465 1431 1512; baseline -0.001 -10"><span class='ocrx_word' id='word_1_188' title='bbox 81 1468 227 1502; x_wconf 79' lang='lat' dir='ltr'>afferens</span> <span class='ocrx_word' id='word_1_189' title='bbox 254 1468 419 1501; x_wconf 76' lang='lat' dir='ltr'>CORNEL.</span> <span class='ocrx_word' id='word_1_190' title='bbox 455 1466 548 1501; x_wconf 74' lang='lat' dir='ltr'><strong>NEP.</strong></span> <span class='ocrx_word' id='word_1_191' title='bbox 573 1466 650 1509; x_wconf 88' lang='lat' dir='ltr'>XV,</span> <span class='ocrx_word' id='word_1_192' title='bbox 676 1469 718 1500; x_wconf 82' lang='lat'>4:</span> <span class='ocrx_word' id='word_1_193' title='bbox 756 1467 919 1512; x_wconf 74' lang='lat' dir='ltr'>Namque</span> <span class='ocrx_word' id='word_1_194' title='bbox 948 1465 1040 1499; x_wconf 80' lang='lat' dir='ltr'>orbis</span> <span class='ocrx_word' id='word_1_195' title='bbox 1072 1473 1250 1500; x_wconf 80' lang='lat' dir='ltr'>terrarum</span> <span class='ocrx_word' id='word_1_196' title='bbox 1285 1467 1431 1502; x_wconf 73' lang='lat' dir='ltr'>divitias</span> 
     </span>
     <span class='ocr_line' id='line_1_21' title="bbox 82 1530 1428 1578; baseline -0.001 -11"><span class='ocrx_word' id='word_1_197' title='bbox 82 1534 237 1578; x_wconf 78' lang='lat' dir='ltr'>accipere</span> <span class='ocrx_word' id='word_1_198' title='bbox 262 1533 340 1566; x_wconf 82' lang='lat' dir='ltr'>nolo</span> <span class='ocrx_word' id='word_1_199' title='bbox 362 1544 427 1577; x_wconf 76' lang='lat' dir='ltr'>pro</span> <span class='ocrx_word' id='word_1_200' title='bbox 449 1530 592 1576; x_wconf 81' lang='lat' dir='ltr'>patriae</span> <span class='ocrx_word' id='word_1_201' title='bbox 618 1531 785 1565; x_wconf 79' lang='lat' dir='ltr'>caritate.</span> <span class='ocrx_word' id='word_1_202' title='bbox 811 1549 856 1556; x_wconf 87' lang='lat'>——</span> <span class='ocrx_word' id='word_1_203' title='bbox 895 1532 967 1565; x_wconf 84' lang='lat' dir='ltr'>Iam</span> <span class='ocrx_word' id='word_1_204' title='bbox 989 1532 1086 1574; x_wconf 81' lang='lat' dir='ltr'>sequi</span> <span class='ocrx_word' id='word_1_205' title='bbox 1111 1531 1260 1565; x_wconf 80' lang='lat' dir='ltr'>debebat</span> <span class='ocrx_word' id='word_1_206' title='bbox 1285 1532 1428 1566; x_wconf 64' lang='lat' dir='ltr'>felicita-³</span> 
     </span>
     <span class='ocr_line' id='line_1_22' title="bbox 82 1597 1431 1641; baseline 0 -9"><span class='ocrx_word' id='word_1_207' title='bbox 82 1600 126 1632; x_wconf 87' lang='lat' dir='ltr'>tis</span> <span class='ocrx_word' id='word_1_208' title='bbox 149 1601 183 1633; x_wconf 89' lang='lat' dir='ltr'>in</span> <span class='ocrx_word' id='word_1_209' title='bbox 207 1599 366 1641; x_wconf 84' lang='lat' dir='ltr'>coniugio</span> <span class='ocrx_word' id='word_1_210' title='bbox 392 1598 550 1632; x_wconf 75' lang='lat' dir='ltr'>Neaerae</span> <span class='ocrx_word' id='word_1_211' title='bbox 582 1601 740 1641; x_wconf 82' lang='lat' dir='ltr'>speratae</span> <span class='ocrx_word' id='word_1_212' title='bbox 766 1597 953 1641; x_wconf 82' lang='lat' dir='ltr'>descriptio</span> <span class='ocrx_word' id='word_1_213' title='bbox 987 1598 1164 1640; x_wconf 84' lang='lat' dir='ltr'>disertior,</span> <span class='ocrx_word' id='word_1_214' title='bbox 1199 1609 1300 1641; x_wconf 86' lang='lat' dir='ltr'>quam</span> <span class='ocrx_word' id='word_1_215' title='bbox 1335 1599 1431 1632; x_wconf 79' lang='lat' dir='ltr'>clau-</span> 
     </span>
     <span class='ocr_line' id='line_1_23' title="bbox 82 1663 1431 1708; baseline -0.004 -8"><span class='ocrx_word' id='word_1_216' title='bbox 82 1667 184 1700; x_wconf 81' lang='lat' dir='ltr'>sisset</span> <span class='ocrx_word' id='word_1_217' title='bbox 207 1667 294 1700; x_wconf 87' lang='lat' dir='ltr'>bene</span> <span class='ocrx_word' id='word_1_218' title='bbox 318 1664 484 1699; x_wconf 87' lang='lat' dir='ltr'>distichon</span> <span class='ocrx_word' id='word_1_219' title='bbox 510 1664 720 1708; x_wconf 84' lang='lat' dir='ltr'>proximum:</span> <span class='ocrx_word' id='word_1_220' title='bbox 760 1664 788 1694; x_wconf 90' lang='lat' dir='ltr'><em>O</em></span> <span class='ocrx_word' id='word_1_221' title='bbox 813 1663 974 1698; x_wconf 56' lang='lat' dir='ltr'>nit-eam,</span> <span class='ocrx_word' id='word_1_222' title='bbox 1008 1674 1101 1707; x_wconf 76' lang='lat' dir='ltr'>quae</span> <span class='ocrx_word' id='word_1_223' title='bbox 1133 1669 1168 1695; x_wconf 85' lang='lat' dir='ltr'>te</span> <span class='ocrx_word' id='word_1_224' title='bbox 1189 1664 1321 1708; x_wconf 76' lang='lat' dir='ltr'>poterit</span> <span class='ocrx_word' id='word_1_225' title='bbox 1346 1663 1431 1696; x_wconf 56' lang='lat' dir='ltr'>milit³</span> 
     </span>
     <span class='ocr_line' id='line_1_24' title="bbox 84 1729 1434 1774; baseline -0.005 -7"><span class='ocrx_word' id='word_1_226' title='bbox 84 1733 227 1768; x_wconf 80' lang='lat' dir='ltr'>reddere</span> <span class='ocrx_word' id='word_1_227' title='bbox 252 1732 363 1765; x_wconf 79' lang='lat' dir='ltr'>lucem</span> <span class='ocrx_word' id='word_1_228' title='bbox 388 1736 477 1774; x_wconf 88' lang='lat' dir='ltr'>etc.‚</span> <span class='ocrx_word' id='word_1_229' title='bbox 513 1729 799 1774; x_wconf 86' lang='lat' dir='ltr'>quemadmodum</span> <span class='ocrx_word' id='word_1_230' title='bbox 833 1730 867 1762; x_wconf 90' lang='lat' dir='ltr'>in</span> <span class='ocrx_word' id='word_1_231' title='bbox 893 1729 1151 1763; x_wconf 88' lang='lat' dir='ltr'>Introductione</span> <span class='ocrx_word' id='word_1_232' title='bbox 1176 1730 1257 1764; x_wconf 78' lang='lat' dir='ltr'>dixi·</span> <span class='ocrx_word' id='word_1_233' title='bbox 1284 1750 1331 1755; x_wconf 92' lang='lat'>-—</span> <span class='ocrx_word' id='word_1_234' title='bbox 1369 1731 1434 1765; x_wconf 80' lang='lat' dir='ltr'>ni-</span> 
     </span>
     <span class='ocr_line' id='line_1_25' title="bbox 86 1796 1433 1842; baseline -0.004 -8"><span class='ocrx_word' id='word_1_235' title='bbox 86 1811 231 1842; x_wconf 80' lang='lat' dir='ltr'>veam,</span> <span class='ocrx_word' id='word_1_236' title='bbox 279 1799 382 1842; x_wconf 77' lang='lat' dir='ltr'>vulgo</span> <span class='ocrx_word' id='word_1_237' title='bbox 421 1797 598 1832; x_wconf 81' lang='lat' dir='ltr'>candidam</span> <span class='ocrx_word' id='word_1_238' title='bbox 636 1797 764 1830; x_wconf 89' lang='lat' dir='ltr'>dicunt.</span> <span class='ocrx_word' id='word_1_239' title='bbox 821 1796 974 1829; x_wconf 78' lang='lat' dir='ltr'>Insolens</span> <span class='ocrx_word' id='word_1_240' title='bbox 1010 1806 1103 1829; x_wconf 85' lang='lat' dir='ltr'>usus.</span> <span class='ocrx_word' id='word_1_241' title='bbox 1136 1814 1182 1820; x_wconf 89' lang='lat'>—</span> <span class='ocrx_word' id='word_1_242' title='bbox 1226 1806 1337 1839; x_wconf 89' lang='lat' dir='ltr'>quae</span> <span class='ocrx_word' id='word_1_243' title='bbox 1374 1800 1433 1830; x_wconf 88' lang='lat' dir='ltr'>te.</span> 
     </span>
     <span class='ocr_line' id='line_1_26' title="bbox 84 1862 1432 1908; baseline -0.002 -9"><span class='ocrx_word' id='word_1_244' title='bbox 84 1866 256 1899; x_wconf 67' lang='lat' dir='ltr'>vossms:</span> <span class='ocrx_word' id='word_1_245' title='bbox 305 1863 390 1896; x_wconf 83' lang='lat' dir='ltr'>mihi</span> <span class='ocrx_word' id='word_1_246' title='bbox 427 1869 461 1896; x_wconf 75' lang='lat' dir='ltr'>te</span> <span class='ocrx_word' id='word_1_247' title='bbox 495 1862 630 1908; x_wconf 79' lang='lat' dir='ltr'>poterit</span> <span class='ocrx_word' id='word_1_248' title='bbox 668 1874 778 1908; x_wconf 76' lang='lat' dir='ltr'>quae,</span> <span class='ocrx_word' id='word_1_249' title='bbox 817 1873 957 1906; x_wconf 77' lang='lat' dir='ltr'>pravam</span> <span class='ocrx_word' id='word_1_250' title='bbox 993 1863 1242 1907; x_wconf 85' lang='lat' dir='ltr'>oppositionem</span> <span class='ocrx_word' id='word_1_251' title='bbox 1283 1863 1432 1897; x_wconf 84' lang='lat' dir='ltr'>inserens</span> 
     </span>
     <span class='ocr_line' id='line_1_27' title="bbox 87 1929 1435 1972; baseline -0.001 -8"><span class='ocrx_word' id='word_1_252' title='bbox 87 1930 194 1964; x_wconf 83' lang='lat' dir='ltr'>hanc:</span> <span class='ocrx_word' id='word_1_253' title='bbox 221 1940 309 1972; x_wconf 87' lang='lat' dir='ltr'>quae</span> <span class='ocrx_word' id='word_1_254' title='bbox 335 1940 401 1962; x_wconf 90' lang='lat' dir='ltr'>non</span> <span class='ocrx_word' id='word_1_255' title='bbox 427 1930 484 1962; x_wconf 90' lang='lat' dir='ltr'>alii</span> <span class='ocrx_word' id='word_1_256' title='bbox 511 1934 567 1971; x_wconf 86' lang='lat' dir='ltr'>te,</span> <span class='ocrx_word' id='word_1_257' title='bbox 596 1929 656 1962; x_wconf 89' lang='lat' dir='ltr'>sed</span> <span class='ocrx_word' id='word_1_258' title='bbox 682 1929 762 1962; x_wconf 82' lang='lat' dir='ltr'>mihi</span> <span class='ocrx_word' id='word_1_259' title='bbox 787 1929 925 1971; x_wconf 82' lang='lat' dir='ltr'>reddet3</span> <span class='ocrx_word' id='word_1_260' title='bbox 951 1929 1042 1972; x_wconf 89' lang='lat' dir='ltr'>quod</span> <span class='ocrx_word' id='word_1_261' title='bbox 1068 1929 1171 1962; x_wconf 82' lang='lat' dir='ltr'>nihili.</span> <span class='ocrx_word' id='word_1_262' title='bbox 1222 1929 1435 1963; x_wconf 82' lang='lat' dir='ltr'>Collocatio-</span> 
     </span>
     <span class='ocr_line' id='line_1_28' title="bbox 87 1997 1433 2041; baseline -0.001 -10"><span class='ocrx_word' id='word_1_263' title='bbox 87 2007 148 2031; x_wconf 90' lang='lat' dir='ltr'>nes</span> <span class='ocrx_word' id='word_1_264' title='bbox 173 1997 355 2030; x_wconf 81' lang='lat' dir='ltr'>verborum</span> <span class='ocrx_word' id='word_1_265' title='bbox 381 1998 495 2031; x_wconf 86' lang='lat' dir='ltr'>nullae</span> <span class='ocrx_word' id='word_1_266' title='bbox 521 1998 679 2041; x_wconf 86' lang='lat' dir='ltr'>poeticae</span> <span class='ocrx_word' id='word_1_267' title='bbox 704 2000 804 2039; x_wconf 80' lang='lat' dir='ltr'>sunt,</span> <span class='ocrx_word' id='word_1_268' title='bbox 840 2007 928 2040; x_wconf 86' lang='lat' dir='ltr'>quae</span> <span class='ocrx_word' id='word_1_269' title='bbox 953 2007 1019 2030; x_wconf 90' lang='lat' dir='ltr'>non</span> <span class='ocrx_word' id='word_1_270' title='bbox 1045 1997 1142 2030; x_wconf 88' lang='lat' dir='ltr'>simul</span> <span class='ocrx_word' id='word_1_271' title='bbox 1168 1999 1354 2030; x_wconf 85' lang='lat' dir='ltr'>sententiae</span> <span class='ocrx_word' id='word_1_272' title='bbox 1379 2008 1433 2030; x_wconf 86' lang='lat' dir='ltr'>ra—</span> 
     </span>
     <span class='ocr_line' id='line_1_29' title="bbox 84 2063 1434 2108; baseline 0 -12"><span class='ocrx_word' id='word_1_273' title='bbox 84 2064 168 2097; x_wconf 82' lang='lat' dir='ltr'>tioni</span> <span class='ocrx_word' id='word_1_274' title='bbox 194 2064 414 2097; x_wconf 82' lang='lat' dir='ltr'>conveniunt.</span> <span class='ocrx_word' id='word_1_275' title='bbox 438 2082 484 2088; x_wconf 96' lang='lat'><strong>—</strong></span> <span class='ocrx_word' id='word_1_276' title='bbox 525 2074 638 2106; x_wconf 88' lang='lat' dir='ltr'>quae</span> <span class='ocrx_word' id='word_1_277' title='bbox 665 2064 840 2108; x_wconf 90' lang='lat' dir='ltr'>poterit</span> <span class='ocrx_word' id='word_1_278' title='bbox 865 2063 1073 2105; x_wconf 84' lang='lat' dir='ltr'>reddere,</span> <span class='ocrx_word' id='word_1_279' title='bbox 1099 2074 1186 2106; x_wconf 87' lang='lat' dir='ltr'>quae</span> <span class='ocrx_word' id='word_1_280' title='bbox 1210 2063 1347 2097; x_wconf 79' lang='lat' dir='ltr'>efficere</span> <span class='ocrx_word' id='word_1_281' title='bbox 1375 2073 1434 2096; x_wconf 75' lang='lat' dir='ltr'>va-</span> 
     </span>
     <span class='ocr_line' id='line_1_30' title="bbox 84 2128 1155 2173; baseline -0.003 -9"><span class='ocrx_word' id='word_1_282' title='bbox 84 2129 169 2164; x_wconf 87' lang='lat' dir='ltr'>lebit</span> <span class='ocrx_word' id='word_1_283' title='bbox 194 2134 232 2163; x_wconf 88' lang='lat' dir='ltr'>ut</span> <span class='ocrx_word' id='word_1_284' title='bbox 258 2129 396 2171; x_wconf 84' lang='lat' dir='ltr'>redeas,</span> <span class='ocrx_word' id='word_1_285' title='bbox 421 2129 466 2163; x_wconf 87' lang='lat' dir='ltr'>cf.</span> <span class='ocrx_word' id='word_1_286' title='bbox 492 2129 535 2162; x_wconf 90' lang='lat' dir='ltr'>ad</span> <span class='ocrx_word' id='word_1_287' title='bbox 560 2130 586 2172; x_wconf 92' lang='lat' dir='ltr'>I,</span> <span class='ocrx_word' id='word_1_288' title='bbox 611 2133 645 2171; x_wconf 81' lang='lat'>7,</span> <span class='ocrx_word' id='word_1_289' title='bbox 670 2132 704 2162; x_wconf 87' lang='lat'>3.</span> <span class='ocrx_word' id='word_1_290' title='bbox 730 2128 761 2163; x_wconf 72' lang='lat'>11.</span> <span class='ocrx_word' id='word_1_291' title='bbox 789 2140 820 2163; x_wconf 92' lang='lat' dir='ltr'>e.</span> <span class='ocrx_word' id='word_1_292' title='bbox 845 2140 913 2173; x_wconf 92' lang='lat' dir='ltr'>quo</span> <span class='ocrx_word' id='word_1_293' title='bbox 938 2129 994 2163; x_wconf 91' lang='lat' dir='ltr'>die</span> <span class='ocrx_word' id='word_1_294' title='bbox 1018 2128 1155 2162; x_wconf 86' lang='lat' dir='ltr'>redibis.</span> 
     </span>
    </p>

    <p class='ocr_par' dir='ltr' id='par_1_5' title="bbox 87 2193 1435 2439">
     <span class='ocr_line' id='line_1_31' title="bbox 179 2193 1435 2230; baseline -0.002 -1"><span class='ocrx_word' id='word_1_295' title='bbox 179 2197 224 2230; x_wconf 79' lang='lat' dir='ltr'>V.</span> <span class='ocrx_word' id='word_1_296' title='bbox 257 2196 396 2230; x_wconf 76' lang='lat' dir='ltr'>27-ad</span> <span class='ocrx_word' id='word_1_297' title='bbox 433 2197 547 2230; x_wconf 84' lang='lat' dir='ltr'>finem.</span> <span class='ocrx_word' id='word_1_298' title='bbox 606 2196 718 2230; x_wconf 87' lang='lat' dir='ltr'>Pars</span> <span class='ocrx_word' id='word_1_299' title='bbox 760 2197 910 2230; x_wconf 86' lang='lat' dir='ltr'>altera</span> <span class='ocrx_word' id='word_1_300' title='bbox 957 2194 1180 2229; x_wconf 67' lang='lat' dir='ltr'>carminis</span> <span class='ocrx_word' id='word_1_301' title='bbox 1241 2194 1294 2227; x_wconf 79' lang='lat' dir='ltr'>At</span> <span class='ocrx_word' id='word_1_302' title='bbox 1336 2193 1435 2227; x_wconf 80' lang='lat' dir='ltr'>sine</span> 
     </span>
     <span class='ocr_line' id='line_1_32' title="bbox 87 2261 1434 2307; baseline -0.004 -9"><span class='ocrx_word' id='word_1_303' title='bbox 87 2264 265 2298; x_wconf 70' lang='lat' dir='ltr'>Neaera</span> <span class='ocrx_word' id='word_1_304' title='bbox 290 2274 341 2297; x_wconf 91' lang='lat' dir='ltr'>ne</span> <span class='ocrx_word' id='word_1_305' title='bbox 366 2273 474 2307; x_wconf 87' lang='lat' dir='ltr'>opes</span> <span class='ocrx_word' id='word_1_306' title='bbox 499 2263 677 2306; x_wconf 89' lang='lat' dir='ltr'>quidem</span> <span class='ocrx_word' id='word_1_307' title='bbox 702 2264 882 2306; x_wconf 84' lang='lat' dir='ltr'>iuvare,</span> <span class='ocrx_word' id='word_1_308' title='bbox 914 2273 1007 2297; x_wconf 90' lang='lat' dir='ltr'>cum</span> <span class='ocrx_word' id='word_1_309' title='bbox 1032 2273 1081 2297; x_wconf 90' lang='lat' dir='ltr'>ea</span> <span class='ocrx_word' id='word_1_310' title='bbox 1114 2261 1434 2296; x_wconf 84' lang='lat' dir='ltr'>felicissimum</span> 
     </span>
     <span class='ocr_line' id='line_1_33' title="bbox 87 2327 1435 2372; baseline -0.002 -9"><span class='ocrx_word' id='word_1_311' title='bbox 87 2340 134 2364; x_wconf 88' lang='lat' dir='ltr'>se</span> <span class='ocrx_word' id='word_1_312' title='bbox 166 2339 403 2372; x_wconf 88' lang='lat' dir='ltr'>pauperem</span> <span class='ocrx_word' id='word_1_313' title='bbox 438 2328 559 2370; x_wconf 78' lang='lat' dir='ltr'>fore3</span> <span class='ocrx_word' id='word_1_314' title='bbox 592 2328 757 2371; x_wconf 88' lang='lat' dir='ltr'>quodsi</span> <span class='ocrx_word' id='word_1_315' title='bbox 794 2329 884 2362; x_wconf 86' lang='lat' dir='ltr'>sata</span> <span class='ocrx_word' id='word_1_316' title='bbox 918 2327 1115 2362; x_wconf 68' lang='lat' dir='ltr'>reditum</span> <span class='ocrx_word' id='word_1_317' title='bbox 1151 2327 1330 2372; x_wconf 85' lang='lat' dir='ltr'>puellae</span> <span class='ocrx_word' id='word_1_318' title='bbox 1365 2336 1435 2360; x_wconf 82' lang='lat' dir='ltr'>ue-</span> 
     </span>
     <span class='ocr_line' id='line_1_34' title="bbox 88 2392 973 2439; baseline -0.002 -10"><span class='ocrx_word' id='word_1_319' title='bbox 88 2399 222 2439; x_wconf 86' lang='lat' dir='ltr'>gent,</span> <span class='ocrx_word' id='word_1_320' title='bbox 249 2398 436 2428; x_wconf 85' lang='lat' dir='ltr'>mortem</span> <span class='ocrx_word' id='word_1_321' title='bbox 460 2403 507 2427; x_wconf 85' lang='lat' dir='ltr'>se</span> <span class='ocrx_word' id='word_1_322' title='bbox 532 2393 626 2426; x_wconf 90' lang='lat' dir='ltr'>sibi</span> <span class='ocrx_word' id='word_1_323' title='bbox 651 2396 815 2436; x_wconf 88' lang='lat' dir='ltr'>optare</span> <span class='ocrx_word' id='word_1_324' title='bbox 841 2392 973 2427; x_wconf 85' lang='lat' dir='ltr'>dicit.</span> 
     </span>
    </p>

    <p class='ocr_par' dir='ltr' id='par_1_6' title="bbox 89 2456 1434 2702">
     <span class='ocr_line' id='line_1_35' title="bbox 183 2456 1433 2504; baseline -0.003 -10"><span class='ocrx_word' id='word_1_325' title='bbox 183 2461 225 2494; x_wconf 82' lang='lat' dir='ltr'>V.</span> <span class='ocrx_word' id='word_1_326' title='bbox 251 2463 296 2493; x_wconf 77' lang='lat'>27</span> <span class='ocrx_word' id='word_1_327' title='bbox 321 2471 394 2503; x_wconf 86' lang='lat' dir='ltr'>sqq.</span> <span class='ocrx_word' id='word_1_328' title='bbox 422 2470 504 2504; x_wconf 91' lang='lat' dir='ltr'>pro</span> <span class='ocrx_word' id='word_1_329' title='bbox 530 2459 656 2493; x_wconf 89' lang='lat' dir='ltr'>dulci</span> <span class='ocrx_word' id='word_1_330' title='bbox 682 2459 864 2502; x_wconf 88' lang='lat' dir='ltr'>reditu,</span> <span class='ocrx_word' id='word_1_331' title='bbox 891 2461 963 2494; x_wconf 83' lang='lat' dir='ltr'>scii.</span> <span class='ocrx_word' id='word_1_332' title='bbox 988 2460 1020 2493; x_wconf 89' lang='lat' dir='ltr'>in</span> <span class='ocrx_word' id='word_1_333' title='bbox 1045 2459 1189 2503; x_wconf 82' lang='lat' dir='ltr'>gratiam</span> <span class='ocrx_word' id='word_1_334' title='bbox 1215 2462 1250 2492; x_wconf 88' lang='lat' dir='ltr'>et</span> <span class='ocrx_word' id='word_1_335' title='bbox 1272 2456 1315 2491; x_wconf 86' lang='lat' dir='ltr'>ad</span> <span class='ocrx_word' id='word_1_336' title='bbox 1341 2458 1433 2501; x_wconf 86' lang='lat' dir='ltr'>prio-</span> 
     </span>
     <span class='ocr_line' id='line_1_36' title="bbox 89 2524 1434 2569; baseline -0.002 -11"><span class='ocrx_word' id='word_1_337' title='bbox 89 2535 145 2558; x_wconf 86' lang='lat' dir='ltr'>res</span> <span class='ocrx_word' id='word_1_338' title='bbox 169 2535 290 2559; x_wconf 83' lang='lat' dir='ltr'>sensus</span> <span class='ocrx_word' id='word_1_339' title='bbox 313 2526 448 2558; x_wconf 82' lang='lat' dir='ltr'>amoris.</span> <span class='ocrx_word' id='word_1_340' title='bbox 499 2525 687 2569; x_wconf 83' lang='lat' dir='ltr'>I&#39;crperam</span> <span class='ocrx_word' id='word_1_341' title='bbox 713 2525 849 2568; x_wconf 91' lang='lat' dir='ltr'>quidam</span> <span class='ocrx_word' id='word_1_342' title='bbox 875 2526 918 2560; x_wconf 90' lang='lat' dir='ltr'>de</span> <span class='ocrx_word' id='word_1_343' title='bbox 945 2526 1065 2559; x_wconf 86' lang='lat' dir='ltr'>itinere</span> <span class='ocrx_word' id='word_1_344' title='bbox 1091 2530 1125 2560; x_wconf 92' lang='lat' dir='ltr'>et</span> <span class='ocrx_word' id='word_1_345' title='bbox 1146 2526 1298 2559; x_wconf 85' lang='lat' dir='ltr'>discessu</span> <span class='ocrx_word' id='word_1_346' title='bbox 1319 2524 1434 2557; x_wconf 51' lang='lat' dir='ltr'>Neam</span> 
     </span>
     <span class='ocr_line' id='line_1_37' title="bbox 92 2593 1434 2638; baseline -0.004 -12"><span class='ocrx_word' id='word_1_347' title='bbox 92 2603 149 2626; x_wconf 88' lang='lat' dir='ltr'>rae</span> <span class='ocrx_word' id='word_1_348' title='bbox 175 2593 346 2636; x_wconf 85' lang='lat' dir='ltr'>cogitant,</span> <span class='ocrx_word' id='word_1_349' title='bbox 368 2593 462 2636; x_wconf 86' lang='lat' dir='ltr'>quasi</span> <span class='ocrx_word' id='word_1_350' title='bbox 489 2603 566 2626; x_wconf 85' lang='lat' dir='ltr'>cum</span> <span class='ocrx_word' id='word_1_351' title='bbox 593 2597 699 2626; x_wconf 72' lang='lat' dir='ltr'>matre</span> <span class='ocrx_word' id='word_1_352' title='bbox 725 2593 847 2626; x_wconf 86' lang='lat' dir='ltr'>abierit</span> <span class='ocrx_word' id='word_1_353' title='bbox 873 2594 1003 2635; x_wconf 80' lang='lat' dir='ltr'>Roma,</span> <span class='ocrx_word' id='word_1_354' title='bbox 1027 2594 1118 2638; x_wconf 87' lang='lat' dir='ltr'>quod</span> <span class='ocrx_word' id='word_1_355' title='bbox 1144 2593 1292 2638; x_wconf 78' lang='lat' dir='ltr'>explosit</span> <span class='ocrx_word' id='word_1_356' title='bbox 1316 2593 1434 2625; x_wconf 59' lang='lat' dir='ltr'>Spon-</span> 
     </span>
     <span class='ocr_line' id='line_1_38' title="bbox 91 2658 1433 2702; baseline -0.001 -11"><span class='ocrx_word' id='word_1_357' title='bbox 91 2668 175 2692; x_wconf 60' lang='lat' dir='ltr'>sms</span> <span class='ocrx_word' id='word_1_358' title='bbox 212 2658 354 2693; x_wconf 73' lang='lat' dir='ltr'>Dissert.</span> <span class='ocrx_word' id='word_1_359' title='bbox 381 2658 406 2692; x_wconf 86' lang='lat'>1.</span> <span class='ocrx_word' id='word_1_360' title='bbox 443 2670 474 2702; x_wconf 85' lang='lat' dir='ltr'>p.</span> <span class='ocrx_word' id='word_1_361' title='bbox 507 2660 565 2693; x_wconf 70' lang='lat'>521.</span> <span class='ocrx_word' id='word_1_362' title='bbox 627 2658 712 2693; x_wconf 65' lang='lat' dir='ltr'>vide</span> <span class='ocrx_word' id='word_1_363' title='bbox 748 2659 847 2694; x_wconf 80' lang='lat' dir='ltr'>modo</span> <span class='ocrx_word' id='word_1_364' title='bbox 885 2669 914 2693; x_wconf 82' lang='lat' dir='ltr'>v.</span> <span class='ocrx_word' id='word_1_365' title='bbox 950 2662 1015 2694; x_wconf 79' lang='lat'>35:</span> <span class='ocrx_word' id='word_1_366' title='bbox 1065 2660 1145 2692; x_wconf 68' lang='lat' dir='ltr'>Aac</span> <span class='ocrx_word' id='word_1_367' title='bbox 1184 2659 1214 2693; x_wconf 79' lang='lat' dir='ltr'>si</span> <span class='ocrx_word' id='word_1_368' title='bbox 1253 2658 1335 2699; x_wconf 76' lang='lat' dir='ltr'>fala</span> <span class='ocrx_word' id='word_1_369' title='bbox 1375 2668 1433 2687; x_wconf 67' lang='lat' dir='ltr'>nc·</span> 
     </span>
    </p>
   </div>
   <div class='ocr_carea' id='block_1_5' title="bbox 1039 2732 1088 2763">
    <p class='ocr_par' dir='ltr' id='par_1_7' title="bbox 1039 2732 1088 2763">
     <span class='ocr_line' id='line_1_39' title="bbox 1039 2732 1088 2763; baseline 0 -1"><span class='ocrx_word' id='word_1_370' title='bbox 1039 2732 1088 2763; x_wconf 72' lang='lat'>&#39;213</span> 
     </span>
    </p>
   </div>
  </div>
 </body>
</html>
