1721 2953
511 161 655 200 Llssss.
686 160 737 199 11.
794 160 952 201 ELEG.
982 162 1055 202 VI.
1359 167 1439 202 305

96 276 211 310 feret?
260 276 336 310 Non
371 280 424 309 est
455 275 629 309 credibile.
680 276 730 309 An
767 276 940 310 revocabit
976 288 1053 312 eum
1091 289 1109 312 e
1145 279 1236 312 bello
1262 278 1439 313 desideriis

94 343 246 376 amoris?
294 342 449 376 Suaserit
474 340 537 374 hoc
563 341 684 383 aliquis
709 341 784 374 deo.
835 343 872 374 Si
899 347 1012 377 tamen
1039 344 1117 378 huic
1142 344 1231 378 aliud
1257 345 1435 388 placuerit,

95 411 125 443 si
150 408 341 451 neglexerit
366 407 543 448 Macrum,
581 411 615 440 et
642 408 765 440 liberos
791 408 909 440 videro
936 410 1058 443 milites
1084 422 1159 443 esse
1186 412 1326 454 imperio
1351 412 1434 453 eius⁹

96 474 209 516 quidni
245 477 280 505 et
311 473 384 515 ipse
417 482 516 514 quam
551 473 695 516 primum
729 475 825 506 miles
860 476 957 516 fiam,
994 482 1030 509 ut
1065 479 1224 519 effugiam
1262 489 1438 512 aerumnas

96 538 248 571 amoris?
307 537 353 570 Et
386 538 540 581 profecto
574 538 621 571 ita
656 538 798 580 faciam3
837 545 950 572 castra
976 546 1073 584 peto,
1111 545 1246 576 valeant
1271 545 1442 587 puellae.“

96 604 166 637 Sed
193 615 273 637 ecce
301 604 357 647 (ut
380 605 493 637 statim
519 604 641 636 addam
668 605 843 647 proxima)
871 610 1009 648 repente
1036 608 1178 640 mutabit
1204 609 1326 642 iterum
1353 608 1437 642 lianc

94 671 315 712 sententiam,
348 670 532 703 recordans
567 670 702 703 nimiam
738 681 813 703 esse
850 671 913 703 vim
942 674 1066 705 amoris
1096 674 1127 706 in
1155 685 1231 707 sese
1257 685 1320 708 nec
1345 675 1439 709 abire

95 747 132 769 se
158 748 268 780 posse.
319 738 434 772 Quare
460 736 541 770 nihil
566 738 631 769 iam
662 742 768 771 restat
794 748 892 780 quam
928 743 964 771 ut
998 746 1133 774 maneat
1171 746 1206 774 et
1240 747 1375 786 speret,
1412 745 1440 776 si

98 802 186 835 forte
221 803 310 836 ssecti
346 803 452 845 possit
487 802 653 836 Nemesis.
705 803 809 837 Vides
845 815 979 838 cursum
1014 817 1124 839 rerum
1160 808 1201 840 ad
1237 808 1443 843 dramaticae

97 871 179 902 artis
210 870 464 903 similitudinem
498 870 738 914 compositum.
789 871 865 904 Hoc
900 874 988 906 enim
1016 874 1104 907 inter
1136 876 1218 909 istas
1252 876 1294 911 de
1330 878 1442 912 Macri

96 936 310 979 profectione
335 937 560 979 cogitationes
585 939 747 981 paulatim
775 949 916 971 nascens
952 941 1129 974 consilium
1164 943 1330 985 abeundi,
1370 949 1442 979 tum

94 1003 231 1035 fortiter
255 1007 412 1046 captum,
448 1014 528 1037 mox
555 1015 636 1037 vero
662 1006 783 1038 iterum
811 1007 1001 1048 abiectum,
1039 1009 1119 1050 qnid
1147 1014 1199 1042 est
1223 1010 1314 1043 aliud
1341 1022 1441 1054 quam

95 1069 208 1111 imago
237 1071 337 1103 animi
364 1069 428 1104 huc
452 1072 531 1105 illuc
555 1073 773 1115 fluctuantis,
809 1078 845 1105 ut
878 1085 954 1107 cum
979 1075 1012 1106 in
1039 1086 1142 1108 scena
1168 1087 1222 1109 res
1246 1078 1332 1110 fiunt
1360 1083 1439 1111 ante

96 1136 214 1167 oculos
239 1137 402 1169 nostros?
452 1139 564 1178 Atque
589 1137 622 1169 in
647 1136 732 1170 lianc
759 1148 828 1170 rem
857 1149 937 1171 usus
971 1144 1074 1182 poeta
1100 1147 1151 1173 est
1176 1142 1284 1174 Macri
1311 1153 1440 1186 nupero

96 1199 267 1243 discessu,
301 1202 357 1243 qui
393 1201 479 1234 haud
515 1203 616 1235 dubie
647 1204 774 1235 amicus
814 1205 886 1236 eius
922 1204 997 1237 suit.
1048 1206 1207 1240 Ceterum
1235 1209 1440 1241 mutationes

96 1268 297 1309 sententiae,
323 1269 453 1301 consilii
480 1270 580 1302 etiam
607 1270 640 1302 in
667 1271 742 1303 aliis
769 1271 918 1304 exordiis
944 1272 1108 1313 vidimus3
1141 1278 1251 1307 tamen
1275 1275 1441 1318 propositi

96 1335 253 1366 carminis
278 1335 444 1374 introitus,
474 1334 562 1375 quod
588 1336 745 1368 ultimum
772 1337 906 1369 videtur
931 1348 950 1369 a
975 1341 1078 1380 poeta
1104 1340 1279 1381 scriptum,
1315 1341 1439 1373 ceteris

95 1399 128 1431 in
156 1397 218 1431 hoc
244 1409 370 1441 genere
397 1399 614 1431 artificiosior
641 1404 703 1432 est.
729 1419 777 1425 —
811 1401 851 1434 V.
879 1403 919 1432 11
948 1411 1022 1443 sqq.
1072 1403 1236 1443 Magna
1265 1405 1441 1446 loquor,

94 1465 232 1506 glorior.
290 1465 384 1498 Idem
423 1469 476 1498 est
509 1465 696 1511 magnifice
730 1466 846 1512 loqui,
885 1471 920 1500 et
955 1468 1046 1510 quod
1083 1480 1144 1512 per
1175 1472 1440 1506 cumulationem

94 1529 153 1571 (cf.
179 1529 220 1562 ad
250 1530 277 1571 Ι,
303 1533 336 1572 5,
364 1530 435 1573 65.)
473 1530 616 1572 dicitur,
653 1532 839 1576 magnifice
873 1544 1003 1577 magna
1031 1533 1139 1580 loqui.
1192 1536 1278 1570 Vide
1313 1537 1355 1570 de
1391 1536 1441 1570 his

94 1596 323 1629 locutionibus
349 1597 640 1631 Bnoucxnusmm
668 1602 702 1631 et
728 1600 899 1631 Vurmmu
929 1599 969 1632 ad
996 1599 1084 1634 hunc
1108 1602 1220 1635 locum
1246 1605 1281 1635 et
1306 1604 1442 1636 Pissa-

94 1673 234 1695 mmmm
271 1663 313 1696 ad
350 1664 506 1706 Propert.
542 1664 586 1704 11,
616 1668 669 1705 19,
695 1668 751 1697 71.
790 1666 945 1698 laudatos
983 1667 1084 1699 etiam
1120 1669 1162 1700 ab
1198 1669 1369 1711 Hermo,
1407 1675 1441 1702 et

98 1730 453 1762 Mnrscunmacnmm
478 1729 519 1761 ad
545 1729 667 1762 Horat.
695 1730 754 1771 lV,
781 1733 814 1771 6,
833 1733 865 1763 2.
917 1731 1133 1765 Contrarium
1160 1732 1272 1765 verbis
1298 1734 1442 1766 minori--

97 1794 161 1828 bns
187 1795 260 1831 uti,
293 1796 401 1829 OVID.
426 1796 511 1830 Met.
539 1796 598 1837 VI,
628 1799 705 1829 151.
756 1798 881 1830 Graeci
908 1802 1072 1841 usurpant
1095 1799 1181 1840 μέγα
1208 1800 1328 1838 εἰπεῖν,
1355 1804 1440 1842 μέγα

95 1864 308 1901 μυθεῖσθαι,
334 1858 473 1903 μεγάλοι
496 1857 606 1902 λόγοι,
632 1858 761 1904 μεγάλη
785 1862 940 1902 γλῶσσα,
965 1863 1213 1907 μὸγαληγορία,
1239 1865 1380 1907 similia,
1404 1872 1442 1898 ut

97 1931 240 1960 constat.
258 1945 300 1951 —
330 1927 468 1959 fortia
493 1927 632 1959 verba
659 1926 711 1959 hic
737 1931 826 1968 sunt,
852 1938 939 1969 quae
964 1928 1127 1961 audacem
1153 1931 1298 1963 animum
1325 1936 1443 1964 osten-

97 1992 201 2033 dunt,
236 1996 395 2025 monente
419 1992 728 2025 WUNDERchmo.
779 1992 963 2025 Confertur
986 1993 1173 2027 Pnopnnrr.
1199 1995 1227 2037 Ι,
1252 1998 1287 2037 5,
1315 1999 1370 2029 14.
1397 2015 1442 2022 --

95 2058 361 2092 Excutiunt.
405 2059 533 2093 CICER.
559 2069 621 2102 pro
648 2059 733 2092 Sull.
760 2070 790 2092 c.
816 2062 857 2092 8:
894 2059 956 2104 qui
985 2060 1018 2092 si
1041 2061 1234 2094 attulerint
1258 2075 1381 2096 nemos
1406 2069 1443 2095 et

95 2124 327 2176 indust-riam,
365 2124 451 2157 milti
476 2124 592 2164 crede,
627 2125 807 2156 eavutient
837 2124 902 2156 tihi
925 2125 1033 2159 istam
1059 2127 1243 2161 verboram
1272 2129 1442 2162 iactatio-

95 2201 190 2226 nem,
216 2191 374 2224 laudante
403 2191 555 2224 Hermo
582 2195 616 2224 et
643 2192 923 2236 Bnoncxnnsm,
949 2196 1007 2237 qui
1033 2196 1134 2229 etiam
1160 2197 1245 2229 alios
1271 2198 1364 2230 locos
1389 2197 1442 2230 af·-

96 2256 172 2290 fert.
222 2258 325 2291 Addit
359 2258 571 2292 Huscnxms
606 2259 728 2294 Aesch.
764 2260 937 2295 Prometh.
964 2265 1054 2295 358:
1097 2260 1132 2299 ὃς
1158 2261 1263 2296 αιῗτδν
1291 2265 1442 2308 ἐξέπληξε

94 2325 162 2356 τῶν
188 2320 370 2368 ῑῖψηγόρων
395 2323 657 2363 κομπασμάτων.
717 2328 877 2361 Ceterum
903 2339 996 2361 mens
1021 2329 1148 2364 Tibulli
1176 2330 1276 2365 haec:
1313 2332 1441 2373 Magna

96 2390 232 2432 quidem
269 2389 321 2423 hic
360 2391 500 2433 loquor,
548 2391 607 2424 sed
645 2396 758 2425 tamen
795 2404 861 2425 non
899 2394 1072 2436 perficiam
1107 2406 1199 2437 rem3
1238 2398 1441 2439 gloriantem

96 2456 197 2488 etiam
225 2455 405 2489 fortissime
431 2458 523 2501 ipsae
550 2459 685 2492 clausae
712 2459 823 2501 fores,
858 2471 946 2503 quae
972 2462 1047 2494 aliis
1073 2462 1220 2496 animum
1247 2463 1371 2497 addant
1397 2465 1440 2497 ad

99 2522 310 2564 abeundum,
344 2523 520 2557 retrahunt
544 2536 680 2569 semper
708 2528 840 2569 magica
866 2527 1010 2570 quadam
1036 2529 1079 2562 vi.
1106 2547 1151 2553 —-
1188 2529 1342 2562 Iuravi
1377 2540 1440 2561 re-

99 2588 305 2622 diturum.
356 2591 408 2623 De
434 2591 616 2624 omissione
643 2593 851 2634 pronominis
878 2596 954 2635 post
982 2593 1047 2626 alia
1076 2593 1180 2627 verba
1206 2595 1348 2627 vidimus
1374 2594 1437 2625 iam

97 2662 198 2695 supra
224 2653 250 2695 Ι,
276 2656 309 2695 3,
333 2656 399 2696 273
435 2653 498 2689 hoc
524 2656 599 2689 loco
626 2655 837 2690 Huscmzms
863 2656 964 2692 docte
991 2659 1111 2702 probat
1144 2659 1308 2703 imprimis
1339 2660 1440 2691 etiam

1046 2730 1065 2763 2
1072 2732 1096 2761 s)
