1721 2953
460 133 604 172 Lffln.
636 133 665 171 1.
728 130 886 170 ELILG.
918 132 989 171 lx.
1327 134 1401 167 is·

59 257 132 280 cum
161 250 248 291 turpi
277 258 403 291 puero,
442 246 612 279 renuntiat
639 243 757 277 foedus
782 244 915 276 amoris.
969 244 1038 276 Cur
1066 242 1235 277 Hermus
1261 240 1324 275 hoc
1352 242 1397 273 di-

56 313 189 347 sticllon
227 314 371 346 alienum
408 312 554 354 iudicet,
592 322 668 345 cum
704 311 779 344 aliis
813 320 879 343 non
914 311 1089 353 intelligo3
1134 309 1280 342 maxime
1315 308 1402 340 enim

57 382 318 412 consentaneum
344 378 444 411 etiam
471 387 579 421 puero
605 386 749 420 poenam
777 375 925 410 decerni.
973 376 1086 419 Atque
1111 375 1242 418 agitare
1267 376 1402 418 poetam

55 443 234 478 discidium
266 444 367 476 etiam
394 444 426 476 in
452 444 519 476 fine
544 441 753 483 videbimus,
787 440 844 473 ubi
870 441 1022 484 pluribus
1047 441 1198 485 explicat
1220 448 1290 472 rem
1316 448 1403 470 nunc

55 508 205 543 breviter
235 508 426 542 indicatam.
485 508 557 541 Sed
591 507 647 541 adi
673 507 986 549 Introductionem',
1022 507 1080 541 ubi
1106 507 1273 551 poeticam
1301 506 1406 539 ratio-

55 585 132 609 nem
158 574 274 609 barum
298 586 409 609 rerum
435 574 547 609 docui.
573 593 618 599 -—
656 575 698 608 V.
724 577 770 608 53
796 585 870 617 sqq.
919 575 1084 617 Sequitur
1107 572 1317 617 corruptoris
1342 573 1405 605 im-

56 642 228 686 precatio,
253 641 295 675 de
319 653 385 685 qua
412 641 476 675 boc
501 646 599 674 tene:
637 640 792 675 Vidimus
817 641 883 673 iam
909 640 1046 683 saepius
1071 640 1104 673 in
1128 638 1408 673 antecedentibus

55 718 183 752 poenas
219 709 348 753 optime
385 707 659 742 accommodatas
696 706 912 748 criminibus,
949 710 1052 749 atque
1087 704 1150 739 hoc
1183 706 1285 739 etiam
1319 714 1407 737 nunc

57 773 196 808 factum.
247 776 346 811 Quae
372 774 461 808 enim
487 773 744 807 convenientior
779 782 890 816 poena
923 771 1115 815 corruptori
1152 771 1268 814 pueri,
1306 780 1406 812 quam

57 845 95 874 ut
122 841 208 875 alius
240 842 272 875 ei
308 842 464 875 similiter
488 850 632 873 uxorem
657 839 884 883 corrumpat?
935 839 1045 880 Hinc,
1080 838 1254 880 adultera,
1287 836 1408 879 inquit,

56 913 131 942 esto
155 919 244 943 uxor
269 913 326 942 tua
348 919 411 942 nec
437 908 560 942 cedere
593 908 676 941 velit
700 907 810 940 sorori
835 911 914 940 tuae
942 905 1098 950 pessimis
1123 904 1318 938 libidinibus
1345 903 1407 936 de-

57 973 159 1017 ditae,
183 975 298 1017 immo,
322 976 446 1019 pergit,
471 976 537 1009 iam
564 974 661 1008 adest
690 974 752 1007 tibi
778 984 889 1018 poena
914 972 1018 1014 haec3
1053 976 1188 1006 constat
1213 972 1302 1005 enim
1327 969 1407 1004 mibi

56 1041 159 1074 certis
192 1041 298 1083 signis
331 1052 474 1075 uxorem
511 1046 602 1075 tuam
640 1041 705 1075 iam
741 1040 867 1075 babere
901 1051 999 1074 usum
1032 1040 1192 1072 furtivum
1228 1049 1305 1072 cum
1341 1037 1409 1070 alio

57 1105 142 1139 viro.
192 1106 288 1141 Haec
313 1108 555 1141 sententiarum
594 1109 680 1142 ratio
718 1112 791 1150 est3
830 1107 871 1141 ad
898 1107 1135 1141 tractationem
1160 1105 1250 1149 quod
1277 1105 1410 1145 attinet,

57 1172 91 1204 in
116 1171 417 1216 imprecationibus
441 1173 634 1206 memineris
659 1173 833 1206 Tibullum
870 1174 971 1206 etiam
1005 1173 1118 1217 turpia
1149 1182 1216 1205 non
1242 1171 1408 1213 defugere

59 1239 178 1282 effari,
212 1241 322 1284 qualia
355 1241 437 1274 alias
472 1252 539 1275 non
573 1246 665 1275 amat
700 1242 825 1275 castior
850 1242 951 1274 Musa
977 1241 1060 1274 eius.
1110 1240 1169 1272 Sic
1193 1239 1282 1281 eleg.
1308 1238 1350 1271 V.
1377 1238 1409 1270 in

58 1307 300 1350 imprecatione
326 1308 423 1341 lenae
448 1308 548 1342 foeda
573 1309 687 1351 legisti
713 1309 756 1341 ab
781 1309 857 1341 aliis
883 1307 1090 1341 carminibus
1117 1306 1238 1339 aliena.
1298 1306 1409 1338 Acce-

58 1372 109 1405 dit
133 1372 223 1416 quod
249 1373 281 1406 in
307 1383 450 1417 puerum
476 1373 603 1416 scripta
629 1373 742 1415 elegia
770 1377 843 1414 est,
881 1371 974 1414 quod
1001 1381 1111 1413 genus
1136 1379 1282 1414 poeseos
1307 1368 1410 1402 lasci-

58 1439 142 1472 viuS.
167 1456 215 1464 —
248 1438 419 1472 Rideat
443 1438 608 1480 inulta,
645 1437 760 1480 ludat,
792 1436 942 1481 decipiat
969 1437 1127 1481 impune,
1153 1439 1187 1469 te
1211 1445 1280 1468 non
1305 1434 1411 1467 resci·
1458 1450 1471 1453 >

58 1510 185 1541 scente.
234 1506 288 1541 Ad
315 1507 521 1541 locutionem
541 1506 866 1540 annssnmcmus
886 1504 1019 1538 confert
1037 1503 1209 1537 TERENT.
1225 1502 1328 1536 Andr.
1350 1501 1412 1543 111,

58 1576 91 1617 4,
113 1577 155 1608 4:
187 1574 342 1608 deridere
366 1573 466 1607 dolis.
492 1592 538 1599 —-
575 1574 661 1608 Mo'x
687 1573 863 1606 furtivo
900 1582 1001 1614 usu,
1037 1570 1303 1612 consuetudine,
1329 1579 1410 1604 con-

58 1640 186 1674 cubitu.
213 1641 321 1674 Ovln.
346 1640 492 1674 Remed.
519 1641 595 1672 Am.
621 1642 703 1673 357.
732 1638 1086 1682 -interposita
1111 1641 1241 1671 veste
1265 1636 1410 1678 cubet,

59 1717 126 1741 non
151 1706 308 1739 admittat
332 1707 510 1749 amplexus
536 1710 624 1738 tuos,
687 1704 751 1737 Est
776 1707 891 1737 autem
919 1701 1027 1736 vestis
1052 1702 1255 1736 observante
1280 1702 1410 1736 Vossro

60 1773 113 1808 hic
138 1774 321 1815 intusium‚
356 1773 428 1806 sive
454 1772 568 1805 tunica
592 1771 738 1804 interula
763 1770 987 1811 feminarum,
1025 1768 1069 1803 de
1093 1780 1160 1813 qua
1185 1768 1261 1802 vide
1286 1769 1410 1802 Bour-

60 1849 229 1873 ‘rmssmnu
266 1839 300 1872 in
333 1838 450 1872 Sabin.
487 1837 586 1871 Tom.
611 1836 656 1870 ΙΙ.
690 1848 723 1880 p.
751 1839 829 1869 113.
880 1836 1042 1869 Ceterum
1077 1839 1276 1880 comparant
1312 1836 1410 1869 Vnt„-

60 1917 150 1948 Pms,
175 1907 360 1947 Hermus,
382 1905 595 1938 Huscmuus
621 1904 763 1937 Lucian.
790 1903 926 1946 Dialog.
956 1903 1098 1936 Meretr.
1124 1901 1194 1935 XI:
1234 1903 1291 1934 καὶ
1315 1902 1411 1938 τέλος

59 1972 250 2015 διετὸίχιζες
282 1970 323 2006 ‘td
355 1968 481 2012 μεταξῦ
513 1967 607 2011 {miv
641 1972 691 2014 τῷ
717 1970 864 2014 ἱματίῳ,
901 1966 1022 2006 δεδιώς
1054 1965 1101 2013 μή
1134 1964 1307 2009 ψαύσαιμί
1338 1979 1411 2000 001¹.

59 2041 164 2076 Addit
189 2041 363 2075 Hermus
388 2040 509 2074 Horat.
536 2039 647 2084 Epod.
672 2040 735 2082 111,
760 2040 839 2074 fin.:
865 2043 1023 2070 extrema
1048 2035 1184 2081 sponda
1210 2033 1348 2071 cubare,
1377 2039 1412 2068 et

59 2107 274 2141 HUscflKms
307 2107 465 2150 Propert.
500 2105 544 2147 II,
586 2107 641 2147 15,
675 2107 718 2138 6:
762 2103 942 2136 interdum
980 2101 1104 2135 tunica
1145 2101 1250 2134 (luxit
1287 2107 1412 2146 operla

60 2186 201 2207 moram.
228 2191 273 2198 —-
312 2174 355 2208 V.
381 2177 438 2209 57.
476 2176 669 2206 externa
700 2171 900 2214 vestigia
926 2174 1006 2204 sunt
1031 2170 1132 2204 alieni
1158 2170 1241 2211 viri,
1275 2173 1313 2202 ut
1339 2169 1411 2202 Lu-

8 2280 12 2281 7
61 2240 169 2273 cretia
193 2249 248 2283 ap.
275 2238 354 2273 Lrv.
380 2238 407 2280 I,
432 2236 491 2273 58.
517 2238 598 2272 dicit
623 2237 839 2271 laudantibus
864 2237 1126 2281 interpretibus:
1156 2234 1318 2280 Vestigia
1344 2234 1412 2267 viri

60 2302 186 2348 nlieizi,
221 2303 412 2340 Collatiae,
445 2303 481 2336 in
506 2302 595 2336 lecto
621 2309 707 2336 sunt
732 2308 807 2335 tuo.
857 2302 918 2336 Sic
941 2313 974 2336 v.
999 2312 1029 2336 c.
1064 2302 1173 2336 Ovn).
1198 2300 1341 2334 Heroid.
1369 2301 1411 2342 V,

61 2375 150 2406 102:
181 2377 324 2404 externo
349 2370 469 2404 laesus
494 2381 630 2406 amore,
654 2369 688 2404 h.
715 2380 744 2403 e.
770 2369 938 2411 adulteri,
964 2373 1000 2403 et
1025 2368 1169 2403 Metam.
1195 2368 1290 2411 XIV,
1316 2371 1407 2403 380:

67 2437 196 2470 Venere
226 2443 373 2470 externa
397 2436 547 2470 socialia
571 2436 726 2483 foedera
749 2436 899 2470 laedere.
949 2436 1038 2471 Vide
1063 2436 1211 2470 maxime
1237 2437 1409 2469 Bnoucx—

64 2514 212 2537 nusum.
239 2523 284 2529 —
334 2509 493 2549 pateat
528 2508 706 2549 aperta,
747 2505 936 2546 cumulate,
971 2504 1004 2536 in
1033 2503 1144 2537 vivida
1170 2503 1336 2536 oratione.
1364 2521 1408 2525 ——

65 2583 81 2603 c
95 2569 266 2614 rapidis,
290 2571 319 2612 Ι,
334 2573 368 2612 8,
381 2573 438 2604 56.
467 2571 566 2604 Nunc
582 2569 713 2604 moechi
728 2575 816 2604 sunt.
831 2589 877 2594 —-
903 2570 944 2603 V.
958 2572 1003 2603 59
1018 2580 1092 2612 sqq.
1119 2568 1208 2602 Nec
1235 2568 1347 2601 lasci
1364 2578 1407 2598 ra

63 2646 200 2669 soror.
253 2636 476 2679 imprecatio,
512 2642 549 2670 ut
584 2646 686 2682 supra
721 2637 889 2681 explicui,
926 2646 966 2670 eo
1001 2635 1150 2680 pertinet
1177 2638 1211 2667 et
1237 2633 1407 2677 pertinere
