1721 2953
462 146 605 188 LlssR.
635 146 706 185 111.
764 145 924 187 ELEG.
954 147 1028 185 lv.
1336 145 1413 183 347

76 270 177 309 runt,
211 267 316 301 veluti
341 269 481 300 notante
507 264 805 298 WUNnnRchmo
825 272 999 305 pat-ores,
1033 265 1145 293 metus
1170 258 1327 292 dicuntur
1354 268 1416 301 pro

71 335 173 367 rebus
209 343 388 378 pavorem,
434 334 563 364 metum
601 327 814 362 facientibus.
881 327 1064 371 Comparat
1103 326 1274 360 HnYNlus
1313 325 1414 363 δεῖμα

75 399 234 445 νύκῑὲρον
255 400 289 432 in
313 400 423 432 SOPH.
442 396 572 430 Electr.
595 397 676 430 410.
700 398 735 427 et
760 394 906 432 delusus(
923 397 1045 435 νυχίων
1065 389 1197 436 ὠτίρων
1218 402 1275 435 ap.
1298 390 1418 424 APOL-

72 478 154 500 LoN.
179 467 299 498 Rflon.
325 464 385 505 IV,
411 466 492 496 685.
553 461 695 497 Videbis
731 460 815 494 lianc
850 470 969 493 vocem
1005 460 1106 492 etiam
1142 458 1176 491 in
1208 456 1292 490 locis
1325 454 1417 499 apud

71 534 288 566 Lonncxmm
322 531 356 564 in
381 527 617 573 Aglaophamo
652 540 684 572 p.
709 530 791 562 302.
826 543 872 553 —
914 526 1225 571 pertimuisse.
1283 524 1415 557 Dicitur

69 608 135 631 vox
159 597 316 630 absolute
341 596 442 629 etiam
465 595 594 628 TAcr'r.
619 593 739 627 Annal.
762 593 790 634 Ι,
812 595 878 625 29:
908 591 968 624 ahi
991 592 1251 636 pertimuerint,
1275 589 1416 633 impune

69 661 250 695 contemni.
275 679 322 685 —-
359 671 441 694 nec
466 661 586 704 turpi
612 659 815 693 obnoxia
839 657 987 702 faqto,
1023 657 1053 692 h.
1081 669 1110 692 e.
1135 659 1255 691 sinon
1280 656 1415 698 obliga-

69 730 117 762 vit
153 739 191 762 se
226 728 335 771 turpis
372 727 472 769 facti,
509 737 576 760 non
613 727 737 760 meruit
775 725 847 758 eius
887 735 1040 768 poenam.
1111 723 1274 756 Ceterum
1312 727 1417 764 turpe

62 796 223 840 jactum,
255 798 293 828 ut
317 794 531 836 adulterium,
557 803 660 838 porro
686 793 810 833 furum,
837 793 1006 825 latronum
1032 795 1160 835 raptus,
1187 791 1321 833 aliaque
1347 789 1414 822 cri-
1448 826 1456 833 ¹

70 862 160 893 mina
191 863 288 901 suut,
325 870 412 902 quae
445 862 668 892 recensentur
691 858 752 899 ΙΙΙ,
778 861 812 898 5,
839 860 859 890 7
885 867 959 899 sqq.
1009 856 1164 898 Denique
1200 855 1244 888 de
1278 853 1416 897 impia

70 925 231 967 lingua
258 925 301 958 cf.
329 925 355 966 1,
380 927 414 966 3,
441 927 499 958 52.
527 940 572 947 —
610 922 803 966 Explicatis
836 922 979 964 siugulis
1011 921 1077 953 alia
1109 920 1269 953 nonnulla
1294 918 1337 951 de
1362 928 1418 951 ra-

72 991 165 1024 tione
188 990 320 1024 exordii
346 990 445 1024 addo.
495 990 649 1023 Primum
676 989 770 1022 vides
795 992 933 1032 poetam
967 988 1001 1020 iu
1034 988 1101 1020 fine
1126 986 1201 1019 aliis
1224 985 1337 1019 verbis
1361 994 1419 1018 re-

72 1057 145 1090 dire
170 1057 214 1090 ad
240 1057 394 1098 initium3
428 1045 589 1100 precatur
615 1057 703 1090 enim
729 1055 841 1088 denuo
869 1065 912 1088 ne
937 1053 1112 1095 eveniant,
1137 1062 1224 1095 quae
1252 1050 1418 1085 somnium

72 1122 247 1156 nuntiavit.
296 1122 498 1155 Revolvitur
522 1122 627 1164 igitur
664 1121 843 1154 exordium
869 1121 910 1153 -in
939 1120 1066 1153 orbem.
1116 1119 1248 1152 Similia
1272 1117 1420 1151 maxime

72 1187 161 1230 apud
188 1188 341 1220 Graecos
366 1188 517 1229 reperias
543 1188 669 1228 multa,
694 1193 797 1228 atque
823 1196 842 1219 e
868 1186 1031 1229 prosaicis
1057 1185 1174 1218 confer
1199 1184 1417 1218 Prooemium

73 1253 105 1285 in
143 1253 408 1285 Dr-..uosmmms
447 1252 600 1285 oratione
639 1262 700 1295 pro
740 1252 896 1293 Corona,
940 1252 1075 1295 poetica
1112 1251 1268 1294 exempla
1305 1253 1421 1282 autem

71 1319 263 1352 Pmmnus
290 1318 411 1356 offert,
445 1317 521 1349 ride
554 1327 615 1349 nos
639 1317 681 1349 ad
707 1315 809 1358 Pytb.
834 1316 895 1349 XI.
925 1327 1004 1359 pag.
1025 1318 1105 1349 341.
1131 1316 1173 1348 ad
1199 1315 1300 1348 Nem.
1325 1313 1422 1355 VIII,

73 1395 104 1426 p.
131 1385 213 1416 478.
251 1381 293 1414 ad
332 1382 539 1424 Fragmenta
574 1394 607 1424 p.
633 1384 714 1414 609.
773 1382 862 1414 Illud
899 1393 982 1415 vero
1018 1383 1105 1415 male
1141 1382 1290 1423 factum,
1324 1380 1421 1423 quod

71 1450 182 1491 figura
207 1451 357 1482 mutatae
381 1448 571 1480 sententiae
597 1447 646 1480 uti
671 1447 793 1480 nesciit
819 1451 857 1479 ut
883 1446 1040 1479 debebat.
1090 1447 1178 1480 Nam
1205 1451 1282 1490 post
1311 1447 1420 1490 prima

73 1518 170 1557 vota,
208 1524 251 1547 ne
279 1524 358 1547 vera
387 1516 502 1546 esseut
536 1511 721 1553 insomnia,
762 1515 897 1555 poterat
929 1516 1105 1545 crescente
1139 1512 1266 1544 affectu
1290 1521 1420 1554 negare

73 1580 160 1614 adeo
186 1591 319 1614 omnem
346 1580 524 1613 veritatem
548 1578 779 1619 somniorum,
813 1578 960 1611 debebat
985 1589 1066 1611 vero
1093 1589 1171 1612 mox
1197 1579 1276 1612 inde
1301 1590 1339 1612 se
1365 1590 1420 1612 re-

74 1658 197 1681 vocare
231 1648 266 1680 in
305 1646 405 1679 riam.
467 1645 567 1678 Nunc
606 1648 720 1677 autem
758 1648 868 1677 totum
907 1644 1085 1677 exordium
1120 1645 1333 1686 tranquillius
1370 1649 1422 1678 est

80 1727 179 1759 qnam
204 1714 372 1755 vividius,
398 1716 433 1747 et
458 1712 611 1746 videmus
635 1711 846 1744 incredulum
873 1709 1058 1751 homiuem,
1083 1711 1147 1744 sibi
1172 1712 1363 1754 placentem
1389 1711 1422 1744 in

75 1781 116 1814 iis
144 1779 418 1823 contemnendis,
458 1789 544 1822 quae
577 1779 698 1821 religio
732 1778 881 1821 vulgaris
914 1777 1087 1811 credebat.
1139 1776 1217 1811 Non
1249 1781 1302 1811 est
1336 1776 1421 1811 haec

76 1845 204 1879 Tibulli
229 1846 326 1879 ratio.

169 1912 213 1945 V.
251 1913 392 1947 17-80.
453 1908 619 1943 Narrat
656 1908 871 1942 somnium
912 1909 1076 1952 ipsum,
1124 1909 1166 1941 in
1204 1918 1292 1952 quo
1329 1919 1423 1942 cum

77 1978 240 2022 Apollo
273 1976 558 2020 apparuerit,
597 1975 782 2018 primum
813 1973 1000 2007 formam
1035 1978 1079 2007 et
1114 1973 1314 2007 habitum
1349 1974 1420 2008 dei

78 2043 164 2076 visi
190 2042 417 2075 describit
443 2041 482 2084 (a
506 2052 538 2076 v.
565 2042 717 2085 17-42),
743 2041 903 2075 deinde
929 2041 1067 2074 verba
1092 2042 1188 2074 eius
1215 2041 1374 2074 refert.

171 2108 214 2142 V.
241 2111 284 2141 17
312 2118 361 2150 sq.
396 2106 648 2150 quadrigis.
697 2107 812 2149 Vulgo
838 2107 935 2149 bigas
960 2105 1066 2139 Nocti
1100 2106 1172 2139 dari
1203 2106 1348 2139 vidimus
1382 2106 1425 2138 ad

77 2173 122 2215 ΙΙ,
151 2176 182 2215 1,
207 2176 265 2206 87.
315 2173 484 2206 Observat
510 2176 621 2205 tamen
647 2171 821 2205 Ham-ms
846 2172 1001 2205 similiter
1027 2173 1179 2204 Aurorae
1203 2182 1223 2204 a
1246 2172 1422 2204 VIRGILKO

78 2238 177 2280 bigas
200 2238 282 2271 Aen.
309 2238 386 2280 Vll,
413 2241 472 2271 26.
496 2242 531 2270 et
555 2237 738 2280 quadrigas
764 2237 824 2278 VJ,
849 2239 930 2270 535.
957 2237 1064 2269 datas.
1091 2255 1138 2260 -—
1171 2234 1423 2268 aetherium

79 2302 313 2344 Mundum,
337 2301 369 2336 h.
393 2313 422 2336 e.
450 2303 592 2336 caelum.
642 2303 807 2336 Similiter
834 2302 946 2335 AUCT·
973 2302 1098 2335 Cumc.
1121 2305 1202 2334 101.
1228 2305 1262 2334 et
1288 2302 1424 2334 SnNnc.

78 2367 220 2411 Hippol.
247 2370 328 2400 332.
353 2367 511 2400 laudante
539 2368 822 2410 BRoucmruslo,
849 2372 883 2401 et
908 2367 1059 2400 mundus
1084 2367 1173 2400 caeli
1199 2368 1343 2401 Ennius
1370 2379 1423 2411 ap.

80 2433 236 2467 Macrob.
265 2434 339 2466 Sat.
364 2432 424 2475 vl,
455 2435 489 2467 2.
526 2437 564 2466 ut
599 2433 921 2466 WUNnssRmcuius
954 2433 1071 2467 refert.
1119 2434 1231 2467 Porro
1256 2431 1424 2465 mundum

82 2500 182 2533 etiam
208 2501 362 2533 absolute
387 2504 423 2534 et
442 2501 534 2533 nullo
559 2484 633 2534 {1118
652 2501 756 2534 verbo
775 2500 910 2533 adiecto
936 2500 1061 2543 passim
1086 2511 1148 2544 pro
1173 2500 1269 2533 caelo
1295 2499 1421 2532 dictum

82 2569 200 2598 notant
223 2567 384 2599 Yumuus
412 2565 443 2599 11.
470 2567 491 2599 l.
519 2571 554 2600 et
579 2566 759 2599 nuiss-ius
785 2566 827 2599 ad
857 2565 955 2599 Oxid.
983 2566 1067 2599 Met.
1093 2566 1137 2608 ΙΙ,
1164 2568 1244 2600 157.
1279 2569 1314 2598 et
1339 2576 1421 2607 qnos

83 2635 260 2676 praeterea
294 2633 465 2668 Hermus
500 2634 635 2677 laudat,
671 2638 706 2669 et
741 2635 782 2668 ad
817 2636 976 2678 Propert.
1002 2633 1063 2675 111,
1087 2636 1120 2676 5,
1145 2634 1202 2666 26.
1242 2632 1423 2666 Kumoni..
