1721 2953
285 145 365 184 428
599 141 969 187 COMMENTAR.
1000 145 1060 187 IN
1089 144 1317 187 TIBULLI

285 259 336 290 vis
362 258 434 302 ipsa
459 258 593 300 amoris,
621 258 677 300 qui
703 256 756 292 hic
781 258 993 302 describitur,
1019 259 1147 293 Tibulli
1170 259 1308 302 ingenio
1331 270 1374 293 ex
1395 260 1628 304 superioribus

282 327 422 368 cognito
456 326 554 369 plane
582 324 776 367 familiari-33
811 326 909 359 aliter
941 327 1176 360 Pnopmwms
1210 330 1245 359 et
1276 326 1432 359 Ovmlus
1457 326 1629 362 fecissent.

283 390 464 424 Cerinthus
492 389 628 432 quidem
662 401 739 425 cum
773 401 840 425 non
872 393 1014 427 auderet
1048 392 1223 436 adspirare
1257 392 1301 425 ad
1326 393 1395 425 tale
1420 392 1627 435 coniugium,

279 458 424 501 primum
458 457 608 490 timidior
633 457 737 491 fuisse
762 458 896 492 videtur
930 459 1039 502 (conf.
1065 459 1108 492 de
1135 458 1266 502 pudore
1291 458 1447 492 modesto
1473 459 1625 493 Cerinthi

280 534 346 556 uon
375 524 474 565 ficto,
510 523 571 556 sed
605 534 686 557 vero
711 535 814 568 supra
839 525 884 567 ΙΙ,
907 528 942 568 2,
970 526 1070 569 10.),
1108 526 1281 570 Sulpiciae
1307 537 1387 559 vero
1415 526 1517 560 ardor
1541 526 1628 559 vivi-

278 590 353 622 dior
378 593 448 631 est,
487 593 521 622 et
546 593 642 634 patet
675 600 751 624 eam
776 591 890 625 vivere
915 592 1005 625 nolle
1034 592 1107 624 sine
1142 595 1254 624 amato
1281 591 1412 625 iuvene.
1461 592 1511 624 Ac
1535 591 1627 625 Vos-

277 665 350 687 sius
375 655 511 697 quidem
536 656 582 688 ita
608 656 851 699 interpretatur
877 657 989 690 omnia
1015 656 1048 689 in
1074 654 1124 689 his
1149 656 1373 696 carminibus,
1414 659 1453 689 ut
1476 655 1555 689 nihil
1581 656 1626 688 sit

277 719 483 762 modestius,
522 730 585 753 nec
617 721 847 763 virginitatem
882 720 1015 753 furtivis
1041 720 1264 753 conventibus
1288 721 1473 754 amantium
1497 721 1624 754 laesam

275 785 453 828 concedit,
486 785 646 820 intactam
682 787 848 828 virginem
882 786 1030 819 nobilem
1065 790 1144 830 post
1178 787 1314 830 nuptias
1347 787 1382 820 in
1416 787 1527 820 mariti
1551 797 1625 820 am-

276 852 399 895 plexus
432 853 566 886 venisse
599 853 819 887 contendens.
882 853 954 886 Sed
991 853 1096 886 verba
1129 858 1245 887 tamen
1279 864 1346 887 non
1384 854 1491 888 semel
1527 854 1625 886 aliter

274 921 395 950 sonant
421 928 522 960 quam
556 919 614 951 ille
645 923 769 952 narrat.
818 919 987 953 Nimirum
1020 930 1088 952 non
1122 924 1261 953 secutus
1296 924 1348 953 est
1381 919 1435 953 hic
1466 920 1625 952 Tibullus

274 984 444 1028 publicam
469 985 686 1019 severitatem
712 997 865 1028 morum,
902 986 1187 1029 quemadmodum
1213 987 1361 1020 Vossms
1385 987 1526 1028 statuit,
1561 986 1621 1019 sed

274 1050 459 1083 ardentiori
491 1051 606 1084 colore
640 1051 737 1094 ignes
771 1051 947 1094 Sulpiciae
981 1051 1135 1094 depinxit
1171 1054 1209 1083 ut
1238 1051 1271 1083 in
1304 1050 1419 1094 poesi,
1457 1050 1622 1083 exhibens

272 1125 340 1147 non
366 1115 515 1157 vulgaris
539 1117 674 1158 generis
701 1116 868 1160 puellam,
904 1116 937 1148 in
964 1125 1030 1157 qua
1055 1115 1236 1157 singularis
1261 1115 1426 1158 quaedam
1450 1115 1502 1148 vis
1527 1125 1622 1148 amo-

272 1181 318 1214 ris
342 1185 482 1224 regnat,
520 1186 556 1215 et
579 1193 679 1225 quam
705 1193 771 1215 non
797 1182 903 1227 pudet
928 1182 1036 1215 libere
1062 1182 1210 1225 pectoris
1236 1182 1399 1225 impetum
1425 1180 1543 1223 sequi,
1582 1184 1620 1213 ut

272 1249 350 1281 olim
377 1249 574 1292 simpliciori
599 1260 684 1283 aevo
720 1250 869 1292 factum,
909 1250 986 1294 puri
1019 1250 1173 1293 castique
1204 1250 1306 1283 animi
1339 1250 1403 1282 sibi
1438 1249 1621 1283 consciam.

272 1314 420 1347 Vossms
447 1315 489 1347 ad
515 1314 708 1349 historicam
734 1317 836 1351 fidem
861 1317 973 1351 omnia
1005 1321 1166 1359 revocat,
1202 1316 1330 1351 oblitus
1355 1325 1422 1349 non
1447 1313 1620 1349 historiam

271 1378 323 1412 hic
348 1378 483 1422 haberi,
517 1381 579 1414 sed
604 1382 732 1424 poesin.

617 1797 1096 1846 CARMEN
1205 1800 1267 1849 ΙΙ,

738 2121 1147 2167 INTRODUCTIO.

261 2268 471 2327 lsalendas
505 2290 648 2325 Martias
683 2303 796 2327 sacras
831 2295 1004 2340 festasque
1042 2297 1146 2331 fuisse
1182 2298 1345 2333 uxoribus
1377 2299 1541 2334 Romanis
1574 2305 1609 2335 et

261 2359 404 2401 puellis,
442 2358 553 2399 iisque
580 2362 650 2391 tum
684 2369 824 2392 munera
850 2362 952 2394 missa
976 2372 996 2394 a
1021 2363 1151 2396 maritis
1182 2368 1216 2398 et
1250 2365 1439 2398 amantibus
1465 2366 1608 2398 vidimus

260 2422 303 2456 ad
329 2422 390 2464 ΠΙ,
417 2424 449 2455 1.
508 2423 674 2456 Similiter
699 2434 787 2458 nunc
813 2426 986 2469 Sulpiciae
1013 2432 1094 2470 puta
1120 2439 1139 2461 a
1165 2429 1328 2463 Cerintho
1352 2441 1490 2465 munera
1517 2432 1604 2465 mitti

260 2488 377 2522 addito
411 2487 475 2522 hoc
508 2491 654 2523 carmine
691 2496 825 2534 poetae.
876 2492 1053 2526 Laudatur
1087 2495 1121 2526 in
1155 2505 1196 2528 eo
1234 2495 1447 2539 pulchritudo
1480 2498 1605 2531 eximia

261 2555 416 2598 puellae,
441 2556 474 2588 iu
499 2566 564 2597 qua
592 2558 703 2589 omnia
730 2559 886 2601 placeant
912 2564 946 2592 et
971 2571 1038 2603 qua
1065 2562 1156 2594 nulla
1180 2562 1246 2595 alia
1269 2562 1404 2605 dignior
1428 2564 1473 2595 sit
1500 2565 1601 2596 vesti-

263 2620 324 2653 bus
357 2621 500 2664 aliisque
534 2625 740 2658 ornamentis
772 2627 938 2669 pretiosis.
990 2627 1112 2670 Neque
1147 2638 1227 2662 vero
1261 2628 1389 2662 directe
1422 2630 1463 2662 ad
1497 2630 1602 2673 ipsam
