1721 2953
376 186 520 227 LIBR.
548 184 622 225 IV.
681 181 849 222 CARM.
877 181 974 222 XII.
1032 181 1148 220 XIII.
1347 182 1428 221 459

180 301 346 337 Perlectis
381 300 522 343 singulis
554 297 709 341 elegidiis
747 297 902 331 omnibus
940 307 1005 331 non
1044 305 1146 340 spero
1183 297 1218 329 te
1254 296 1432 340 invenisse,

88 368 179 412 quod
206 372 301 402 certo
326 368 392 401 dici
421 367 528 410 possit
553 367 700 399 alienum
735 375 755 397 a
791 364 917 399 iudicio
942 363 1082 397 Tibulli.
1129 361 1194 395 Est
1217 361 1343 404 ubique
1368 364 1431 395 ali-

87 434 168 477 quid
192 433 384 476 argumenti
415 432 611 473 diversitas3
645 428 862 463 nihilominus
889 440 993 472 aegre
1018 428 1169 472 reperias
1192 427 1285 471 quod
1309 427 1433 460 Tibul-

87 502 197 534 lianae
226 499 366 533 dictioni
400 499 541 531 similius
575 499 620 531 sit
655 496 706 530 his
741 497 910 539 elegidiis·
958 496 1082 530 Paullo
1116 494 1266 528 ornatius
1297 492 1433 536 quidem

88 565 232 608 primum
265 568 337 606 est,
369 564 430 597 sed
455 564 487 596 in
512 563 686 608 Sulpiciae
710 562 810 596 laude
835 566 930 595 recte
956 561 1118 596 iudicavit
1143 560 1300 594 Tibullus
1325 558 1432 592 maio-

87 642 159 666 rem
183 635 338 666 ornatum
363 631 567 676 ponendum.

401 879 874 927 CARMEN
971 878 1118 924 XIII.

562 1132 972 1176 INTRODUCTIO.

91 1259 211 1333 Quid
248 1280 380 1314 intersit
412 1281 555 1313 aliorum
589 1280 710 1322 aliquis
746 1290 789 1312 an
824 1289 904 1312 suos
936 1289 1070 1312 amores
1096 1283 1216 1320 canat,
1252 1279 1438 1312 clarissime

89 1346 156 1380 hoc
191 1357 326 1380 carmen
363 1347 463 1380 docet
500 1351 731 1391 comparatum
766 1357 842 1380 cum
877 1345 1168 1380 antecedentibus.
1226 1345 1353 1379 Suavia
1380 1345 1438 1377 illa

88 1417 167 1446 sunt
205 1417 240 1445 et
277 1416 418 1445 venusta
457 1413 700 1453 eleganterque
740 1413 929 1454 composita
967 1416 1006 1444 ut
1046 1411 1211 1452 vidimus,
1256 1422 1297 1443 ac
1336 1410 1438 1443 habet

89 1487 247 1519 magnum
273 1477 428 1509 ardorem
454 1477 628 1519 Sulpiciae
654 1476 820 1518 affectus,
854 1475 914 1509 sed
941 1480 1053 1508 tamen
1079 1477 1176 1509 abest
1199 1477 1356 1519 proprius
1381 1476 1438 1508 ille

89 1544 226 1577 Tibullo
261 1544 402 1586 insignis
437 1544 535 1585 vigor
569 1543 774 1583 affectuum,
811 1542 868 1584 qui
904 1542 936 1574 in
972 1542 1079 1585 primo
1115 1546 1148 1574 et
1174 1541 1324 1574 secundo
1350 1541 1437 1574 libro

91 1610 306 1652 conspicuus,
332 1620 419 1641 nunc
445 1614 517 1642 tota
542 1619 617 1641 cum
639 1610 674 1642 'vi
703 1619 763 1641 sua
789 1610 822 1640 in
847 1607 910 1640 hoc
936 1609 1083 1641 carmine
1108 1609 1206 1640 redit.
1251 1607 1326 1650 (Τα
1353 1607 1439 1639 mihi

91 1686 258 1707 curarum
288 1673 445 1719 requies,
480 1679 520 1705 tu
554 1680 653 1705 nocte
679 1673 735 1705 vel
759 1679 844 1704 atra
867 1675 1021 1709 Lumen,
1058 1680 1092 1705 et
1118 1673 1154 1705 in
1179 1673 1263 1706 solis
1286 1680 1326 1706 tu
1353 1672 1439 1705 milli

89 1741 197 1775 turha
233 1741 344 1774 locis!
394 1741 480 1776 Quis
517 1740 550 1773 iu
588 1740 712 1773 talibus
752 1750 819 1773 non
858 1739 1014 1781 agnoscit
1054 1739 1275 1782 Tibullum2)
1337 1739 1437 1773 Nunc

92 1809 179 1841 enim
205 1818 243 1841 se
268 1809 377 1851 ipsum
404 1811 506 1850 poeta
530 1807 652 1838 iterum
678 1804 834 1846 exhibet,
861 1809 940 1838 ante
968 1805 1111 1838 aliorum
1136 1815 1255 1838 sensus
1280 1805 1436 1839 imitaba-

89 1878 156 1907 tur.
205 1874 271 1907 Est
302 1878 415 1907 autem
451 1873 633 1906 verisimile
667 1872 699 1905 in
733 1873 918 1914 Glyceram
951 1873 1116 1915 scriptum
1151 1883 1304 1914 carmen,
1339 1873 1436 1905 utin

93 1939 169 1972 Vita
194 1940 323 1973 Tibulli
349 1941 509 1984 exposui,
535 1944 614 1983 post
637 1944 779 1972 mortem
807 1949 888 1972 vero
916 1938 1044 1972 Tibulli
1070 1944 1263 1983 repertum,
1288 1940 1336 1972 sic
1362 1939 1436 1972 edi-

91 2011 162 2038 tum
200 2016 274 2039 esse
313 2016 389 2039 cum
425 2005 715 2039 antecedentibus.
776 2004 863 2038 Nam
897 2004 1056 2037 Nemesis
1094 2005 1186 2038 nullo
1222 2005 1323 2038 modo
1360 2015 1435 2038 esse

91 2077 224 2116 potest,
261 2082 360 2115 quam
396 2073 598 2114 alloquitur:
636 2072 750 2115 puella
784 2081 884 2105 avara
920 2076 955 2104 et
981 2071 1150 2115 superba,
1187 2082 1274 2114 quae
1300 2075 1436 2115 praeter

91 2139 265 2172 Tibullum
299 2140 401 2172 etiam
435 2140 520 2172 alios
547 2139 748 2172 admittebat
773 2150 895 2183 saepe,
933 2140 1105 2182 quomodo
1132 2140 1174 2172 de
1203 2140 1331 2173 Tibulli
1357 2150 1437 2184 per-

90 2205 171 2237 fidia
197 2205 292 2247 queri
318 2204 458 2247 potuit?
506 2204 691 2245 Foederis,
720 2205 819 2247 quale
843 2203 896 2237 hic
921 2205 954 2237 in
980 2206 1089 2248 primo
1114 2205 1258 2239 disticho
1284 2217 1436 2240 comme-

91 2274 262 2312 moratur,
297 2271 425 2303 nullum
451 2271 632 2313 vestigium
660 2271 774 2304 videas
799 2273 832 2304 in
858 2272 1060 2305 carminibus
1086 2273 1128 2305 ad
1154 2273 1348 2315 Nemesim,
1375 2284 1438 2307 ne-

92 2346 158 2378 que
183 2335 281 2368 liuius
305 2337 440 2378 generis
464 2336 528 2369 suit
551 2337 614 2370 iste
638 2347 730 2370 usuS.
780 2337 906 2369 Similis
933 2337 1043 2380 potius
1070 2337 1123 2372 liic
1148 2349 1243 2372 amor
1268 2339 1309 2380 ei,
1335 2349 1435 2381 quem

91 2413 135 2436 ex
168 2403 369 2436 carminibus
399 2401 442 2435 ad
478 2404 608 2437 Deliam
642 2405 807 2437 nouimus.
856 2403 979 2446 Neque
1013 2408 1126 2438 tamen
1161 2406 1259 2438 Delia
1293 2404 1438 2447 cogitari

91 2473 226 2512 potest,
261 2470 356 2502 cuius
382 2479 546 2511 nusquam
572 2470 746 2502 servitium
773 2473 1078 2512 commemoratur,
1117 2481 1179 2503 nec
1205 2470 1296 2503 cadit
1322 2469 1437 2502 liuius-

92 2534 183 2567 modi
212 2535 292 2578 quid
320 2536 353 2568 in
379 2535 462 2569 lianc
489 2537 604 2570 mitem
630 2537 789 2580 puellam.
840 2538 884 2569 At
910 2537 1057 2579 Glycera
1083 2538 1220 2570 immitis
1245 2542 1328 2571 erat.
1380 2537 1433 2570 Ne

91 2600 216 2641 multa3
251 2600 337 2634 lianc
374 2612 506 2635 mecum
544 2602 706 2644 intellige.
757 2601 901 2634 Videtur
934 2613 1014 2635 vero
1044 2604 1195 2645 Glycera
1229 2608 1299 2636 tum
1334 2603 1433 2634 ‹lubi-

94 2670 183 2700 tasse
213 2667 255 2700 de
288 2679 403 2703 amore
437 2670 583 2711 Tibulli,
621 2668 814 2712 suspicione
841 2668 928 2702 forte
955 2674 1029 2703 orta
1060 2669 1146 2702 alius
1172 2668 1435 2709 consuetudinis,
