1721 2953
253 162 412 190 Lxxvm
795 143 870 182 DE
902 139 1059 184 POESI

258 271 414 304 natum.
471 258 668 313 Sequitur
698 254 844 296 deinde
875 258 1002 296 altera
1031 268 1148 308 pars,
1186 253 1260 294 ubi
1294 254 1376 294 iam
1409 252 1501 292 sesti
1534 267 1604 292 ru-

255 341 352 380 ralis
381 338 424 377 in
453 335 592 375 herbis
621 331 791 385 ponitur
819 331 1059 384 descriptio,
1093 338 1215 384 atque
1245 330 1366 369 etiam
1399 328 1605 380 fastigium

254 428 379 455 suave
401 413 445 452 in
471 411 552 450 fine
578 408 759 460 positum
783 415 828 446 ut
853 415 958 452 ante,
988 403 1061 445 sed
1091 406 1171 445 alio
1200 404 1324 445 modo
1351 417 1476 458 quam
1501 411 1606 452 ante,

258 507 350 533 cum
388 496 598 542 postremo
638 484 788 524 amoris
825 483 1018 525 iuvenilis
1052 482 1260 522 licentiam
1289 481 1430 523 videas
1469 489 1509 519 et
1537 477 1606 519 ad·
1631 528 1640 532 -

255 570 405 609 mixtos
427 561 606 605 iucunde
629 560 794 602 dolores
824 561 975 602 amoris
1005 559 1289 601 convivalibus
1310 556 1481 610 gaudiis.
1536 557 1608 596 At-

257 659 337 699 que
380 644 438 683 ita
478 639 593 682 vides
634 639 956 692 pulcherrimmn
1004 637 1160 690 ubique
1202 643 1344 675 artem.
1415 634 1609 687 Denique

255 731 534 762 commemoro
563 717 701 755 locum
734 714 784 764 ΙΙ,
815 713 854 763 4,
883 716 1038 752 27—50.
1072 712 1168 751 satis
1199 725 1406 763 magnum,
1436 711 1510 750 ubi
1538 708 1610 749 de-

255 794 547 848 scriptionibus
577 789 738 829 duabus
767 802 843 841 per
874 785 1157 838 gradationem
1177 787 1404 826 coniunctis
1430 785 1610 838 primum

256 870 482 926 generatim
513 874 751 909 exsecratur
779 864 987 903 luxuriam
1021 864 1275 915 puellarum,
1310 871 1398 902 tum
1427 860 1611 914 speciali-

255 959 319 989 ter
345 945 533 987 Nemesis
564 942 798 992 avaritia1n3
828 940 1041 993 propriam
1066 953 1167 980 vero
1193 941 1369 979 sormam
1396 939 1611 991 utriusque

256 1023 345 1063 aliis
392 1023 437 1061 in
477 1020 661 1073 partibus
709 1017 833 1056 huius
884 1014 1171 1067 disputationis
1216 1014 1459 1067 explicatam
1504 1011 1614 1053 vide.

255 1101 392 1153 Atque
421 1099 524 1137 haec
551 1097 764 1134 hactenus.
820 1091 1048 1132 Videamus
1087 1104 1200 1129 nunc
1237 1098 1312 1129 tres
1346 1097 1482 1141 partes
1521 1101 1612 1139 gra-

258 1175 451 1216 dationis.
508 1170 744 1224 Simplicior
783 1168 890 1208 ratio
933 1175 993 1207 est
1028 1167 1072 1206 in
1113 1166 1177 1205 his
1216 1179 1293 1217 per
1326 1165 1404 1204 tria
1441 1162 1614 1202 disticha

257 1248 504 1292 continuatis
530 1244 896 1297 descriptionibus:
929 1244 960 1294 I,
987 1247 1025 1292 2,
1048 1245 1196 1282 17-22.
1225 1244 1262 1291 5,
1287 1244 1438 1280 11-16.
1465 1243 1614 1279 61-66.

260 1333 298 1378 6,
328 1327 479 1365 45—50.
519 1324 571 1372 ΙΙ,
604 1326 642 1371 3,
670 1324 824 1360 53-58.
863 1320 902 1370 4,
935 1320 1084 1358 39-44.
1126 1322 1162 1367 6,
1191 1321 1345 1357 21-26.
1402 1315 1485 1356 Sed
1517 1323 1613 1356 sunt

259 1410 473 1457 praeterea
512 1399 591 1438 alia
627 1398 757 1436 multa
798 1396 1068 1450 exquisitiora
1102 1394 1314 1446 exempla,
1359 1406 1463 1446 quae
1503 1405 1614 1430 nunc

258 1479 496 1519 recensebo.
546 1473 689 1513 Unum
704 1473 845 1525 paullo
866 1479 958 1510 ante
975 1469 1115 1511 vidisti
1131 1469 1182 1519 ΙΙ,
1202 1472 1240 1519 5,
1258 1469 1408 1507 83-94.
1456 1466 1613 1505 Porro:

260 1557 304 1596 in
333 1556 425 1595 loco
455 1553 486 1602 Ι,
514 1555 550 1601 9,
585 1555 734 1590 17-50.
767 1548 998 1600 obiurgatio
1033 1547 1154 1599 pueri
1186 1543 1334 1597 perfidi
1361 1544 1493 1582 tribus
1520 1526 1635 1594 par-⁰

261 1631 373 1671 tibus
404 1635 582 1677 constat,
621 1639 799 1679 quarum
831 1637 1006 1677 sequens
1038 1634 1228 1675 quaeque
1262 1619 1426 1670 gravior
1457 1626 1618 1656 antece-

263 1705 399 1745 dente.
463 1702 650 1742 Primum
681 1699 790 1738 enim
819 1713 860 1739 v.
891 1702 1039 1738 17-30.
1068 1703 1233 1745 narrat,
1273 1703 1318 1733 ut
1346 1693 1512 1732 intentis
1544 1691 1616 1732 ad-

261 1778 559 1821 monitionibus
590 1776 813 1816 verborum
845 1773 1025 1814 oraverit
1059 1770 1294 1822 saepissime
1328 1781 1526 1820 puerum,
1563 1781 1616 1806 ne

262 1871 364 1896 auro
404 1852 615 1906 corrumpi
649 1866 691 1891 se
726 1851 921 1903 patiatur.
988 1848 1069 1888 Vel
1101 1847 1203 1885 haec
1230 1844 1456 1896 neglexisse
1485 1845 1615 1882 malae

262 1930 451 1971 levitatis.
517 1929 605 1966 Iam
647 1938 746 1966 vero
780 1939 821 1964 v.
856 1922 1006 1961 31-40.
1037 1921 1210 1972 exponit
1238 1933 1367 1971 porro
1399 1921 1520 1958 etiam
1553 1919 1617 1957 iu-

263 2020 373 2047 rasse
402 2017 578 2057 puerum
609 1999 868 2041 sanctissimis
898 1997 1034 2039 verbis
1065 2004 1106 2036 et
1144 2009 1237 2035 cum
1275 1995 1398 2043 fletu,
1429 2007 1471 2033 sc
1504 1995 1616 2032 nolle

266 2083 421 2123 violare
454 2074 745 2129 fide111‚‘quod
774 2083 911 2114 tamen
941 2086 1051 2111 nunc
1085 2070 1238 2109 fecerit.
1295 2068 1361 2108 Sic
1390 2068 1617 2120 periurium

268 2157 436 2198 accedit.
494 2156 692 2206 Magnum
721 2154 800 2191 hoc
828 2150 995 2199 crimen,
1024 2147 1097 2188 sed
1120 2149 1165 2187 in
1191 2148 1339 2187 amoris
1364 2147 1511 2185 ass'ectu
1533 2158 1618 2184 non

267 2244 353 2275 tam
376 2246 570 2283 magnum
599 2232 772 2269 habetur
795 2242 919 2282 quam
942 2226 1030 2267 aliis
1055 2226 1096 2265 in
1127 2224 1315 2277 partibus
1339 2222 1461 2262 vitae.
1510 2220 1617 2258 Hinc

270 2311 391 2351 tertio
422 2310 511 2347 loco
545 2309 666 2346 ctiam
699 2306 832 2346 officia
863 2309 1155 2345 commemorat
1183 2305 1389 2353 praestata
1413 2308 1544 2349 puero
1573 2294 1617 2332 in

271 2386 357 2425 eius
387 2382 596 2422 amoribus
628 2390 666 2420 et
698 2381 925 2420 carminum
956 2377 1237 2417 dedicatorum
1261 2372 1439 2412 laudem.
1497 2368 1617 2409 Unde

272 2463 392 2502 etiam
415 2458 563 2510 ingrati
585 2458 709 2497 animi
731 2458 864 2509 gravis
886 2457 1007 2508 culpa
1028 2454 1204 2505 accedit3
1235 2466 1329 2492 nam
1350 2452 1457 2490 inter
1480 2461 1619 2487 aman-

273 2546 331 2576 tes
358 2534 541 2575 omnium
568 2534 732 2571 minime
763 2531 999 2571 huiusmodi
1029 2529 1129 2583 quid
1156 2535 1379 2579 exspectes.
1435 2523 1541 2563 Satis
1569 2521 1617 2562 de

273 2615 484 2652 hocloco.
541 2609 646 2647 Vide
690 2624 797 2647 nnnc
843 2610 920 2649 alia
962 2607 1133 2660 pulchra
1175 2604 1375 2654 exempla.
1439 2602 1485 2640 ln
1526 2600 1616 2638 loco
