1721 2953
242 116 274 161 8
656 111 897 157 'rlssULLl
946 110 1055 156 Llss.
1082 112 1113 156 1.
1143 121 1176 156 2.

303 238 492 284 Ferreus
528 234 599 281 ille
632 233 737 291 fuit,
787 234 887 299 qui,
932 246 971 281 te
1007 252 1107 281 cum
1142 244 1293 298 posset
1319 231 1507 289 habere,

368 321 578 369 Maluerit
614 320 805 385 praedas
840 320 1000 368 stultus
1037 332 1078 367 et
1113 338 1236 366 arma
1267 318 1405 384 sequi.

303 408 378 455 Ille
415 407 515 454 licet
549 406 736 453 Cilicum
771 406 908 453 victas
946 417 1048 469 agat
1083 417 1183 453 ante
1221 417 1442 461 caleri-115,

250 508 297 541 70
373 495 518 540 Ponat
554 504 595 539 et
629 492 675 539 in
713 504 842 558 capto
872 492 1037 539 Martia
1073 503 1218 539 castra
1255 490 1372 547 solo,

300 580 440 625 Totus
478 590 519 625 et
555 589 739 642 argento
776 590 1028 635 contextus,
1074 589 1191 625 totus
1230 589 1271 624 et
1302 595 1439 632 auro,

370 664 567 711 Insideat
597 664 728 711 celeri
765 664 1115 729 conspiciendus
1153 682 1290 728 equo,

306 751 407 815 lpse
442 750 602 808 boves,
638 769 735 798 mea
772 750 854 797 sim
890 761 1034 797 tecum
1070 749 1206 796 modo
1240 747 1392 804 Delia,
1427 745 1597 811 possim

379 839 570 901 Iungere
607 849 649 884 et
682 838 730 883 in
766 837 861 884 solo
896 856 1079 902 pascere
1114 847 1264 883 monte
1294 853 1457 900 pecus:

253 923 368 969 75Et
402 934 443 970 te
481 923 589 969 dum
621 923 749 970 liceat
786 923 950 970 teneris
980 923 1170 970 retinere
1207 921 1403 977 lacertis,

380 1007 531 1055 Mollis
568 1020 610 1055 et
643 1009 810 1056 inculta
846 1009 903 1056 sit
938 1008 1049 1056 mihi
1084 1026 1269 1055 somnus
1304 1006 1456 1053 humo.

319 1094 445 1156 Quid
483 1094 622 1161 Tyrio
658 1095 873 1141 recubare
906 1106 1004 1141 toro
1038 1094 1133 1140 sine
1171 1110 1320 1139 amore
1357 1088 1556 1137 secundo

378 1180 593 1237 Prodest,
640 1199 741 1227 eum
777 1179 883 1226 fletu
917 1199 1006 1226 nox
1040 1177 1268 1242 vigilanda
1302 1176 1450 1223 venit?

316 1267 429 1313 Nam
448 1284 592 1331 neque
616 1278 708 1313 tum
732 1265 909 1331 plumae
931 1284 1012 1313 nec
1037 1263 1234 1327 stragula
1258 1262 1375 1327 pieta
1398 1277 1606 1325 soporem

263 1363 309 1396 80
386 1352 478 1398 Nec
515 1352 687 1398 sonitus
723 1351 926 1416 placidae
964 1351 1126 1396 ducere
1162 1348 1305 1412 possit
1340 1364 1492 1410 aquae.
1715 1327 1721 1402 1

322 1439 439 1484 Num
472 1437 658 1484 Veneris
694 1455 883 1500 magnae
919 1435 1076 1482 violavi
1111 1433 1299 1481 numina
1333 1431 1496 1488 verbo,

385 1525 440 1571 Et
476 1542 573 1571 mea
609 1543 729 1570 nune
761 1541 928 1588 poenas
965 1521 1103 1586 impia
1138 1519 1293 1583 lingua'
1329 1517 1442 1564 luit?

324 1611 442 1656 Num
479 1610 600 1656 feror
629 1610 823 1656 incestus
858 1608 986 1655 sedes
1023 1606 1186 1653 adiisse
1223 1605 1410 1651 deorum

394 1696 610 1759 Sertaque
646 1695 700 1742 de
736 1695 900 1742 sanctis
938 1692 1186 1757 deripuisse
1223 1690 1365 1737 focis?

363 1854 406 1887 V.
424 1857 478 1887 73.
514 1854 687 1887 Revocavi
719 1853 798 1886 sim
826 1853 929 1895 vulgo
955 1850 1120 1896 scriptum
1144 1850 1187 1884 de
1211 1848 1378 1884 sententia
1403 1847 1616 1881 Scimcnm.

273 1917 361 1951 Nam
394 1917 442 1950 sit
475 1919 576 1951 alium
609 1927 744 1950 sensum
778 1917 957 1960 praeberet
984 1915 1268 1958 quemadmodum
1303 1914 1404 1946 etiam
1433 1911 1484 1953 si,
1519 1915 1557 1943 ut
1584 1910 1618 1941 in

273 1984 511 2028 Explicatione
547 1983 702 2016 observo.
773 1982 902 2015 Tamen
940 1981 1103 2014 librorum
1145 1981 1216 2014 sere
1252 1980 1400 2013 omnium
1436 1977 1539 2010 lectio
1578 1974 1620 2015 si,

275 2059 383 2092 eaque
416 2048 458 2081 de
492 2058 593 2081 causa
625 2047 776 2091 reposita
801 2058 820 2080 a
854 2047 1095 2079 LACIIMANNO.
1121 2064 1166 2071 —
1214 2045 1257 2079 V.
1275 2047 1330 2078 74.
1365 2045 1408 2077 in
1443 2042 1545 2075 solo
1577 2039 1620 2072 de

276 2115 469 2147 coniectura
506 2113 707 2163 Seme-mu
746 2113 848 2154 vulgo
886 2116 1080 2155 receptum,
1121 2115 1222 2153 atque
1256 2111 1358 2143 etiam
1387 2108 1621 2141 LAchANNo

279 2179 478 2222 probatum,
523 2178 581 2221 qui
613 2182 726 2210 tamen
759 2178 892 2210 iuterim
927 2177 1075 2210 restituit
1107 2175 1144 2208 in
1175 2174 1297 2217 solito,
1339 2184 1426 2217 quae
1459 2173 1623 2205 librorum

277 2245 391 2278 lectio.
453 2245 504 2277 De
538 2243 787 2287 permutatione
821 2253 940 2276 vocum
975 2242 1122 2276 conferri
1155 2240 1250 2274 iubet
1279 2239 1316 2281 Ι,
1341 2241 1380 2281 1,
1406 2240 1462 2272 44.
1522 2237 1621 2278 Virg.

278 2312 362 2344 Aen.
388 2309 458 2351 IX,
480 2311 562 2344 214.

374 2375 489 2409 V.82.
525 2375 639 2407 Semel
673 2373 875 2406 monendum
908 2377 960 2406 est
993 2383 1069 2406 cum
1102 2371 1293 2405 Huscmuo
1326 2370 1484 2404 Vossmm
1519 2375 1624 2409 saepe

281 2451 330 2485 pr.
378 2439 433 2473 Et
457 2439 659 2472 deteriorem
686 2439 866 2472 lectionem
893 2442 927 2471 et
961 2439 1070 2471 minus
1101 2437 1270 2481 poetieam
1303 2440 1344 2466 ut
1374 2434 1547 2473 intulisse,
1586 2435 1624 2464 ut

284 2505 348 2540 hoc
376 2506 451 2538 loco
478 2510 519 2535 ut
543 2522 587 2527 —
613 2503 704 2537 luat.
753 2504 916 2537 Similiter
939 2503 984 2543 ΙΙ,
1010 2505 1041 2543 l,
1062 2505 1118 2536 64.
1151 2502 1211 2542 lv,
1239 2503 1269 2541 1,
1291 2501 1370 2532 168.
1419 2497 1514 2531 ldem
1543 2496 1626 2529 fecit

284 2574 315 2606 in
343 2570 637 2605 Translationihus
664 2570 733 2602 suis
758 2574 794 2602 ut
819 2569 938 2612 Yirgii.
965 2571 1094 2611 Georg.
1118 2568 1144 2605 Ι,
1170 2569 1227 2600 65.
1253 2568 1307 2599 72.
1334 2566 1528 2609 Perper-(im.
