1721 2953
672 108 910 150 TIBULLI.
1362 120 1464 145 xxm

286 230 337 267 At
367 225 467 266 mihi
496 224 530 264 si
559 222 711 274 credas,
737 223 849 262 illam
881 236 1030 276 sequar
1061 235 1167 262 unus
1197 220 1246 260 ad
1277 236 1393 262 aras:

397 304 516 342 Tunc
547 303 649 342 mihi
677 316 762 345 non
795 300 922 341 oculis
956 300 1006 339 sit
1034 299 1217 339 timuisse
1245 299 1359 349 meis,

119 381 267 431 colligit
283 380 404 420 etiam
420 379 515 418 hinc
533 377 809 432 antiquiorem
826 377 951 415 fuisse
970 374 1241 428 Lygdamum,
1261 373 1463 428 siquidem

117 458 232 511 prius
248 455 381 496 maior
397 456 549 495 horror
570 455 721 493 horum
742 465 953 492 sacrorum
973 459 1090 491 esset.
1138 449 1221 490 Sed
1242 449 1336 492 vide
1357 464 1464 504 quae
1494 504 1497 507 ῃ

117 532 204 572 dixi
231 531 284 571 ad
310 531 403 571 illos
433 531 561 571 locos.
626 529 819 582 Denique
848 528 1131 581 imperfectam
1160 535 1288 567 artem
1317 535 1465 580 poetae

116 609 382 649 rusticitatem
413 607 590 660 appellat
618 604 861 646 horridioris
892 605 995 646 aevi.
1053 603 1133 645 Sed
1156 605 1220 644 his
1252 612 1466 658 atquem-

114 686 223 724 libus
253 684 357 723 nihil
385 683 560 723 efficitur
589 680 702 736 quod
736 694 996 722 commovere
1033 693 1284 734 quemquam
1313 681 1465 732 possit,

117 776 244 816 quare
286 775 397 801 nunc
437 761 556 800 mitto
598 761 717 799 istam
761 759 1014 811 opinionem.
1086 757 1250 811 Optime
1290 773 1390 799 vero
1425 768 1464 799 et

114 840 333 879 rectissime
376 836 565 886 Oebeke,
604 844 650 875 ut
689 819 842 874 fecerat
882 836 1004 875 etiam
1041 833 1275 886 Spohnius,
1313 834 1466 873 refutat

114 917 309 957 Vossium
355 914 626 968 repugnantia
674 914 803 953 multa
849 911 899 952 de
947 910 1160 966 Lygdamo
1205 909 1463 950 fundentem.

113 993 260 1047 Neque
290 993 399 1032 enim
430 991 656 1031 Graeculus
684 991 764 1030 suit
794 998 834 1030 et
862 989 1077 1030 libertinae
1104 988 1361 1037 conditionis,
1391 988 1462 1028 sed

114 1071 347 1111 Ronlanum
375 1083 418 1109 se
450 1069 547 1108 dicit
573 1068 674 1121 ipse,
704 1076 750 1107 ut
780 1069 1042 1107 observatum
1071 1067 1252 1118 primum
1283 1080 1306 1104 a
1331 1066 1462 1116 Wag-

115 1160 216 1186 nero
246 1154 324 1194 est,
357 1145 474 1183 initio
504 1144 603 1182 libri
630 1143 762 1182 tertii:

282 1219 486 1259 Exoriens
515 1217 664 1257 nostris
692 1217 758 1255 hic
787 1217 866 1256 fuit
895 1230 1026 1256 annus
1057 1217 1164 1266 avis,

114 1310 247 1350 neque
276 1307 426 1345 egenus
447 1294 583 1345 potuit
605 1305 701 1342 esse,
735 1292 807 1345 qui
828 1291 989 1330 lautum
1016 1291 1252 1331 convivium
1274 1291 1318 1330 in
1345 1301 1463 1332 sexta

112 1374 238 1424 elegia
263 1369 465 1419 describit,
497 1369 570 1408 ubi
600 1368 722 1407 etiam
747 1375 957 1420 unguenta
985 1368 1167 1420 pretiosa
1183 1382 1279 1410 „non
1301 1368 1461 1418 desunt,

111 1458 151 1489 et
180 1457 287 1488 amat
327 1447 497 1487 omnino
532 1444 774 1496 elegantiam
807 1453 846 1485 et
882 1446 1032 1484 luxum
1066 1444 1294 1499 quendam,
1333 1448 1462 1487 veluti

110 1541 202 1566 cum
236 1526 388 1564 librum
431 1522 584 1561 amicae
613 1520 783 1561 missum
818 1519 1011 1560 describit
1042 1529 1112 1559 aut
1140 1522 1320 1561 honores
1350 1536 1462 1562 mor-

107 1611 178 1641 tuo
220 1601 299 1639 sibi
337 1596 587 1639 reddendos.
658 1595 739 1636 Sed
780 1594 999 1635 dicendum
1026 1610 1149 1649 ⁶nunc
1188 1595 1238 1636 de
1281 1595 1461 1637 editione

109 1678 328 1728 elegiarum
369 1682 429 1715 est
470 1672 571 1728 quid
611 1673 797 1712 sentiam.
854 1672 1014 1724 Nempe
1045 1681 1160 1712 acute
1188 1674 1291 1712 mihi
1324 1674 1460 1713 Lach-

109 1765 284 1790 mannus
313 1763 428 1789 meus
457 1757 631 1788 statuere
663 1747 829 1787 videtur
859 1746 904 1784 in
932 1738 1211 1786 Annotatione
1243 1748 1351 1787 libro
1377 1757 1461 1787 ter-

110 1829 167 1867 tio
196 1826 391 1879 praefixa,
421 1822 550 1863 editos
580 1831 663 1861 tres
697 1821 863 1861 ultimos
885 1821 1014 1860 libros
1040 1823 1091 1861 ab
1121 1822 1201 1862 alio
1226 1831 1319 1873 post
1348 1837 1460 1863 mor-

109 1912 190 1943 tem
222 1902 390 1942 Tibulli.
448 1900 658 1948 Tibullus,
688 1906 734 1937 ut
767 1897 943 1939 vidimus
975 1911 1121 1950 supra,
1150 1909 1340 1940 mortuus
1371 1911 1459 1941 erat

108 1985 144 2020 in
172 1993 311 2019 amore
340 1977 541 2027 Nemesis,
571 1977 645 2030 qui
675 1989 791 2015 amor
820 1988 914 2014 cum
943 1988 1028 2015 non
1057 1974 1198 2015 finitus
1233 1985 1348 2026 esset,
1382 1992 1456 2016 nec

106 2058 212 2097 liber
242 2054 447 2096 secundus
474 2053 555 2093 dici
585 2038 718 2106 potest
749 2068 772 2091 a
800 2053 968 2092 Tibullo
997 2053 1164 2103 finitus,
1203 2054 1274 2094 sed
1307 2057 1458 2106 proba-

107 2135 188 2174 bile
226 2142 285 2173 est
311 2134 542 2184 longiorem
569 2132 755 2171 futurum
794 2130 920 2169 fuisse
950 2138 989 2169 et
1018 2130 1149 2182 priori
1180 2131 1458 2182 magnitudine

108 2212 357 2260 similiorem,
388 2210 422 2248 si
449 2217 570 2262 poeta
599 2207 751 2248 diutius
779 2207 972 2257 vixissem
999 2221 1135 2260 neque
1169 2209 1279 2247 enim
1303 2207 1458 2247 edidis·

108 2296 165 2327 set
195 2295 287 2326 ante
313 2286 436 2325 finem
464 2285 627 2324 amoris.
685 2283 807 2322 Nunc
831 2282 954 2333 igitur
980 2291 1023 2321 ut
1049 2283 1236 2332 habetur,
1263 2296 1315 2322 ex
1342 2285 1458 2323 sche-

109 2363 169 2402 dis
199 2362 308 2401 Albii
339 2359 389 2400 ab
425 2361 504 2399 alio
539 2358 671 2399 editus
701 2366 783 2407 est,
816 2372 860 2396 ac
892 2372 985 2396 cum
1014 2359 1153 2398 onmia
1186 2359 1282 2398 satis
1317 2361 1457 2401 elabo-

107 2446 195 2476 rata
227 2437 411 2485 videam,
441 2446 501 2476 est
525 2445 663 2476 tamen
691 2435 736 2474 in
766 2435 886 2474 tertio
914 2435 1093 2474 carmine
1123 2434 1342 2489 descriptio
1372 2451 1455 2477 ser-

109 2512 195 2551 vitii
224 2513 432 2566 Apollinei
460 2512 571 2566 apud
600 2511 845 2561 Admetum,
884 2512 927 2550 in
959 2526 1040 2565 qua
1073 2512 1257 2552 ultimam
1285 2528 1454 2553 manum

111 2587 310 2632 desidero.
368 2589 449 2631 Sed
478 2589 586 2631 idem
615 2591 703 2640 ille,
735 2589 807 2643 qui
832 2589 942 2628 hunc
971 2589 1126 2630 librum
1157 2590 1303 2642 edidit,
1334 2591 1455 2631 simul

442 2651 461 2667 0
