1721 2953
531 169 673 208 LIBR.
708 167 739 207 Ι.
801 167 959 209 ELEG.
993 170 1065 210 111.
1433 176 1483 210 83

135 291 172 319 ut
207 297 272 320 non
305 296 324 319 a
357 283 507 329 propiori
539 282 582 316 ad
615 282 818 324 remotiora,
854 282 914 315 sed
950 293 969 315 a
1002 282 1241 317 remotioribus
1274 283 1317 316 ad
1343 285 1483 327 propius

135 355 296 396 pergeret
328 350 458 391 oratio,
489 352 593 391 atque
619 349 666 381 ita
691 347 869 381 commode
894 348 1096 382 succederet
1132 347 1374 392 epiphonema:
1407 349 1483 383 Illic

134 420 178 453 sit
210 419 400 462 quicunque
431 425 526 449 meos
562 415 699 449 violavit
723 414 877 448 amores!
927 414 1026 448 Nunc
1052 419 1164 449 autem
1197 416 1283 448 alius
1308 416 1391 449 ordo
1417 427 1482 450 no-

133 487 258 520 minum
284 484 447 525 habetur,
484 486 519 516 et
544 486 646 527 poeta
670 492 748 515 cum
773 481 928 514 Ixionem
953 482 986 514 iu
1012 483 1177 526 principio
1209 484 1382 527 posuerit,
1416 482 1481 517 hoc

133 550 234 584 modo
268 549 368 582 simul
401 548 616 591 sequentium
651 557 764 580 rerum
797 556 934 580 sensum
969 550 1003 580 et
1038 548 1203 582 rationem
1227 549 1375 582 indicare
1400 560 1483 584 cen-

132 615 258 649 sendus
283 618 344 656 est,
370 625 457 657 quae
482 615 548 647 iam
569 613 611 647 ad
635 613 726 647 idem
744 615 921 647 consillum
940 614 1151 648 revocandae
1173 619 1262 648 sunt-
1309 617 1356 649 At
1380 617 1481 658 enim,

134 681 294 723 obiicies,
329 691 396 714 non
428 680 633 714 conveniunt
666 682 797 722 omnia,
832 685 936 723 atque
967 685 1005 714 ut
1029 681 1123 724 Tityi
1158 684 1257 727 culpa
1285 683 1402 717 similis
1425 684 1481 726 sit,

132 749 298 783 Tantalus
323 753 416 782 certe
440 749 474 782 iu
498 749 566 782 alio
588 758 715 791 genere
739 748 907 792 peccavit.
956 748 1087 790 Recte;
1112 760 1217 792 quare
1241 761 1308 794 ego
1329 761 1389 785 eos
1410 762 1479 785 non

133 820 274 860 propter
297 816 436 849 crimina
461 826 548 859 quae
573 819 664 848 tacet
689 819 792 859 poeta
809 819 853 865 'et
876 825 942 848 non
965 820 1072 857 curat,
1098 816 1159 849 sed
1185 821 1326 860 propter
1350 826 1478 860 poenas

132 882 266 916 additos
291 892 434 919 censeo,
471 892 554 924 quas
579 881 763 925 patiuntur.
813 880 947 924 Nempe
972 879 1036 913 hoc
1071 885 1121 914 est
1151 881 1243 923 quod
1269 882 1372 916 dicit:
1405 884 1480 914 Im-

128 960 255 993 precor
277 946 452 981 rivalibus
473 937 610 979 Ixionis
636 945 855 991 corruptoris
873 957 1043 990 poenam,
1068 951 1134 977 aar
1165 946 1264 987 Tityi
1292 946 1482 980 Tantalive

132 1013 335 1050 cruciatus,
371 1013 432 1059 qui
465 1025 534 1046 non
566 1012 682 1046 minu-3
717 1013 762 1046 iis
789 1012 1023 1046 convenirent.
1074 1012 1178 1048 Quod
1212 1022 1254 1045 ne
1287 1013 1385 1047 inane
1418 1014 1482 1048 tibi

132 1078 288 1111 videatur
310 1078 460 1119 verbum,
486 1078 663 1112 considera
688 1089 821 1112 mecum
845 1077 905 1111 has
930 1088 1072 1121 poenas·
1121 1077 1220 1112 Ixion
1245 1083 1341 1112 rotae
1365 1080 1480 1122 illiga-

133 1147 187 1176 tus
209 1148 362 1177 versatur
383 1147 561 1187 perpetuo,
589 1147 627 1176 ut
652 1153 752 1185 quem
777 1143 902 1176 amoris
929 1153 1031 1176 curae
1055 1143 1190 1176 assidue
1216 1149 1362 1186 versant,
1388 1143 1480 1187 quod

134 1214 186 1243 est
212 1213 439 1255 στρέφεσθαι,
479 1210 658 1243 &ommam
690 1211 848 1252 Graece,
884 1209 927 1243 cf.
956 1209 998 1243 ad
1022 1210 1049 1251 I,
1074 1213 1108 1252 5,
1132 1213 1165 1243 3.
1215 1211 1275 1244 Sic
1308 1211 1480 1245 PLAUTUS

133 1278 264 1310 Cistell.
291 1277 336 1319 II,
362 1280 393 1319 l,
418 1279 453 1310 4.
479 1277 578 1310 dicit:
620 1277 746 1313 iactor,
772 1277 918 1313 crucior,
944 1276 1074 1322 agitor,
1099 1275 1272 1312 stimulor,
1299 1287 1418 1309 versor
1443 1276 1481 1308 in

135 1341 264 1374 amoris
289 1346 370 1374 rota
394 1341 508 1374 miser.
557 1342 667 1375 Porro
692 1341 809 1375 sedem
844 1341 1028 1374 affectuum
1063 1344 1098 1373 et
1131 1341 1355 1384 cupiditatum
1387 1342 1483 1374 iecur

135 1407 315 1450 (Lfflnm.
340 1406 383 1439 ad
408 1406 531 1439 Horat.
555 1406 583 1448 I,
606 1409 659 1448 13,
679 1408 710 1439 4.
736 1406 798 1448 IV,
820 1408 853 1447 1,
878 1409 932 1441 12.
958 1406 1192 1439 MITscflERL.
1218 1405 1261 1438 ad
1284 1405 1347 1447 ΙΙΙ,
1371 1407 1404 1447 4,
1423 1408 1482 1439 77.

133 1473 272 1507 VALcK.
297 1472 340 1505 ad
364 1471 484 1516 Eurip.
510 1471 649 1515 Hippol.
677 1470 801 1514 1070.)
827 1471 969 1512 Tityus,
996 1471 1130 1513 quoties
1156 1471 1187 1503 ei
1211 1471 1398 1511 succrevit,
1427 1474 1482 1502 to-

131 1539 195 1572 tles
213 1538 426 1582 absumptum
449 1536 562 1579 habet,
588 1540 623 1570 et
648 1537 703 1569 siti
727 1536 926 1579 inexplebili
949 1536 1082 1570 laborat
1101 1536 1278 1574 Tantalus.
1327 1535 1380 1568 De
1403 1536 1481 1578 qui-

132 1604 196 1638 bus
234 1605 335 1638 rebus
375 1603 514 1649 pulchre
550 1604 637 1637 dixit
673 1603 907 1636 WEchssrqu
944 1613 1041 1636 meus
1074 1603 1109 1636 in
1144 1603 1232 1636 libro
1267 1602 1311 1635 de
1347 1602 1483 1644 Trilog.

133 1671 291 1713 Aeschyl.
318 1683 352 1714 p.
378 1673 460 1705 551.
508 1671 597 1703 Sunt
630 1670 736 1711 igitur
769 1670 964 1713 aptissimae
997 1668 1061 1702 hae
1093 1679 1226 1712 poenae
1251 1679 1369 1703 omues
1401 1679 1482 1702 cor-

133 1738 329 1781 ruptoribus
359 1737 479 1770 Deliae
512 1736 723 1776 libidinosis,
762 1745 847 1777 quos
872 1745 935 1778 par
960 1739 1012 1767 est
1037 1734 1160 1777 agitari
1185 1739 1220 1767 et
1245 1735 1388 1767 cruciari
1413 1735 1483 1776 siti,

133 1805 330 1846 desideriis,
355 1803 620 1847 cupiditatibus,
646 1801 841 1835 libidinibus
866 1811 1036 1844 nunquam
1061 1802 1272 1834 cessantibus
1298 1806 1332 1834 et
1355 1801 1479 1844 quibus

134 1872 226 1904 nullo
245 1875 399 1914 tempore
425 1869 578 1910 satisfiat,
605 1872 643 1901 ut
668 1868 852 1912 puniantur
875 1866 1160 1909 quemadmodum
1182 1870 1378 1910 peccarunt.
1429 1869 1480 1900 Ac

134 1937 265 1971 docebo
289 1937 445 1971 similiter
468 1936 544 1979 plus
569 1935 674 1968 semel
698 1935 732 1967 in
754 1935 996 1977 sequentibus,
1021 1944 1206 1978 poenarum
1231 1934 1338 1967 minas
1365 1934 1481 1967 crimi-

133 2015 214 2037 num
248 2003 371 2036 rationi
402 2000 652 2035 accommodari
687 2000 875 2042 ingeniose.
925 2001 1042 2035 Quare
1075 2000 1203 2043 optime
1236 1998 1289 2033 hic
1324 2000 1436 2032 omnia
1461 2010 1481 2033 a

133 2070 272 2102 Tibullo
298 2069 410 2112 posita
434 2071 524 2100 sunt·
571 2066 697 2099 Restat
721 2066 868 2108 denique
893 2069 931 2098 ut
953 2065 995 2099 de
1020 2065 1228 2098 Danaidibus
1254 2066 1393 2100 verbum
1419 2065 1482 2099 ad·-

136 2135 234 2176 dam,
273 2145 356 2177 quas
391 2133 534 2166 feminas
565 2143 631 2166 non
665 2143 741 2166 esse
775 2136 915 2176 propter
940 2132 1062 2165 rivales
1091 2132 1176 2166 istos
1200 2138 1481 2167 commemoratas

135 2211 198 2246 per
222 2211 259 2234 se
283 2205 389 2244 patet.
438 2199 508 2233 Sed
533 2203 572 2232 ut
596 2198 785 2232 Honffws
807 2199 874 2232 od.
895 2199 957 2240 ΙΙΙ,
978 2201 1033 2232 11.
1059 2199 1093 2232 in
1110 2199 1228 2241 Lydes
1251 2199 1480 2232 admonitione

134 2271 266 2301 amatae
292 2266 355 2300 hoc
381 2266 537 2309 exemplo
563 2265 690 2306 utitur,
723 2265 771 2297 sic
798 2275 885 2298 nunc
917 2275 936 2297 a
961 2264 1099 2297 Tibullo
1125 2264 1257 2297 Deliam
1282 2268 1365 2308 puta
1388 2269 1482 2298 tecte

135 2334 325 2375 leniterque
351 2331 501 2372 moueri,
534 2342 620 2374 quae
647 2331 714 2364 sata
741 2335 897 2364 maneant
922 2332 1039 2374 culpas
1072 2331 1259 2374 puellarum
1291 2332 1392 2365 etiam
1417 2332 1480 2364 sub

135 2401 239 2434 Orco.
306 2397 570 2433 Accommodata
603 2398 690 2430 euim
726 2398 796 2430 visa
831 2401 882 2430 est
915 2395 999 2430 haec
1031 2407 1141 2440 poena
1177 2397 1309 2440 puellae
1346 2397 1481 2438 infidae,

136 2477 223 2509 quae
248 2470 420 2509 postremo
447 2465 583 2499 servilia
609 2475 748 2497 munera
772 2464 1011 2497 molestissima
1034 2463 1149 2496 subire
1173 2462 1298 2504 debet,
1335 2467 1374 2496 ut
1398 2463 1482 2495 alias

136 2535 370 2575 paupertatem
405 2535 440 2565 in
471 2535 649 2565 senectute
684 2535 719 2564 et
744 2531 840 2563 lanae
866 2530 1037 2573 opificium
1070 2530 1112 2562 ad
1139 2529 1243 2563 vitam
1266 2529 1480 2563 tolerandam

135 2599 261 2631 talibus
286 2599 406 2641 puellis
430 2598 614 2643 praedicit,
639 2598 684 2631 cf.
711 2598 738 2639 I,
764 2601 798 2639 6,
824 2598 880 2631 fin.
930 2597 981 2630 De
1007 2596 1216 2630 Danaidibus
1245 2595 1288 2629 ct'.
1312 2597 1419 2628 Ovm.
1445 2594 1479 2627 iu

134 2663 220 2697 lbid.
246 2666 338 2697 355:
375 2666 544 2711 Quaeque
566 2675 698 2710 parare
724 2663 798 2697 suis
824 2662 933 2696 letum
954 2661 1182 2709 patruelibus
1209 2672 1316 2694 ausae
1343 2660 1482 2694 Belides

1046 2734 1067 2766 6
1086 2729 1104 2751 *
