1721 2953
234 130 310 166 2¹22
545 120 914 165 COMMENTAR.
947 122 1003 163 IN
1037 123 1262 166 TIBULLI

233 244 347 284 partes
370 237 520 283 explicat
541 238 675 281 reliquo
697 237 852 273 disticho.
867 257 911 267 -
939 241 1084 275 Fusus
1109 246 1262 277 versat
1281 253 1416 288 opus,
1442 249 1579 280 versato

229 309 306 342 suso
327 310 450 341 nentur
472 306 549 348 fila,
582 306 622 339 fit
645 315 742 350 opus,
778 306 887 341 Ovn).
912 308 1056 343 Heroid.
1081 309 1177 352 X1X,
1206 313 1272 344 37:
1309 316 1476 356 tortaque
1500 324 1579 345 rer-

231 381 311 408 sato
336 373 503 405 ducentes
525 370 684 404 stamina
710 371 816 418 fuso.
872 373 1028 418 Denique
1063 376 1279 419 apposito
1313 377 1507 421 pollice,
1544 383 1581 411 ut

229 442 336 474 Ovm.
360 438 449 472 Met.
474 437 535 480 VI,
558 439 616 471 22.
641 437 741 471 dicit:
778 436 851 470 sive
883 437 953 472 let-i
986 445 1130 472 teretem
1161 438 1329 473 versabat
1357 441 1490 486 pollice
1507 441 1582 488 fa-

229 516 317 539 sum.
341 523 388 530 —-
423 504 467 537 V.
493 506 539 536 65
565 513 616 546 sq.
645 503 790 546 Atque
815 503 990 547 aliqua,
1016 505 1195 539 collective
1220 504 1304 540 haec
1328 511 1363 540 et
1387 508 1458 542 illa.
1507 509 1582 543 Res

227 574 318 605 nota.
367 569 484 604 Mutat
517 572 631 602 autem
665 569 854 602 orationem
887 570 1038 603 suaviter
1072 574 1107 604 et
1137 572 1288 605 ornatius
1313 572 1504 607 conformat
1528 584 1580 618 pr.

226 637 389 681 simplici:
415 635 492 670 hinc
518 639 729 670 textura.—-
754 636 970 671 assiduae
995 638 1176 672 textrix
1200 644 1391 683 operata
1416 641 1582 675 Miner-

228 715 320 739 vae.
366 703 432 737 Est
456 702 509 737 hic
532 704 689 737 Minerva
714 705 939 747 metonymice
966 715 1016 749 pr.
1041 705 1188 740 lanificio
1211 705 1314 749 dicta,
1338 711 1376 740 ut
1394 719 1449 751 ap.
1471 708 1579 742 Vme.

229 773 313 807 Aen,
341 770 437 813 VIII,
463 772 553 804 409:
584 769 747 816 semina,
786 771 844 804 cui
876 770 1029 805 tolerare
1062 771 1135 805 colo
1167 771 1280 806 vitam
1314 772 1482 819 tenuique
1504 771 1581 805 Mi-

228 849 336 872 nerva
370 836 589 881 impositum,
629 842 663 872 et
689 839 796 873 Ovn).
825 839 912 874 Met.
936 840 997 882 IV,
1022 842 1090 874 32:
1127 839 1223 873 solae
1248 839 1451 886 Minyeides
1483 839 1583 874 intus

226 905 479 952 Intempestiua
504 905 691 940 turbantes
715 906 823 952 festa
853 905 1041 944 Minerva,
1078 907 1162 941 Aut
1198 906 1334 940 clueant
1369 907 1477 941 lanas
1514 913 1581 940 aut

227 972 384 1007 stamina
403 971 531 1018 pollice
555 979 710 1008 versant.
772 975 882 1008 Porro
907 973 1076 1007 assiduae
1100 978 1138 1008 ut
1162 984 1265 1018 supra
1288 984 1319 1007 v.
1347 976 1405 1008 51.
1432 972 1582 1007 assiduo

226 1045 362 1073 aratro.
389 1040 526 1082 ,Atque
559 1038 698 1084 operari
729 1042 782 1072 est
812 1039 1031 1081 incumbere,
1063 1043 1103 1072 ut
1138 1042 1294 1081 constat,
1328 1038 1435 1072 veluti
1467 1038 1580 1071 Ovn).

227 1106 360 1139 Amorr.
385 1104 431 1145 II,
455 1107 489 1147 7,
513 1107 578 1138 23:
612 1103 718 1137 Adde
743 1103 838 1150 qaod
870 1102 1038 1137 ornandis
1070 1103 1137 1136 illa
1168 1110 1223 1137 est
1252 1109 1400 1149 operata
1425 1104 1579 1149 capillis,

225 1177 260 1206 et
284 1173 370 1208 Met.
394 1171 472 1214 VII,
497 1174 586 1206 746:
626 1170 758 1204 studiis
781 1177 929 1216 operata
954 1171 1111 1204 Dianae.
1158 1172 1230 1205 Sed
1255 1173 1360 1215 vulgo
1384 1170 1520 1205 textrix
1546 1173 1581 1205 in

225 1239 337 1272 textis
366 1241 498 1272 mutant
525 1237 569 1271 de
603 1237 800 1271 coniectura
823 1237 1030 1280 mmmmm
1063 1238 1111 1271 ita
1144 1237 1274 1282 placuit
1306 1237 1581 1278 Bnoncxfflusro,

225 1306 391 1346 VULPIO,
417 1305 568 1345 Vossm,
593 1304 912 1346 Wumnnmcmo,
932 1304 1096 1346 BAcmo,
1122 1303 1337 1346 Huscmcro,
1363 1304 1580 1344 GOLBERYO,

225 1372 281 1413 qui
319 1369 502 1403 assiduam
537 1368 654 1402 dicunt
684 1378 865 1411 operosam
899 1378 997 1410 esse,
1036 1373 1073 1401 ut
1098 1368 1242 1402 HORAT.
1267 1368 1331 1409 111,
1359 1370 1415 1409 12,
1440 1370 1476 1400 5.
1508 1367 1582 1401 sive

224 1433 399 1482 Ἐργάνην,
420 1434 462 1469 de
482 1446 549 1479 quo
563 1435 698 1468 nomine
715 1434 833 1468 confer
853 1435 996 1468 Ennea..
1011 1433 1053 1467 ad
1068 1433 1218 1479 Alciphr.
1234 1433 1295 1475 ΠΙ,
1310 1434 1368 1467 40.
1393 1433 1577 1466 ΑΒΒΕεσΗ.

226 1503 269 1537 ad
294 1503 497 1536 Aristaenet.
524 1513 557 1544 p.
586 1503 665 1533 128.
715 1501 868 1535 Vossms
904 1505 1018 1534 autem
1058 1504 1154 1533 texta
1186 1500 1363 1533 Minervae
1396 1500 1469 1533 vult
1504 1510 1580 1533 esse

228 1570 375 1610 subtilia,
400 1569 585 1602 artificiosa
610 1566 768 1600 maxime.
818 1567 865 1600 At
894 1568 984 1599 enim
1007 1577 1074 1600 non
1101 1577 1187 1609 opus
1212 1565 1262 1598 his
1287 1566 1455 1608 omnibus,
1477 1566 1580 1600 immo

224 1639 346 1673 mirum
371 1640 424 1671 est
447 1646 514 1669 nou
539 1635 690 1668 sensisse
722 1634 814 1666 viros
839 1633 961 1667 doctos
991 1634 1199 1666 locutionem
1224 1636 1332 1666 totam
1357 1631 1467 1665 textis
1489 1632 1581 1666 assi-

226 1704 318 1736 duae
343 1702 528 1735 Minervae
553 1699 692 1744 operari
716 1710 791 1734 esse
816 1701 918 1743 longe
945 1701 1171 1742 ornatiorem,
1204 1710 1306 1743 quam
1330 1710 1393 1744 pro
1417 1700 1581 1744 simplici—

223 1772 294 1803 tate
314 1768 531 1801 Tibullianae
557 1766 772 1800 elocutionis·
823 1767 940 1802 Quare
963 1767 1063 1800 unice
1087 1765 1188 1799 laudo
1213 1765 1305 1809 quod
1325 1766 1582 1800 LACHMANNUS

224 1836 409 1871 revocavit.
458 1835 524 1868 Est
558 1838 673 1868 autem
706 1837 868 1868 accentus
901 1834 1081 1878 primarius
1115 1833 1307 1868 sententiae
1332 1834 1367 1866 in
1392 1843 1477 1867 voce
1502 1838 1580 1864 tex-

228 1901 321 1938 trix,
356 1911 433 1935 cum
461 1901 638 1934 Minervae
663 1900 765 1933 etiam
791 1911 852 1934 eae
879 1903 1084 1944 operentur,
1109 1910 1197 1943 quae
1223 1899 1302 1933 colo
1323 1899 1382 1932 fila
1408 1897 1582 1932 deducunt

229 1971 264 2001 et
288 1967 431 2000 stamina
456 1966 581 2009 pollice
606 1970 752 2000 versant.
803 1966 916 2008 Atque
941 1964 1026 1999 haec
1050 1964 1235 2007 hactenus3
1260 1964 1302 1998 ad
1323 1968 1437 1998 cetera
1458 1973 1580 2007 pergo.

230 2033 316 2066 Cum
350 2030 551 2075 simpliciter
587 2031 701 2064 dicere
737 2035 873 2076 posset:
912 2030 989 2065 hinc
1027 2031 1157 2065 textrix
1193 2035 1356 2076 operatur
1390 2030 1580 2069 Minervae,

228 2101 407 2142 praeterea
431 2096 612 2130 admiscuit
635 2098 785 2130 suaviter
810 2098 913 2131 etiam
942 2104 1071 2130 cantus
1096 2098 1324 2140 mentionem,
1362 2106 1430 2140 quo
1455 2106 1492 2129 se
1516 2095 1580 2129 ob-

229 2164 400 2197 lectabant
425 2163 571 2197 feminae
606 2165 760 2198 lanificae
787 2166 944 2198 Graecae
978 2169 1013 2198 et
1045 2165 1190 2198 Latinae
1222 2168 1262 2197 ut
1294 2163 1500 2205 hodiernae,
1536 2162 1580 2196 cf.

227 2229 324 2264 Hom.
352 2229 478 2271 Odyss.
500 2229 542 2272 V,
561 2232 616 2263 61.
642 2230 686 2272 X,
712 2233 795 2264 221.
831 2230 1039 2265 Txmocmr.
1066 2230 1197 2272 XXIV,
1221 2233 1280 2265 75.
1318 2230 1480 2263 Lnomn.
1506 2228 1580 2262 ΤΑ-

226 2306 340 2329 RENT.
366 2294 562 2337 LXXVIII,
585 2298 617 2328 3.
644 2300 679 2329 et
705 2296 815 2331 VmG.
841 2297 973 2340 Georg.
999 2296 1026 2339 Ι,
1051 2299 1133 2330 293.
1158 2296 1217 2329 ubi
1241 2296 1320 2330 vide
1345 2296 1517 2328 Vossmm.
1535 2310 1578 2317 —

228 2364 271 2393 et
307 2361 532 2404 applauso
571 2361 664 2394 tela
700 2365 836 2395 sonat
872 2363 1042 2405 latere,
1081 2361 1113 2397 h.
1139 2372 1168 2396 e.
1206 2361 1276 2395 tela
1311 2361 1459 2395 sonitum
1498 2358 1579 2395 edit,

227 2427 308 2462 dum
346 2429 434 2461 latus
470 2428 542 2461 eius
580 2430 735 2472 pulsatur
771 2431 926 2474 pectine,
967 2434 1004 2463 ut
1041 2433 1136 2464 recte
1171 2429 1320 2472 explicat
1353 2426 1579 2460 Huscnxms.

227 2493 372 2527 Pectine
397 2493 486 2526 enim
517 2493 660 2528 feriente
687 2495 911 2538 subtegmen,
949 2495 1104 2539 pulsatur
1127 2495 1215 2527 latus
1240 2493 1342 2525 telae.
1389 2490 1580 2535 Applauso

228 2557 258 2592 h.
288 2569 317 2592 e.
353 2559 474 2592 leviter
507 2559 641 2602 pulsato
668 2564 705 2593 ut
730 2562 861 2594 sonitus
885 2561 967 2602 fiat,
1001 2559 1105 2594 veluti
1130 2559 1207 2592 SIL·
1231 2558 1283 2591 I'r.
1308 2557 1403 2599 XVI,
1429 2560 1510 2591 357.
1536 2557 1579 2589 de

228 2635 315 2668 equo
341 2625 442 2660 dicit:
467 2624 540 2670 ipse
565 2636 687 2671 asper,
712 2638 773 2660 nec
798 2626 861 2672 qui
883 2624 1024 2659 cervicis
1050 2628 1187 2656 amare!
1210 2621 1408 2666 applausae
1432 2620 1577 2655 blandos

1708 1094 1721 1117 ⁶:-
1708 1066 1721 1090 Ἃ
