<?xml version="1.0" encoding="UTF-8"?>
<!DOCTYPE html PUBLIC "-//W3C//DTD XHTML 1.0 Transitional//EN"
    "http://www.w3.org/TR/xhtml1/DTD/xhtml1-transitional.dtd">
<html xmlns="http://www.w3.org/1999/xhtml" xml:lang="en" lang="en">
 <head>
  <title>
</title>
<meta http-equiv="Content-Type" content="text/html;charset=utf-8" />
  <meta name='ocr-system' content='tesseract 3.04.00' />
  <meta name='ocr-capabilities' content='ocr_page ocr_carea ocr_par ocr_line ocrx_word'/>
</head>
<body>
  <div class='ocr_page' id='page_1' title='image "./carminaexrecensi00tibuuoft_0639.png"; bbox 0 0 1721 2953; ppageno 0'>
   <div class='ocr_carea' id='block_1_1' title="bbox 327 553 1205 606">
    <p class='ocr_par' dir='ltr' id='par_1_1' title="bbox 327 553 1205 606">
     <span class='ocr_line' id='line_1_1' title="bbox 327 553 1205 606; baseline -0.009 0"><span class='ocrx_word' id='word_1_1' title='bbox 327 554 818 606; x_wconf 86' lang='lat' dir='ltr'><strong>COMMENTARIUS</strong></span> <span class='ocrx_word' id='word_1_2' title='bbox 862 553 925 601; x_wconf 85' lang='lat' dir='ltr'>IN</span> <span class='ocrx_word' id='word_1_3' title='bbox 961 553 1205 600; x_wconf 80' lang='lat' dir='ltr'><strong>TIBULLI</strong></span> 
     </span>
    </p>
   </div>
   <div class='ocr_carea' id='block_1_2' title="bbox 508 691 1028 733">
    <p class='ocr_par' dir='ltr' id='par_1_2' title="bbox 508 691 1028 733">
     <span class='ocr_line' id='line_1_2' title="bbox 508 691 1028 733; baseline -0.006 -1"><span class='ocrx_word' id='word_1_4' title='bbox 508 692 730 733; x_wconf 85' lang='lat' dir='ltr'>LIBRUM</span> <span class='ocrx_word' id='word_1_5' title='bbox 758 691 1028 732; x_wconf 86' lang='lat' dir='ltr'>TERTIUM.</span> 
     </span>
    </p>
   </div>
   <div class='ocr_carea' id='block_1_3' title="bbox 560 993 968 1036">
    <p class='ocr_par' dir='ltr' id='par_1_3' title="bbox 560 993 968 1036">
     <span class='ocr_line' id='line_1_3' title="bbox 560 993 968 1036; baseline -0.005 0"><span class='ocrx_word' id='word_1_6' title='bbox 560 993 968 1036; x_wconf 86' lang='lat' dir='ltr'><strong>PRAEFATIO.</strong></span> 
     </span>
    </p>
   </div>
   <div class='ocr_carea' id='block_1_4' title="bbox 93 1129 1458 2581">
    <p class='ocr_par' dir='ltr' id='par_1_4' title="bbox 93 1129 1444 1586">
     <span class='ocr_line' id='line_1_4' title="bbox 93 1129 1437 1197; baseline -0.004 -9"><span class='ocrx_word' id='word_1_7' title='bbox 93 1129 330 1188; x_wconf 71' lang='lat' dir='ltr'>Accedimus</span> <span class='ocrx_word' id='word_1_8' title='bbox 363 1153 406 1186; x_wconf 88' lang='lat' dir='ltr'>ad</span> <span class='ocrx_word' id='word_1_9' title='bbox 443 1154 528 1186; x_wconf 87' lang='lat' dir='ltr'>alius</span> <span class='ocrx_word' id='word_1_10' title='bbox 565 1158 689 1197; x_wconf 84' lang='lat' dir='ltr'>poetae</span> <span class='ocrx_word' id='word_1_11' title='bbox 724 1155 891 1196; x_wconf 82' lang='lat' dir='ltr'>carmina3</span> <span class='ocrx_word' id='word_1_12' title='bbox 929 1164 1006 1187; x_wconf 89' lang='lat' dir='ltr'>nam</span> <span class='ocrx_word' id='word_1_13' title='bbox 1040 1155 1144 1186; x_wconf 88' lang='lat' dir='ltr'>alium</span> <span class='ocrx_word' id='word_1_14' title='bbox 1172 1163 1247 1186; x_wconf 86' lang='lat' dir='ltr'>esse</span> <span class='ocrx_word' id='word_1_15' title='bbox 1274 1154 1308 1184; x_wconf 91' lang='lat' dir='ltr'>et</span> <span class='ocrx_word' id='word_1_16' title='bbox 1333 1160 1437 1194; x_wconf 88' lang='lat' dir='ltr'>supra</span> 
     </span>
     <span class='ocr_line' id='line_1_5' title="bbox 97 1217 1439 1263; baseline -0.002 -13"><span class='ocrx_word' id='word_1_17' title='bbox 97 1222 271 1251; x_wconf 83' lang='lat' dir='ltr'>ostensum</span> <span class='ocrx_word' id='word_1_18' title='bbox 297 1223 349 1251; x_wconf 86' lang='lat' dir='ltr'>est</span> <span class='ocrx_word' id='word_1_19' title='bbox 380 1219 413 1251; x_wconf 90' lang='lat' dir='ltr'>in</span> <span class='ocrx_word' id='word_1_20' title='bbox 441 1219 744 1252; x_wconf 87' lang='lat' dir='ltr'>Dissertationibus</span> <span class='ocrx_word' id='word_1_21' title='bbox 770 1219 908 1252; x_wconf 89' lang='lat' dir='ltr'><strong>Tibullo</strong></span> <span class='ocrx_word' id='word_1_22' title='bbox 942 1220 1157 1263; x_wconf 82' lang='lat' dir='ltr'>praemissis,</span> <span class='ocrx_word' id='word_1_23' title='bbox 1195 1222 1230 1251; x_wconf 89' lang='lat' dir='ltr'>et</span> <span class='ocrx_word' id='word_1_24' title='bbox 1255 1228 1341 1250; x_wconf 91' lang='lat' dir='ltr'>nunc</span> <span class='ocrx_word' id='word_1_25' title='bbox 1367 1217 1439 1259; x_wconf 86' lang='lat' dir='ltr'>ipsa</span> 
     </span>
     <span class='ocr_line' id='line_1_6' title="bbox 96 1281 1439 1330; baseline -0.003 -13"><span class='ocrx_word' id='word_1_26' title='bbox 96 1286 200 1318; x_wconf 85' lang='lat' dir='ltr'>lectio</span> <span class='ocrx_word' id='word_1_27' title='bbox 226 1290 260 1318; x_wconf 84' lang='lat' dir='ltr'>te</span> <span class='ocrx_word' id='word_1_28' title='bbox 286 1285 433 1318; x_wconf 86' lang='lat' dir='ltr'>docebit.</span> <span class='ocrx_word' id='word_1_29' title='bbox 485 1285 624 1318; x_wconf 88' lang='lat' dir='ltr'>Certum</span> <span class='ocrx_word' id='word_1_30' title='bbox 652 1291 721 1327; x_wconf 85' lang='lat' dir='ltr'>est,</span> <span class='ocrx_word' id='word_1_31' title='bbox 761 1285 849 1319; x_wconf 86' lang='lat' dir='ltr'>hunc</span> <span class='ocrx_word' id='word_1_32' title='bbox 875 1291 1012 1330; x_wconf 89' lang='lat' dir='ltr'>poetam</span> <span class='ocrx_word' id='word_1_33' title='bbox 1050 1286 1188 1328; x_wconf 84' lang='lat' dir='ltr'>ingenio</span> <span class='ocrx_word' id='word_1_34' title='bbox 1215 1288 1250 1317; x_wconf 86' lang='lat' dir='ltr'>et</span> <span class='ocrx_word' id='word_1_35' title='bbox 1275 1287 1347 1316; x_wconf 88' lang='lat' dir='ltr'>arte</span> <span class='ocrx_word' id='word_1_36' title='bbox 1377 1281 1439 1314; x_wconf 92' lang='lat' dir='ltr'>Ti-</span> 
     </span>
     <span class='ocr_line' id='line_1_7' title="bbox 96 1347 1439 1395; baseline -0.004 -10"><span class='ocrx_word' id='word_1_37' title='bbox 96 1354 189 1386; x_wconf 82' lang='lat' dir='ltr'>bullo</span> <span class='ocrx_word' id='word_1_38' title='bbox 214 1353 320 1385; x_wconf 89' lang='lat' dir='ltr'>multo</span> <span class='ocrx_word' id='word_1_39' title='bbox 344 1352 539 1385; x_wconf 89' lang='lat' dir='ltr'>inferiorem</span> <span class='ocrx_word' id='word_1_40' title='bbox 565 1353 755 1394; x_wconf 80' lang='lat' dir='ltr'>dicendum,</span> <span class='ocrx_word' id='word_1_41' title='bbox 782 1364 855 1393; x_wconf 88' lang='lat' dir='ltr'>nec,</span> <span class='ocrx_word' id='word_1_42' title='bbox 892 1354 944 1385; x_wconf 83' lang='lat' dir='ltr'>vel</span> <span class='ocrx_word' id='word_1_43' title='bbox 970 1354 998 1385; x_wconf 87' lang='lat' dir='ltr'>si</span> <span class='ocrx_word' id='word_1_44' title='bbox 1029 1353 1152 1395; x_wconf 87' lang='lat' dir='ltr'>cupide</span> <span class='ocrx_word' id='word_1_45' title='bbox 1179 1360 1322 1393; x_wconf 83' lang='lat' dir='ltr'>quaeras</span> <span class='ocrx_word' id='word_1_46' title='bbox 1350 1347 1439 1390; x_wconf 89' lang='lat' dir='ltr'>quod</span> 
     </span>
     <span class='ocr_line' id='line_1_8' title="bbox 97 1413 1442 1459; baseline -0.004 -9"><span class='ocrx_word' id='word_1_47' title='bbox 97 1418 216 1452; x_wconf 88' lang='lat' dir='ltr'>laudes</span> <span class='ocrx_word' id='word_1_48' title='bbox 251 1420 310 1450; x_wconf 87' lang='lat' dir='ltr'>aut</span> <span class='ocrx_word' id='word_1_49' title='bbox 343 1417 526 1459; x_wconf 86' lang='lat' dir='ltr'>defendas,</span> <span class='ocrx_word' id='word_1_50' title='bbox 562 1419 668 1450; x_wconf 86' lang='lat' dir='ltr'>multa</span> <span class='ocrx_word' id='word_1_51' title='bbox 703 1422 738 1450; x_wconf 89' lang='lat' dir='ltr'>te</span> <span class='ocrx_word' id='word_1_52' title='bbox 764 1417 957 1450; x_wconf 81' lang='lat' dir='ltr'>huiusmodi</span> <span class='ocrx_word' id='word_1_53' title='bbox 982 1419 1199 1450; x_wconf 85' lang='lat' dir='ltr'>inventurum</span> <span class='ocrx_word' id='word_1_54' title='bbox 1224 1413 1442 1458; x_wconf 87' lang='lat' dir='ltr'>spondemus.</span> 
     </span>
     <span class='ocr_line' id='line_1_9' title="bbox 97 1480 1444 1529; baseline -0.004 -11"><span class='ocrx_word' id='word_1_55' title='bbox 97 1486 165 1518; x_wconf 85' lang='lat' dir='ltr'>Ubi</span> <span class='ocrx_word' id='word_1_56' title='bbox 200 1489 313 1518; x_wconf 89' lang='lat' dir='ltr'>tamen</span> <span class='ocrx_word' id='word_1_57' title='bbox 345 1485 489 1518; x_wconf 81' lang='lat' dir='ltr'>vidimus</span> <span class='ocrx_word' id='word_1_58' title='bbox 523 1484 615 1527; x_wconf 93' lang='lat' dir='ltr'>quod</span> <span class='ocrx_word' id='word_1_59' title='bbox 649 1495 717 1518; x_wconf 89' lang='lat' dir='ltr'>non</span> <span class='ocrx_word' id='word_1_60' title='bbox 752 1484 967 1529; x_wconf 83' lang='lat' dir='ltr'>displiceret,</span> <span class='ocrx_word' id='word_1_61' title='bbox 1004 1483 1220 1524; x_wconf 85' lang='lat' dir='ltr'>notavimus,</span> <span class='ocrx_word' id='word_1_62' title='bbox 1258 1492 1302 1514; x_wconf 91' lang='lat' dir='ltr'>ne</span> <span class='ocrx_word' id='word_1_63' title='bbox 1327 1480 1444 1514; x_wconf 86' lang='lat' dir='ltr'>iniusti</span> 
     </span>
     <span class='ocr_line' id='line_1_10' title="bbox 97 1550 1234 1586; baseline -0.004 0"><span class='ocrx_word' id='word_1_64' title='bbox 97 1552 309 1586; x_wconf 81' lang='lat' dir='ltr'>haberemur.</span> <span class='ocrx_word' id='word_1_65' title='bbox 358 1552 436 1585; x_wconf 88' lang='lat' dir='ltr'>Non</span> <span class='ocrx_word' id='word_1_66' title='bbox 461 1552 616 1586; x_wconf 87' lang='lat' dir='ltr'>fecerunt</span> <span class='ocrx_word' id='word_1_67' title='bbox 639 1551 705 1585; x_wconf 87' lang='lat' dir='ltr'>hoc</span> <span class='ocrx_word' id='word_1_68' title='bbox 731 1553 882 1585; x_wconf 77' lang='lat' dir='ltr'>Vossms</span> <span class='ocrx_word' id='word_1_69' title='bbox 911 1555 946 1584; x_wconf 87' lang='lat' dir='ltr'>et</span> <span class='ocrx_word' id='word_1_70' title='bbox 970 1550 1234 1583; x_wconf 69' lang='lat' dir='ltr'>Eicns&#39;mnms.</span> 
     </span>
    </p>

    <p class='ocr_par' dir='ltr' id='par_1_5' title="bbox 102 1608 1458 2581">
     <span class='ocr_line' id='line_1_11' title="bbox 192 1608 1444 1664; baseline -0.006 -11"><span class='ocrx_word' id='word_1_71' title='bbox 192 1621 337 1653; x_wconf 86' lang='lat' dir='ltr'>Amabat</span> <span class='ocrx_word' id='word_1_72' title='bbox 363 1624 465 1664; x_wconf 82' lang='lat' dir='ltr'>poeta</span> <span class='ocrx_word' id='word_1_73' title='bbox 490 1608 657 1653; x_wconf 81' lang='lat' dir='ltr'>Neaeram</span> <span class='ocrx_word' id='word_1_74' title='bbox 685 1620 728 1652; x_wconf 92' lang='lat' dir='ltr'>ab</span> <span class='ocrx_word' id='word_1_75' title='bbox 756 1630 796 1651; x_wconf 88' lang='lat' dir='ltr'>eo</span> <span class='ocrx_word' id='word_1_76' title='bbox 824 1618 968 1659; x_wconf 85' lang='lat' dir='ltr'>dictam,</span> <span class='ocrx_word' id='word_1_77' title='bbox 1007 1627 1094 1659; x_wconf 89' lang='lat' dir='ltr'>quae</span> <span class='ocrx_word' id='word_1_78' title='bbox 1130 1616 1327 1658; x_wconf 82' lang='lat' dir='ltr'>coniugium</span> <span class='ocrx_word' id='word_1_79' title='bbox 1361 1625 1444 1658; x_wconf 89' lang='lat' dir='ltr'>pro-</span> 
     </span>
     <span class='ocr_line' id='line_1_12' title="bbox 102 1681 1446 1727; baseline -0.006 -8"><span class='ocrx_word' id='word_1_80' title='bbox 102 1687 259 1727; x_wconf 84' lang='lat' dir='ltr'>miserat,</span> <span class='ocrx_word' id='word_1_81' title='bbox 296 1685 418 1718; x_wconf 88' lang='lat' dir='ltr'>deinde</span> <span class='ocrx_word' id='word_1_82' title='bbox 450 1695 530 1717; x_wconf 84' lang='lat' dir='ltr'>vero</span> <span class='ocrx_word' id='word_1_83' title='bbox 558 1684 658 1716; x_wconf 77' lang='lat' dir='ltr'>allum</span> <span class='ocrx_word' id='word_1_84' title='bbox 687 1684 842 1715; x_wconf 85' lang='lat' dir='ltr'>iuvenem</span> <span class='ocrx_word' id='word_1_85' title='bbox 882 1681 1054 1724; x_wconf 87' lang='lat' dir='ltr'>praeferre</span> <span class='ocrx_word' id='word_1_86' title='bbox 1084 1681 1221 1724; x_wconf 88' lang='lat' dir='ltr'>coepit,</span> <span class='ocrx_word' id='word_1_87' title='bbox 1264 1681 1318 1712; x_wconf 85' lang='lat' dir='ltr'>cui</span> <span class='ocrx_word' id='word_1_88' title='bbox 1345 1681 1446 1712; x_wconf 86' lang='lat' dir='ltr'>etiam</span> 
     </span>
     <span class='ocr_line' id='line_1_13' title="bbox 104 1744 1448 1794; baseline -0.007 -9"><span class='ocrx_word' id='word_1_89' title='bbox 104 1752 235 1786; x_wconf 88' lang='lat' dir='ltr'>nubere</span> <span class='ocrx_word' id='word_1_90' title='bbox 272 1751 452 1794; x_wconf 74' lang='lat' dir='ltr'>cogitavit:</span> <span class='ocrx_word' id='word_1_91' title='bbox 496 1749 572 1783; x_wconf 85' lang='lat' dir='ltr'>hinc</span> <span class='ocrx_word' id='word_1_92' title='bbox 611 1753 727 1782; x_wconf 90' lang='lat' dir='ltr'>natum</span> <span class='ocrx_word' id='word_1_93' title='bbox 771 1751 1009 1792; x_wconf 80' lang='lat' dir='ltr'>argumentum</span> <span class='ocrx_word' id='word_1_94' title='bbox 1055 1747 1168 1779; x_wconf 86' lang='lat' dir='ltr'>flebile</span> <span class='ocrx_word' id='word_1_95' title='bbox 1215 1745 1313 1778; x_wconf 72' lang='lat' dir='ltr'>liuius</span> <span class='ocrx_word' id='word_1_96' title='bbox 1360 1744 1448 1777; x_wconf 87' lang='lat' dir='ltr'>libri.</span> 
     </span>
     <span class='ocr_line' id='line_1_14' title="bbox 103 1812 1450 1860; baseline -0.008 -7"><span class='ocrx_word' id='word_1_97' title='bbox 103 1820 190 1852; x_wconf 87' lang='lat' dir='ltr'>Cum</span> <span class='ocrx_word' id='word_1_98' title='bbox 223 1823 337 1852; x_wconf 90' lang='lat' dir='ltr'>autem</span> <span class='ocrx_word' id='word_1_99' title='bbox 365 1818 396 1850; x_wconf 91' lang='lat' dir='ltr'>in</span> <span class='ocrx_word' id='word_1_100' title='bbox 433 1817 539 1860; x_wconf 88' lang='lat' dir='ltr'>primo</span> <span class='ocrx_word' id='word_1_101' title='bbox 575 1819 722 1850; x_wconf 82' lang='lat' dir='ltr'>carmine</span> <span class='ocrx_word' id='word_1_102' title='bbox 750 1817 858 1850; x_wconf 76' lang='lat' dir='ltr'>virum</span> <span class='ocrx_word' id='word_1_103' title='bbox 884 1826 922 1848; x_wconf 92' lang='lat' dir='ltr'>se</span> <span class='ocrx_word' id='word_1_104' title='bbox 951 1814 1122 1857; x_wconf 89' lang='lat' dir='ltr'>quondam</span> <span class='ocrx_word' id='word_1_105' title='bbox 1150 1812 1325 1850; x_wconf 85' lang='lat' dir='ltr'>Neaerae,</span> <span class='ocrx_word' id='word_1_106' title='bbox 1361 1820 1450 1843; x_wconf 88' lang='lat' dir='ltr'>nunc</span> 
     </span>
     <span class='ocr_line' id='line_1_15' title="bbox 103 1878 1449 1925; baseline -0.007 -8"><span class='ocrx_word' id='word_1_107' title='bbox 103 1884 243 1917; x_wconf 85' lang='lat' dir='ltr'>fratrem</span> <span class='ocrx_word' id='word_1_108' title='bbox 269 1883 380 1924; x_wconf 88' lang='lat' dir='ltr'>dicat,</span> <span class='ocrx_word' id='word_1_109' title='bbox 420 1884 631 1916; x_wconf 70' lang='lat' dir='ltr'>Huscnxrns</span> <span class='ocrx_word' id='word_1_110' title='bbox 662 1892 771 1925; x_wconf 90' lang='lat' dir='ltr'>nuper</span> <span class='ocrx_word' id='word_1_111' title='bbox 800 1881 953 1914; x_wconf 62' lang='lat' dir='ltr'>Monam</span> <span class='ocrx_word' id='word_1_112' title='bbox 980 1880 1175 1923; x_wconf 85' lang='lat' dir='ltr'>opinionem</span> <span class='ocrx_word' id='word_1_113' title='bbox 1202 1878 1323 1910; x_wconf 89' lang='lat' dir='ltr'>miram</span> <span class='ocrx_word' id='word_1_114' title='bbox 1348 1886 1449 1908; x_wconf 82' lang='lat' dir='ltr'>revo—</span> 
     </span>
     <span class='ocr_line' id='line_1_16' title="bbox 106 1944 1449 1991; baseline -0.007 -9"><span class='ocrx_word' id='word_1_115' title='bbox 106 1950 195 1983; x_wconf 75' lang='lat' dir='ltr'>cavit</span> <span class='ocrx_word' id='word_1_116' title='bbox 220 1954 316 1982; x_wconf 83' lang='lat' dir='ltr'>natos</span> <span class='ocrx_word' id='word_1_117' title='bbox 343 1949 557 1991; x_wconf 66' lang='lat' dir='ltr'>Lygdamum</span> <span class='ocrx_word' id='word_1_118' title='bbox 584 1952 618 1981; x_wconf 88' lang='lat' dir='ltr'>et</span> <span class='ocrx_word' id='word_1_119' title='bbox 644 1948 813 1981; x_wconf 87' lang='lat' dir='ltr'>Neaeram</span> <span class='ocrx_word' id='word_1_120' title='bbox 840 1946 999 1979; x_wconf 82' lang='lat' dir='ltr'>fratribus</span> <span class='ocrx_word' id='word_1_121' title='bbox 1025 1949 1084 1978; x_wconf 83' lang='lat' dir='ltr'>aut</span> <span class='ocrx_word' id='word_1_122' title='bbox 1115 1944 1312 1984; x_wconf 86' lang='lat' dir='ltr'>sororibus,</span> <span class='ocrx_word' id='word_1_123' title='bbox 1352 1952 1449 1975; x_wconf 90' lang='lat' dir='ltr'>cum-</span> 
     </span>
     <span class='ocr_line' id='line_1_17' title="bbox 107 2011 1450 2058; baseline -0.007 -10"><span class='ocrx_word' id='word_1_124' title='bbox 107 2025 173 2058; x_wconf 88' lang='lat' dir='ltr'>que</span> <span class='ocrx_word' id='word_1_125' title='bbox 199 2015 373 2057; x_wconf 84' lang='lat' dir='ltr'>legitimae</span> <span class='ocrx_word' id='word_1_126' title='bbox 401 2015 538 2057; x_wconf 86' lang='lat' dir='ltr'>nuptiae</span> <span class='ocrx_word' id='word_1_127' title='bbox 565 2015 632 2047; x_wconf 85' lang='lat' dir='ltr'>sint</span> <span class='ocrx_word' id='word_1_128' title='bbox 656 2015 742 2046; x_wconf 92' lang='lat' dir='ltr'>inter</span> <span class='ocrx_word' id='word_1_129' title='bbox 768 2013 855 2045; x_wconf 86' lang='lat' dir='ltr'>filios</span> <span class='ocrx_word' id='word_1_130' title='bbox 881 2011 1023 2044; x_wconf 82' lang='lat' dir='ltr'>fratrum</span> <span class='ocrx_word' id='word_1_131' title='bbox 1050 2014 1084 2042; x_wconf 91' lang='lat' dir='ltr'>et</span> <span class='ocrx_word' id='word_1_132' title='bbox 1109 2019 1285 2049; x_wconf 85' lang='lat' dir='ltr'>sororum,</span> <span class='ocrx_word' id='word_1_133' title='bbox 1315 2011 1450 2050; x_wconf 86' lang='lat' dir='ltr'>poetam</span> 
     </span>
     <span class='ocr_line' id='line_1_18' title="bbox 108 2074 1454 2123; baseline -0.006 -9"><span class='ocrx_word' id='word_1_134' title='bbox 108 2079 193 2114; x_wconf 85' lang='lat' dir='ltr'>hanc</span> <span class='ocrx_word' id='word_1_135' title='bbox 218 2092 313 2114; x_wconf 84' lang='lat' dir='ltr'>suam</span> <span class='ocrx_word' id='word_1_136' title='bbox 339 2091 490 2114; x_wconf 87' lang='lat' dir='ltr'>sororem</span> <span class='ocrx_word' id='word_1_137' title='bbox 517 2081 641 2114; x_wconf 85' lang='lat' dir='ltr'>dictam</span> <span class='ocrx_word' id='word_1_138' title='bbox 669 2080 850 2123; x_wconf 85' lang='lat' dir='ltr'>aliquando</span> <span class='ocrx_word' id='word_1_139' title='bbox 880 2079 913 2111; x_wconf 90' lang='lat' dir='ltr'>in</span> <span class='ocrx_word' id='word_1_140' title='bbox 939 2078 1153 2112; x_wconf 87' lang='lat' dir='ltr'>matrimonio</span> <span class='ocrx_word' id='word_1_141' title='bbox 1178 2076 1354 2116; x_wconf 82' lang='lat' dir='ltr'>habuisse,</span> <span class='ocrx_word' id='word_1_142' title='bbox 1392 2074 1454 2107; x_wconf 89' lang='lat' dir='ltr'>de-</span> 
     </span>
     <span class='ocr_line' id='line_1_19' title="bbox 107 2138 1453 2188; baseline -0.007 -9"><span class='ocrx_word' id='word_1_143' title='bbox 107 2146 186 2179; x_wconf 87' lang='lat' dir='ltr'>inde</span> <span class='ocrx_word' id='word_1_144' title='bbox 211 2157 292 2179; x_wconf 87' lang='lat' dir='ltr'>casu</span> <span class='ocrx_word' id='word_1_145' title='bbox 327 2146 503 2179; x_wconf 83' lang='lat' dir='ltr'>discidium</span> <span class='ocrx_word' id='word_1_146' title='bbox 538 2146 783 2186; x_wconf 75' lang='lat' dir='ltr'>intervenisse,</span> <span class='ocrx_word' id='word_1_147' title='bbox 817 2154 975 2188; x_wconf 88' lang='lat' dir='ltr'>sperasse</span> <span class='ocrx_word' id='word_1_148' title='bbox 1009 2153 1090 2175; x_wconf 84' lang='lat' dir='ltr'>vero</span> <span class='ocrx_word' id='word_1_149' title='bbox 1124 2141 1283 2174; x_wconf 87' lang='lat' dir='ltr'>maritum</span> <span class='ocrx_word' id='word_1_150' title='bbox 1316 2138 1453 2182; x_wconf 82' lang='lat' dir='ltr'>nuptias</span> 
     </span>
     <span class='ocr_line' id='line_1_20' title="bbox 110 2208 1455 2254; baseline -0.007 -9"><span class='ocrx_word' id='word_1_151' title='bbox 110 2212 222 2245; x_wconf 84' lang='lat' dir='ltr'>denuo</span> <span class='ocrx_word' id='word_1_152' title='bbox 246 2213 515 2254; x_wconf 82' lang='lat' dir='ltr'>conglutinatum</span> <span class='ocrx_word' id='word_1_153' title='bbox 542 2212 594 2245; x_wconf 88' lang='lat' dir='ltr'>iri.</span> <span class='ocrx_word' id='word_1_154' title='bbox 644 2211 715 2244; x_wconf 89' lang='lat' dir='ltr'>Sed</span> <span class='ocrx_word' id='word_1_155' title='bbox 740 2210 861 2243; x_wconf 83' lang='lat' dir='ltr'>futiles</span> <span class='ocrx_word' id='word_1_156' title='bbox 886 2213 965 2242; x_wconf 87' lang='lat' dir='ltr'>sunt</span> <span class='ocrx_word' id='word_1_157' title='bbox 994 2208 1056 2241; x_wconf 86' lang='lat' dir='ltr'>hae</span> <span class='ocrx_word' id='word_1_158' title='bbox 1081 2208 1309 2246; x_wconf 84' lang='lat' dir='ltr'>coniecturae,</span> <span class='ocrx_word' id='word_1_159' title='bbox 1336 2214 1455 2247; x_wconf 87' lang='lat' dir='ltr'>quem-</span> 
     </span>
     <span class='ocr_line' id='line_1_21' title="bbox 110 2271 1456 2311; baseline -0.006 0"><span class='ocrx_word' id='word_1_160' title='bbox 110 2278 293 2311; x_wconf 89' lang='lat' dir='ltr'>admodum</span> <span class='ocrx_word' id='word_1_161' title='bbox 320 2279 385 2311; x_wconf 84' lang='lat' dir='ltr'>iam</span> <span class='ocrx_word' id='word_1_162' title='bbox 410 2277 658 2311; x_wconf 68' lang='lat' dir='ltr'>Ercnsmmtss</span> <span class='ocrx_word' id='word_1_163' title='bbox 691 2277 840 2311; x_wconf 88' lang='lat' dir='ltr'>ostendit</span> <span class='ocrx_word' id='word_1_164' title='bbox 875 2277 908 2308; x_wconf 90' lang='lat' dir='ltr'>in</span> <span class='ocrx_word' id='word_1_165' title='bbox 935 2274 1231 2307; x_wconf 86' lang='lat' dir='ltr'>Commentatione</span> <span class='ocrx_word' id='word_1_166' title='bbox 1260 2271 1456 2305; x_wconf 88' lang='lat' dir='ltr'>academica</span> 
     </span>
     <span class='ocr_line' id='line_1_22' title="bbox 111 2336 1455 2388; baseline -0.005 -13"><span class='ocrx_word' id='word_1_167' title='bbox 111 2345 166 2375; x_wconf 83' lang='lat' dir='ltr'>De</span> <span class='ocrx_word' id='word_1_168' title='bbox 191 2342 370 2388; x_wconf 75' lang='lat' dir='ltr'>Lygdami</span> <span class='ocrx_word' id='word_1_169' title='bbox 393 2341 605 2375; x_wconf 76' lang='lat' dir='ltr'>carminibus,-</span> <span class='ocrx_word' id='word_1_170' title='bbox 631 2353 706 2375; x_wconf 89' lang='lat' dir='ltr'>ann.</span> <span class='ocrx_word' id='word_1_171' title='bbox 735 2343 840 2381; x_wconf 65' lang='lat'>1819,</span> <span class='ocrx_word' id='word_1_172' title='bbox 897 2339 985 2373; x_wconf 87' lang='lat' dir='ltr'>Nam</span> <span class='ocrx_word' id='word_1_173' title='bbox 1023 2340 1079 2382; x_wconf 84' lang='lat' dir='ltr'>qui</span> <span class='ocrx_word' id='word_1_174' title='bbox 1114 2339 1253 2371; x_wconf 85' lang='lat' dir='ltr'>maritus</span> <span class='ocrx_word' id='word_1_175' title='bbox 1287 2336 1455 2380; x_wconf 87' lang='lat' dir='ltr'>quondam</span> 
     </span>
     <span class='ocr_line' id='line_1_23' title="bbox 111 2402 1456 2452; baseline -0.007 -10"><span class='ocrx_word' id='word_1_176' title='bbox 111 2408 242 2451; x_wconf 81' lang='lat' dir='ltr'>suerat,</span> <span class='ocrx_word' id='word_1_177' title='bbox 280 2408 402 2442; x_wconf 91' lang='lat' dir='ltr'>eodem</span> <span class='ocrx_word' id='word_1_178' title='bbox 428 2413 581 2452; x_wconf 88' lang='lat' dir='ltr'>tempore</span> <span class='ocrx_word' id='word_1_179' title='bbox 617 2409 719 2441; x_wconf 85' lang='lat' dir='ltr'>etiam</span> <span class='ocrx_word' id='word_1_180' title='bbox 754 2407 859 2440; x_wconf 83' lang='lat' dir='ltr'>frater</span> <span class='ocrx_word' id='word_1_181' title='bbox 886 2405 950 2438; x_wconf 84' lang='lat' dir='ltr'>fuit</span> <span class='ocrx_word' id='word_1_182' title='bbox 985 2405 1190 2446; x_wconf 84' lang='lat' dir='ltr'>cognatione</span> <span class='ocrx_word' id='word_1_183' title='bbox 1224 2404 1288 2435; x_wconf 80' lang='lat' dir='ltr'>ista</span> <span class='ocrx_word' id='word_1_184' title='bbox 1324 2402 1456 2445; x_wconf 78' lang='lat' dir='ltr'>posita3</span> 
     </span>
     <span class='ocr_line' id='line_1_24' title="bbox 115 2466 1457 2518; baseline -0.005 -11"><span class='ocrx_word' id='word_1_185' title='bbox 115 2474 285 2516; x_wconf 89' lang='lat' dir='ltr'>quomodo</span> <span class='ocrx_word' id='word_1_186' title='bbox 311 2474 416 2517; x_wconf 83' lang='lat' dir='ltr'>igitur</span> <span class='ocrx_word' id='word_1_187' title='bbox 454 2473 506 2505; x_wconf 66' lang='lat' dir='ltr'>vir</span> <span class='ocrx_word' id='word_1_188' title='bbox 538 2473 735 2518; x_wconf 77' lang='lat' dir='ltr'>quondam,</span> <span class='ocrx_word' id='word_1_189' title='bbox 774 2483 865 2504; x_wconf 83' lang='lat' dir='ltr'>nunc</span> <span class='ocrx_word' id='word_1_190' title='bbox 884 2470 1012 2516; x_wconf 84' lang='lat' dir='ltr'>frater</span> <span class='ocrx_word' id='word_1_191' title='bbox 1036 2470 1103 2502; x_wconf 88' lang='lat' dir='ltr'>dici</span> <span class='ocrx_word' id='word_1_192' title='bbox 1130 2472 1244 2512; x_wconf 81' lang='lat' dir='ltr'>potest</span> <span class='ocrx_word' id='word_1_193' title='bbox 1269 2472 1306 2500; x_wconf 81' lang='lat' dir='ltr'>ut</span> <span class='ocrx_word' id='word_1_194' title='bbox 1330 2468 1367 2500; x_wconf 85' lang='lat' dir='ltr'>fit</span> <span class='ocrx_word' id='word_1_195' title='bbox 1392 2466 1457 2508; x_wconf 84' lang='lat' dir='ltr'>hic,</span> 
     </span>
     <span class='ocr_line' id='line_1_25' title="bbox 116 2533 1458 2581; baseline -0.004 -11"><span class='ocrx_word' id='word_1_196' title='bbox 116 2539 335 2581; x_wconf 84' lang='lat' dir='ltr'>similiterque</span> <span class='ocrx_word' id='word_1_197' title='bbox 361 2538 495 2572; x_wconf 82' lang='lat' dir='ltr'>Neaera</span> <span class='ocrx_word' id='word_1_198' title='bbox 523 2537 594 2570; x_wconf 63' lang='lat' dir='ltr'>sit-e</span> <span class='ocrx_word' id='word_1_199' title='bbox 618 2537 769 2570; x_wconf 71' lang='lat' dir='ltr'>coniunx</span> <span class='ocrx_word' id='word_1_200' title='bbox 796 2535 868 2568; x_wconf 74' lang='lat' dir='ltr'>sive</span> <span class='ocrx_word' id='word_1_201' title='bbox 893 2547 991 2567; x_wconf 78' lang='lat' dir='ltr'>soror</span> <span class='ocrx_word' id='word_1_202' title='bbox 1009 2533 1171 2579; x_wconf 76' lang='lat' dir='ltr'>jutura,</span> <span class='ocrx_word' id='word_1_203' title='bbox 1211 2544 1299 2576; x_wconf 87' lang='lat' dir='ltr'>quae</span> <span class='ocrx_word' id='word_1_204' title='bbox 1327 2537 1458 2565; x_wconf 85' lang='lat' dir='ltr'>utrum-</span> 
     </span>
    </p>
   </div>
   <div class='ocr_carea' id='block_1_5' title="bbox 119 2599 1460 2648">
    <p class='ocr_par' dir='ltr' id='par_1_6' title="bbox 119 2599 1460 2648">
     <span class='ocr_line' id='line_1_26' title="bbox 119 2599 1460 2648; baseline -0.004 -14"><span class='ocrx_word' id='word_1_205' title='bbox 119 2614 185 2645; x_wconf 81' lang='lat' dir='ltr'>que</span> <span class='ocrx_word' id='word_1_206' title='bbox 215 2604 324 2637; x_wconf 84' lang='lat' dir='ltr'>suerat</span> <span class='ocrx_word' id='word_1_207' title='bbox 358 2606 487 2638; x_wconf 70' lang='lat' dir='ltr'>simul?</span> <span class='ocrx_word' id='word_1_208' title='bbox 539 2606 653 2640; x_wconf 79' lang='lat' dir='ltr'>Quare</span> <span class='ocrx_word' id='word_1_209' title='bbox 681 2604 792 2648; x_wconf 85' lang='lat' dir='ltr'>potius</span> <span class='ocrx_word' id='word_1_210' title='bbox 818 2603 858 2636; x_wconf 88' lang='lat' dir='ltr'>ad</span> <span class='ocrx_word' id='word_1_211' title='bbox 886 2602 1065 2635; x_wconf 80' lang='lat' dir='ltr'>amicitiam</span> <span class='ocrx_word' id='word_1_212' title='bbox 1092 2601 1262 2645; x_wconf 83' lang='lat' dir='ltr'>pertinent</span> <span class='ocrx_word' id='word_1_213' title='bbox 1287 2610 1315 2632; x_wconf 71' lang='lat' dir='ltr'>v.</span> <span class='ocrx_word' id='word_1_214' title='bbox 1337 2599 1460 2643; x_wconf 21' lang='lat' dir='ltr'>,li-aler</span> 
     </span>
    </p>
   </div>
  </div>
 </body>
</html>
