1721 2953
280 156 334 190 20
589 147 957 190 COMMENTAR.
989 148 1048 189 IN
1081 149 1309 189 TIBULLI

286 276 362 309 Cic.
391 275 488 308 Verr.
516 273 574 314 tv,
601 273 658 303 21.
685 280 784 313 quem
809 259 1043 304 Bnoucmms.
1070 270 1193 303 laudat.
1216 288 1261 293 —
1287 271 1329 303 V.
1347 272 1404 303 39.
1432 271 1630 314 primum,

287 341 316 373 li
343 352 373 374 e.
399 338 594 380 antiquitus.
645 337 696 369 De
722 335 878 379 opinione
904 334 1054 378 disputat
1079 335 1302 368 Hnsefflssus.
1352 335 1461 368 Poeta
1484 336 1634 368 suaviter

289 408 390 441 etiam
431 415 492 448 per
524 406 721 446 sequentem
759 411 894 435 versum
933 401 966 434 in
1000 401 1207 443 cogitatione
1244 400 1468 444 simplicitatis
1504 400 1635 444 priscae

286 473 504 512 immoratur,
538 470 595 502 ubi
621 469 669 502 de
695 468 826 501 facili
852 469 950 501 luto
978 472 1030 501 est
1056 469 1198 510 argilla,
1234 478 1320 510 quae
1345 467 1427 510 tingi
1454 467 1632 500 commode

286 541 411 582 potest.
436 554 482 561 ·—
519 536 560 570 V.
587 537 643 568 44.
669 541 711 568 et
735 535 879 568 solito
905 533 1094 567 membra
1120 534 1278 566 levare
1305 535 1429 575 toro,
1464 535 1502 564 ut
1526 533 1634 564 Ovm.

290 606 421 639 Amorr.
447 604 476 646 I,
501 606 535 644 5,
559 605 604 635 2:
640 600 789 646 imposui
823 599 933 632 medio
965 598 1115 632 membra
1139 597 1291 631 levanda
1316 605 1416 637 toro;
1456 599 1549 632 Fast.
1577 598 1637 639 VI,

289 673 378 704 326:
415 671 509 701 Pars
544 668 635 700 iacet
668 672 703 698 et
735 665 830 698 molli
861 664 1020 710 gramine
1046 663 1197 696 membra
1229 663 1344 702 levat,
1374 674 1461 705 quae
1486 664 1635 697 Vossms

291 735 448 769 contulit.
502 734 687 776 Repetitur
712 740 792 764 vero
818 731 986 763 sententia
1012 728 1199 762 hexametri
1224 729 1375 761 ornatius
1400 739 1462 772 per
1492 729 1637 772 ampliti-

289 803 478 842 cationem‚
504 810 579 833 cum
605 798 793 831 luculenter
817 796 1003 839 depingere
1028 795 1109 828 velit
1133 794 1334 827 suavitatem
1359 794 1421 829 rei.
1468 793 1638 826 Differunt

289 869 379 902 enim
406 866 534 899 lectum
560 869 595 898 et
620 870 719 896 torus
752 867 790 896 ut
825 863 920 903 λέχος
954 867 989 895 et
1024 857 1122 904 ειῗνὴ,
1157 865 1192 893 et
1225 860 1318 893 vides
1343 860 1517 893 Tibullum
1542 864 1639 904 post-

289 944 389 976 quam
415 934 557 977 primum
583 931 781 975 simpliciter
807 929 1018 974 requiescere
1044 927 1134 960 lecto
1159 927 1263 968 dixit,
1293 926 1416 960 deinde
1438 927 1525 960 bene
1549 931 1639 959 stra-

293 1006 365 1033 tum
389 1001 515 1033 lectum
538 997 687 1038 laudare,
712 1007 779 1038 quo
802 995 907 1028 levari
927 994 1078 1028 membra
1104 992 1243 1036 possint,
1269 996 1303 1024 et
1328 991 1466 1025 laudare
1484 990 1638 1027 solitum,

291 1070 392 1111 quale
417 1078 483 1100 non
510 1070 562 1099 est
587 1066 619 1097 in
645 1065 746 1097 bello.
797 1063 920 1105 Neque
953 1072 1032 1095 vero
1067 1061 1217 1094 Iiomssm
1251 1060 1347 1103 epica
1381 1060 1518 1092 ubertas
1544 1070 1638 1093 com-

292 1133 402 1177 parari
429 1132 533 1165 debet
557 1129 832 1163 ut‘HuscnKms
859 1126 961 1167 fecit,
999 1126 1066 1158 alia
1093 1129 1145 1157 est
1172 1125 1260 1157 enim
1286 1124 1402 1167 epica‚
1440 1124 1506 1157 alia
1532 1125 1638 1167 lyrica

292 1201 427 1244 poesis3
461 1199 578 1242 epicns
609 1200 711 1240 poeta
742 1195 814 1228 fere
838 1195 964 1236 ubique
990 1192 1117 1226 diutius
1143 1194 1294 1224 moratur
1318 1194 1420 1232 atque
1446 1190 1548 1223 etiam
1575 1191 1638 1223 mi-

292 1276 374 1298 nora
399 1264 551 1297 studiose
577 1262 795 1303 exsequitur,
831 1260 956 1302 lyricus
981 1257 1090 1291 sicubi
1114 1259 1286 1297 moratur,
1322 1266 1403 1299 prae
1427 1255 1501 1288 aliis
1526 1255 1638 1288 extol-

291 1332 362 1364 lere
388 1331 460 1363 vult
484 1328 611 1370 aliquid
636 1324 883 1370 amplificando,
943 1324 1003 1356 Sic
1033 1321 1133 1355 modo
1157 1320 1300 1354 vidimus
1326 1320 1358 1353 in
1386 1319 1486 1353 laude
1509 1320 1639 1363 simpli-

293 1397 407 1430 citatis
440 1396 590 1439 priscae:
626 1391 771 1424 Fictilia
799 1390 971 1435 antiquus
993 1389 1147 1433 primum
1181 1386 1247 1419 sihi
1273 1385 1368 1431 secit
1394 1385 1546 1431 agrestis
1572 1397 1638 1429 po-

291 1462 395 1504 cula,
421 1462 461 1493 de
478 1459 590 1507 facili
615 1456 873 1503 composuitque
898 1456 986 1489 luto.
1036 1455 1121 1488 Mox
1147 1455 1301 1496 legemus
1325 1452 1436 1486 aliud:
1471 1454 1531 1484 Me
1553 1452 1638 1483 reli-

292 1535 376 1563 uent
402 1528 558 1561 vinctam
577 1526 739 1572 formosa
766 1523 883 1556 vincla
904 1521 1058 1567 puellae,
1083 1527 1117 1553 et
1139 1520 1238 1553 sedeo
1264 1519 1373 1551 duras
1398 1518 1532 1549 ianitor
1556 1523 1640 1548 ante

285 1595 399 1640 fores.
448 1593 552 1626 Plura
578 1595 691 1625 autem
717 1589 759 1622 de
785 1587 849 1621 hoc
874 1598 1000 1630 genere
1026 1584 1298 1629 amplificationis
1323 1583 1471 1626 explicui
1499 1582 1533 1614 in
1558 1582 1638 1614 Dis—

292 1659 476 1694 sertatione
501 1657 543 1689 de
571 1656 762 1703 elocutione
789 1654 928 1685 Tibulli.
981 1653 1079 1686 Quae
1105 1661 1181 1684 cum
1205 1651 1251 1682 ita
1276 1650 1364 1691 sint,
1397 1649 1465 1682 iam
1488 1659 1554 1682 non
1579 1659 1639 1681 co-

294 1725 419 1768 gitabis
445 1733 519 1756 cum
546 1719 746 1764 quibusdam
772 1717 1014 1762 interpretibus
1048 1717 1091 1750 de
1123 1716 1344 1750 discubitorio
1369 1716 1478 1756 lecto,
1513 1715 1547 1747 in
1572 1725 1639 1757 quo

293 1790 403 1833 epulis
427 1786 694 1826 accumbebant3
727 1786 808 1817 satis
843 1787 938 1826 patet
970 1783 1003 1815 in
1038 1787 1111 1815 toto
1144 1783 1221 1815 loco
1254 1781 1297 1814 de
1322 1791 1439 1814 somno
1466 1784 1501 1813 et
1525 1781 1640 1822 quiete

293 1859 459 1890 nocturna
487 1853 578 1895 loqui
604 1855 751 1894 poetam,
778 1849 954 1892 epularum
981 1857 1062 1879 vero
1086 1847 1213 1880 mentio
1239 1847 1347 1879 aliena
1373 1850 1435 1878 est.
1451 1864 1497 1870 —
1524 1845 1564 1879 V.
1581 1847 1639 1878 46.

293 1926 452 1954 tenero
477 1920 594 1959 sinu,
619 1921 656 1950 ut
676 1917 702 1957 Ι,
723 1920 756 1957 2,
778 1918 841 1948 73:
868 1914 996 1946 teneris
1018 1913 1167 1946 retinere
1187 1912 1342 1945 lacertis.
1391 1912 1430 1944 In
1450 1922 1518 1954 quo
1542 1917 1640 1943 tener

294 1990 366 2020 est:
403 1995 552 2019 amorem
587 1984 736 2027 spirans,
773 1983 958 2014 amatorius
993 1980 1209 2023 (siit-tlich),
1246 1978 1398 2022 epitheto
1422 1978 1464 2012 ad
1489 1979 1641 2022 corporis

295 2058 425 2099 partem
460 2054 586 2094 relato,
622 2054 661 2083 ut
693 2060 815 2092 saepe,
852 2060 882 2082 v.
909 2060 938 2082 c.
976 2048 1139 2080 miserum
1176 2051 1285 2089 caput
1319 2046 1346 2086 l,
1380 2047 1414 2086 2,
1440 2047 1497 2077 88.
1534 2043 1640 2075 noxia

296 2117 445 2151 membra
470 2118 497 2159 Ι,
523 2120 556 2158 3,
583 2118 637 2150 74.
666 2114 810 2147 brachia
836 2119 943 2157 ealita
968 2113 995 2153 l,
1022 2117 1055 2152 Τ,
1081 2115 1113 2145 6.
1140 2111 1249 2143 solers
1271 2121 1396 2142 manus
1420 2109 1499 2142 ibid.
1527 2119 1555 2141 v.
1582 2111 1638 2141 29.

292 2182 422 2216 inculti
450 2182 554 2227 pedes
585 2171 701 2218 §1:36.
736 2186 771 2215 et
804 2181 897 2214 alias.
947 2181 999 2213 De
1025 2179 1272 2222 significatione
1304 2187 1405 2220 porro
1430 2176 1518 2209 conf.
1545 2181 1640 2207 tener

294 2249 406 2282 Amor
439 2249 466 2289 Ι,
492 2251 525 2289 3,
548 2250 604 2281 57.
637 2246 750 2278 teneri
783 2257 908 2278 versus
940 2246 1048 2278 OiID.
1084 2246 1157 2278 Art.
1191 2245 1264 2275 Am.
1293 2242 1336 2283 ll,
1367 2244 1448 2275 273.
1485 2247 1639 2272 teneram

293 2324 432 2345 carmen
458 2315 589 2345 Amorr.
615 2312 659 2353 ΙΙ,
679 2314 712 2351 8,
737 2314 771 2347 2.
788 2330 830 2334 -
858 2309 1126 2344 detinuisse.
1157 2308 1264 2341 vinc.
1294 2307 1531 2348 Aen.lv‚84:
1559 2307 1640 2339 Aut

291 2380 421 2425 gremio
446 2378 642 2411 Ascanium
669 2396 712 2402 —-
740 2377 883 2410 detinet.
934 2378 983 2410 Ac
1014 2378 1213 2418 comparant
1237 2374 1364 2406 dictum
1390 2370 1518 2404 Comici
1543 2374 1639 2403 vete-

292 2450 357 2484 ris:
394 2445 463 2485 ἐξόν
497 2445 678 2479 καθεύδειν
712 2444 774 2491 τήν
809 2449 974 2491 ἐρωμένην
1007 2446 1111 2487 ἔχων,
1153 2443 1243 2487 quod
1267 2443 1424 2475 Senonn
1451 2440 1492 2472 ad
1517 2439 1638 2483 Eurip.

292 2514 470 2549 Plioeniss.
505 2515 584 2546 481.
617 2512 774 2554 laudant,
809 2513 865 2545 ubi
899 2512 978 2545 vide
1012 2513 1201 2543 VALcKnN.
1258 2508 1438 2541 Postremo
1472 2505 1638 2540 notandus

292 2591 373 2614 usus
398 2580 550 2613 infinitivi
586 2579 725 2622 perfecti
753 2589 803 2622 pr.
840 2579 987 2620 aorist0‚
1023 2587 1126 2621 saepe
1160 2575 1248 2618 apud
1283 2574 1456 2607 Tibullum
1489 2576 1523 2605 et
1555 2573 1638 2604 alios

293 2646 412 2679 obrius
442 2650 582 2689 poetas,
616 2649 651 2677 ut
687 2648 830 2677 constat.
889 2643 1010 2685 Neque
1037 2652 1117 2676 vero
1144 2641 1253 2674 solum
1280 2641 1433 2684 poeticus
1468 2637 1520 2670 hic
1547 2646 1636 2675 usus,
