1721 2953
284 108 426 134 cxxxu
817 89 891 129 DE
922 85 1079 129 POESI

282 213 423 244 cantus
465 201 691 242 immobilia
742 213 929 249 movere,
993 197 1162 238 mobilia
1213 196 1402 236 inhibere
1455 192 1626 233 dicatur.

281 282 365 319 lam
405 287 616 331 praeterea
657 276 831 315 observa
869 275 1054 326 ipsorum
1093 271 1360 312 distichorum
1399 267 1626 321 oppositio-

282 369 388 394 nem.
447 352 551 391 Cum
582 350 692 391 enim
722 364 827 404 quae
857 350 991 401 primo
1026 347 1199 387 disticho
1231 346 1514 393 continentur,
1544 352 1626 383 ter-

278 439 427 469 restres
462 428 542 466 sint
569 440 657 473 res,
690 425 754 465 his
785 424 964 465 secundo
994 422 1167 463 disticho
1192 423 1380 462 caelestia
1407 420 1627 467 adduntur,

280 515 325 545 ut
362 506 417 544 sic
458 502 627 542 exsistat
673 499 784 540 aliud
826 500 956 540 maius
1000 507 1146 540 totum.
1223 495 1345 538 Addo
1385 510 1496 536 nunc
1535 494 1628 534 alia.

282 581 392 621 Dicit
425 581 465 629 Ι,
497 583 541 628 6,
574 582 624 618 17
655 590 769 631 sqq.:

393 656 486 697 Neu
516 654 689 693 iuvenes
721 652 898 691 celebret
931 650 1059 689 multo
1091 662 1302 699 sermone,
1342 655 1505 697 caveto,

447 729 562 770 Neve
594 730 714 768 cubet
742 728 839 767 laxo
868 734 1010 779 pectus
1041 732 1183 777 aperta
1211 724 1326 773 sinu,

393 805 489 846 Neu
518 812 558 843 te
590 803 763 855 decipiat
791 809 918 849 nutu,
957 799 1164 852 digitoque
1191 799 1400 852 liquorem

451 880 515 921 Ne
544 880 680 919 trahat
712 886 752 917 et
781 890 946 916 mensae
977 874 1098 914 ducat
1131 875 1175 914 in
1205 875 1306 914 orbe
1336 881 1469 912 notas,

283 956 361 995 Hic
384 956 428 994 in
452 955 584 1008 primo
613 953 786 993 disticho
817 960 923 993 artes
951 951 1113 1003 puellae
1143 957 1303 1001 apertas
1327 953 1632 995 commemorat,

284 1033 455 1084 opinor,
489 1031 639 1083 quibus
669 1027 839 1067 omnino
870 1025 991 1067 allicit
1018 1026 1212 1074 iuvenes,
1243 1024 1288 1062 in
1317 1021 1498 1062 secundo
1528 1028 1633 1061 tecta

284 1121 376 1146 cum
402 1112 562 1144 amante
592 1101 818 1155 colloquia,
850 1115 943 1139 cum
969 1108 1131 1151 tempus
1155 1100 1377 1151 locumque
1406 1105 1632 1137 conventus

283 1181 488 1232 designat3
527 1187 748 1229 utrumque
775 1184 913 1216 autem
936 1173 1139 1214 distichon
1167 1174 1317 1212 iterum
1346 1173 1542 1226 bipartito
1573 1171 1634 1211 di-

282 1257 430 1296 visum.
484 1252 591 1292 Vide
626 1265 752 1304 porro
787 1251 823 1299 Ι,
855 1254 901 1298 9,
932 1253 982 1288 31
1014 1261 1126 1301 sqq.t

398 1331 517 1369 Tunc
548 1327 649 1366 mihi
681 1326 846 1365 iurabas
879 1324 994 1363 nullo
1024 1331 1063 1361 ‘te
1095 1321 1230 1361 divitis
1262 1321 1354 1359 auri

451 1402 662 1451 Pondere,
692 1414 777 1439 nou
807 1398 973 1450 gemmis
1004 1396 1183 1438 vendere
1215 1396 1320 1436 velle
1350 1394 1495 1443 fidem,

398 1479 497 1520 'Non
526 1478 601 1517 tibi
630 1476 664 1515 si
692 1475 870 1528 pretium
902 1471 1124 1523 Campania
1156 1479 1268 1509 terra
1298 1468 1484 1518 daretur,

454 1553 554 1593 Non
584 1551 659 1590 tibi
689 1551 723 1589 si
751 1548 902 1588 Bacchi
933 1561 1031 1586 cura
1062 1546 1263 1586 Falernus
1295 1558 1402 1595 ager.

286 1632 574 1670 Memorantur
603 1627 669 1666 hic
700 1625 782 1664 duo
813 1623 1023 1663 notissima
1052 1634 1202 1672 genera
1232 1619 1489 1665 divitiarum,
1526 1624 1563 1655 et
1591 1617 1635 1654 in

287 1707 421 1759 primo
452 1702 618 1756 quidem
645 1700 817 1740 disticho
847 1711 993 1737 aurum
1021 1704 1061 1734 et
1084 1708 1282 1746 gemmae,
1313 1694 1356 1732 in
1385 1695 1511 1731 altero
1539 1692 1636 1743 agri,

289 1781 362 1835 qui
392 1788 431 1818 ct
456 1778 535 1831 ipsi
564 1776 772 1828 bipartiti3
801 1788 897 1812 nam
921 1770 1188 1823 Campaniam
1217 1777 1369 1808 terram
1396 1768 1637 1819 frugiferam

287 1855 491 1904 intellige,
522 1859 567 1890 ut
586 1850 788 1889 Falernus
819 1861 913 1897 ager
941 1846 1080 1885 vitifer
1110 1852 1183 1883 est.
1239 1843 1346 1883 Vide
1375 1857 1485 1882 nunc
1508 1842 1639 1881 maio-

293 1944 378 1970 rem
411 1923 749 1977 compositionem
779 1922 819 1969 l,
844 1925 892 1969 2,
919 1921 972 1959 45
1002 1932 1116 1971 sqq.:

402 2002 518 2040 Hauc
549 2012 620 2048 ego
652 1997 701 2036 de
734 1997 845 2035 caelo
875 1994 1091 2033 ducentem
1121 1991 1255 2031 sidera
1284 1989 1391 2038 vidi,

460 2073 663 2115 Fluminis
692 2073 792 2111 haec
822 2069 958 2122 rapidi
991 2066 1170 2108 carmine
1200 2065 1322 2106 vertit
1352 2064 1450 2112 iter,

402 2150 514 2189 Haec
545 2156 668 2187 cantu
697 2146 896 2199 finditque
928 2145 1062 2184 solum
1089 2143 1319 2194 Manesque
1351 2138 1550 2192 sepulcris

461 2224 580 2264 Elicit
608 2231 646 2262 et
674 2220 813 2274 tepido
844 2219 1014 2260 devocat
1045 2231 1136 2260 ossa
1163 2229 1288 2266 rogo:

408 2302 493 2340 Iam
523 2307 633 2339 tenet
664 2296 1034 2349 infernas-magico
1065 2291 1238 2334 stridore
1270 2297 1472 2336 catervas,

464 2376 548 2413 Iam
582 2375 696 2413 iubet
729 2385 914 2425 aspersas
943 2373 1046 2410 lacte
1076 2370 1231 2408 referre
1264 2365 1438 2418 pedem:

409 2450 514 2489 Cum
542 2450 660 2497 libet,
701 2449 801 2488 haec
830 2447 935 2486 tristi
965 2444 1130 2497 depellit
1158 2442 1300 2481 nubila
1331 2439 1465 2477 caclo:

468 2523 574 2563 Cum
601 2524 719 2573 libet,
760 2523 913 2562 aestivo
945 2526 1142 2561 convocat
1172 2517 1272 2556 orbe
1302 2514 1431 2554 nives,
