1721 2953
229 90 308 127 268
547 82 916 126 COMMENTAR.
948 86 1007 127 IN
1037 87 1265 129 TIBULLI

228 201 382 243 teroqnin
416 200 517 233 etiam
552 199 675 243 philtra
710 203 884 236 teterrima
908 204 1001 238 addit
1026 208 1062 238 et
1086 204 1238 238 flammas
1262 206 1386 239 amoris
1410 208 1576 242 maximas

226 269 339 302 subire
380 278 446 300 non
486 271 631 302 recusat.
696 268 791 302 Male
828 280 908 304 vero
946 273 1098 306 Vossms
1138 273 1400 317 interpretatur:
1443 274 1574 309 insanio

225 346 339 369 amore
366 338 399 367 et
423 335 533 376 magis
558 335 661 368 etiam
686 335 848 370 insaniam
876 337 1025 380 (rasead
1053 339 1103 372 ist
1132 340 1240 373 meine
1271 340 1376 373 Liebe
1410 342 1485 374 und
1507 342 1576 375 soll

224 403 312 434 noch
343 401 509 433 rasender
542 401 647 445 sein).
705 403 777 436 Sed
810 406 918 446 qualis
953 405 1007 440 iiic
1032 411 1085 440 est
1111 408 1223 441 exitus
1250 412 1284 441 et
1308 408 1388 451 quid
1412 409 1477 442 sibi
1501 410 1574 442 vult

224 473 291 501 tam
323 467 502 503 ridiculum
527 469 735 504 consilium?
784 469 892 505 Immo
917 473 1020 507 offert
1045 484 1083 508 se
1115 477 1226 508 totum
1252 475 1387 518 puellae
1412 475 1446 508 in
1472 484 1572 508 omne

221 535 431 578 obsequium.

592 927 1045 974 ELEGIA
1149 932 1198 976 V.

692 1230 751 1269 IN
756 1228 1104 1272 TRODUCTIO.

213 1377 332 1434 Cum
358 1398 584 1439 Messalinus,
623 1398 712 1431 filius
737 1398 908 1431 Messalae
941 1402 1023 1431 natu
1050 1398 1177 1441 maior,
1212 1399 1246 1432 in
1271 1400 1454 1443 collegium
1490 1402 1568 1437 XV.

211 1465 363 1498 virorum
391 1465 497 1498 sacris
530 1464 694 1497 faciundis
727 1469 761 1498 et
793 1465 970 1507 Sibyllinis
1003 1465 1097 1497 libris
1132 1466 1351 1509 inspiciundis
1389 1472 1569 1510 cooptatus

213 1534 324 1571 esset,
351 1531 544 1564 celebratur
568 1530 632 1564 hoc
657 1532 805 1564 carmine
830 1532 1045 1573 inauguratio
1071 1532 1150 1564 novi
1175 1533 1374 1567 sacerdotis.
1423 1534 1471 1566 M.
1497 1535 1568 1568 Va-

212 1596 298 1628 lerio
328 1596 497 1628 Messalae
524 1596 671 1628 Corvino
697 1596 764 1627 duo
789 1596 849 1627 filii
875 1600 991 1637 erant,
1021 1597 1109 1628 alter
1134 1596 1183 1629 M.
1209 1597 1325 1631 Valer.
1351 1599 1568 1643 Messalinus,

213 1661 269 1702 qni
295 1661 411 1693 consul
440 1660 500 1692 fnit
526 1671 601 1693 cum
634 1660 675 1692 L.
703 1660 863 1692 Cornelio
889 1660 1038 1693 Lentulo
1063 1671 1094 1694 a.
1120 1671 1154 1694 u.
1179 1671 1210 1694 c.
1235 1664 1317 1695 750.
1351 1666 1386 1695 et
1420 1674 1569 1706 procon-

212 1728 264 1759 sul
293 1727 463 1759 Dalmatas
488 1727 588 1769 vicit,
626 1727 713 1759 alter
738 1727 866 1760 Lucius
896 1727 995 1760 datus
1026 1727 1059 1760 in
1091 1727 1311 1770 adoptionem
1337 1730 1431 1771 genti
1457 1730 1569 1762 Aure-

209 1795 277 1826 liae
305 1798 339 1827 et
371 1794 483 1826 dictus
508 1794 550 1827 L.
584 1795 743 1827 Aurelius
769 1794 871 1827 Cotta
905 1794 1119 1828 Messalinus.
1169 1794 1246 1827 Hoc
1272 1796 1348 1828 loco
1373 1805 1439 1828 non
1466 1806 1568 1839 posse

211 1860 314 1892 aliurn
340 1870 440 1902 quam
465 1860 621 1892 Marcum
647 1860 811 1902 intelligi,
844 1865 937 1894 recte
972 1864 1088 1894 monet
1122 1861 1280 1895 Vossms.
1330 1862 1418 1895 Nam
1447 1863 1496 1896 M.
1522 1864 1566 1898 V.

211 1925 360 1957 Messala
387 1929 503 1968 pater,
526 1931 564 1957 ut
589 1924 743 1980 vi‹·letur‚
772 1928 871 1957 natus
897 1929 949 1958 est
974 1936 1051 1958 ann.
1073 1928 1177 1967 685„
1202 1925 1286 1959 haec
1311 1931 1425 1960 antem
1452 1928 1566 1970 elegia

215 1992 242 2025 si
273 1992 406 2024 duobus
442 1992 579 2024 circiter
611 1992 706 2024 annis
739 1996 817 2026 ante
852 1995 953 2034 735„
993 1991 1026 2025 h.
1060 2003 1092 2026 e.
1136 1996 1216 2025 ante
1255 1993 1384 2026 obitum
1423 1993 1565 2035 Tibulli,

210 2057 356 2099 scripta,
394 2056 545 2089 Messala
580 2060 650 2088 tum
688 2056 750 2089 fnit
788 2057 1012 2099 quadraginta
1047 2061 1127 2091 octo
1163 2068 1348 2099 annorum,
1387 2062 1421 2090 et
1454 2059 1566 2101 potuit

209 2119 312 2152 facile
337 2121 442 2152 filium
473 2119 595 2152 habere
633 2131 739 2154 annos
774 2125 889 2154 natum
926 2123 1098 2155 minimum
1135 2123 1337 2156 octodecim.
1387 2123 1566 2167 Receptus

209 2186 300 2218 enim
326 2189 399 2217 erat
423 2177 621 2218 adolescens
647 2187 681 2220 in
707 2187 1077 2229 Quindecinuiratum,
1118 2192 1156 2221 ut
1182 2193 1251 2221 111111
1279 2190 1392 2223 moris.
1452 2191 1565 2232 Atque

209 2252 378 2294 insignem
406 2253 559 2285 iuvenem
586 2252 690 2287 fnisse
717 2258 860 2296 certum,
886 2255 929 2289 cf.
958 2256 1111 2288 Vnnmfl.
1137 2255 1182 2297 ΙΙ,
1210 2258 1285 2289 112.
1322 2256 1451 2291 ΤΑΟΙΤ.
1473 2256 1563 2289 Hist.

210 2318 271 2358 111,
296 2320 352 2350 34.
404 2317 560 2351 Mortuus
596 2319 703 2351 Lucio
730 2330 921 2361 cognomen
948 2320 1127 2352 Messalini
1160 2321 1308 2362 reliquit.
1356 2321 1424 2354 llic
1448 2325 1561 2353 autem

209 2384 298 2428 apud
326 2385 489 2417 Ovrnwu
516 2385 625 2428 Epist.
653 2396 697 2418 ex
718 2386 831 2418 Ponto
857 2386 918 2427 ΙΙΙ,
942 2389 977 2428 5,
1002 2389 1038 2419 7.
1062 2386 1186 2419 dicitur
1210 2387 1351 2427 iuvenis,
1379 2396 1446 2428 quo
1473 2390 1561 2419 tein-

208 2461 292 2493 pore
327 2461 432 2482 annus
471 2454 543 2482 erat
580 2461 610 2483 a.
648 2460 680 2484 11.
718 2461 748 2483 c.
781 2453 861 2483 766.
901 2450 989 2484 conf.
1026 2450 1187 2484 MAssON.
1221 2451 1291 2484 vit.
1326 2450 1426 2483 Ovid.
1463 2461 1490 2483 s.
1530 2450 1560 2484 h.

208 2527 274 2548 ann
298 2529 308 2557 ;
334 2517 451 2558 quodsi
477 2521 514 2549 nt
539 2528 705 2550 summum
728 2527 904 2561 ponamus,
932 2521 1002 2550 tum
1028 2517 1251 2560 quadraginta
1278 2518 1427 2559 quinque
1453 2528 1561 2550 anno-

213 2594 285 2617 rum
312 2583 393 2623 snit,
433 2584 488 2626 qui
524 2584 599 2617 linis
632 2586 754 2618 aetatisv
790 2585 979 2625 iuniorum,
1016 2588 1113 2617 natus
1139 2587 1190 2616 est
1216 2593 1289 2616 ann.
1320 2586 1397 2617 721.
1427 2588 1458 2617 ct
1487 2594 1561 2617 cum
