1721 2953
490 132 630 171 LIBR.
664 130 694 169 Ι.
752 129 911 169 ELEG.
944 127 997 169 V.
1347 127 1424 163 121

86 260 165 283 vera
191 253 252 283 est.
301 247 436 281 Etenim
461 247 523 280 toti
549 246 633 289 parti
659 242 871 277 antecedenti
898 241 1014 275 subest
1038 240 1186 284 querela,
1211 237 1301 282 quod
1325 236 1428 270 dese-

86 316 191 348 ruerit
216 315 325 358 ipsum
351 313 456 346 Delia.
514 310 638 345 Vidisti
673 302 911 342 lamentantem
945 308 1035 350 quod
1061 311 1140 341 vota
1164 304 1360 339 suavissima
1386 302 1429 335 de

87 381 155 414 vita
201 379 327 413 rustica
361 388 437 412 cum
472 388 512 411 ea
545 375 762 419 transigenda
796 385 883 408 nunc
917 378 1035 408 ventus
1061 375 1183 414 iactet,
1216 369 1432 411 ostenditque

88 446 179 479 nulla
211 445 243 477 vi
278 443 456 477 delebilem
491 453 566 476 esse
602 441 755 475 dolorem
786 441 937 474 iacturae
969 440 1240 482 desideriumque
1284 436 1430 481 puellae.

89 515 200 554 Atque
226 511 289 545 hoc
326 512 385 544 tali
411 521 512 544 sensu
538 510 657 554 plenus
681 509 797 552 quidni
821 512 916 542 recte
941 512 1079 552 pergat:
1115 507 1187 539 Hic
1208 505 1297 549 fons
1322 502 1435 537 malo-

90 591 166 611 rum
191 577 286 613 milii,
311 577 406 623 qaod
429 577 524 609 (lives
549 582 688 608 amator
711 575 741 607 ei
767 575 869 608 adest
888 581 924 607 et
954 574 1034 607 lena
1054 573 1233 619 pessima!
1282 572 1436 615 Abrupta

91 646 173 694 llaec
197 645 294 679 nobis
321 646 428 689 primo
452 644 616 688 adspectu
641 642 748 677 videri
782 644 945 687 possunt,
983 641 1011 674 si
1045 651 1111 674 non
1139 638 1344 687 attendimus
1377 646 1437 669 ac-

89 712 257 753 curatius3
295 721 360 744 non
397 714 555 755 poterant
588 714 731 754 poetae,
768 713 841 743 toto
879 709 991 742 animo
1025 709 1188 741 iacturam
1221 715 1316 739 suam
1341 703 1438 746 cogi-

92 780 187 814 tanti.
236 780 314 822 Hic,
340 789 406 822 qua
431 782 504 812 erat
528 778 636 812 vivida
662 776 854 821 phantasia,
883 775 1018 819 saepius
1043 785 1062 807 a
1083 784 1212 807 summa
1234 769 1438 805 anteceden-

92 847 175 879 tium
201 846 426 890 proficiscitur
458 845 500 879 ad
531 855 652 879 novam
679 856 792 879 rerum
822 848 972 888 partem,
998 840 1279 885 quemadmodum
1307 847 1396 870 nunc
1420 846 1440 868 a

92 914 298 957 cogitatifflie
330 914 430 954 mali,
467 912 557 956 quod
593 913 741 956 patitur,
791 911 904 956 pergit
937 921 1013 944 cum
1039 910 1164 943 affectu
1188 908 1230 941 ad
1263 916 1382 940 causas
1407 907 1442 938 et

92 983 250 1013 auctores
283 979 356 1012 eius
389 978 649 1021 aggrediendos.
711 977 789 1011 Dixi
837 977 879 1010 de
908 976 971 1010 hoc
1005 986 1131 1019 genere
1161 974 1320 1007 transitus
1352 968 1442 1014 apud

94 1047 266 1080 Tibullum
291 1047 324 1079 in
356 1046 421 1079 fine
461 1046 719 1080 Dissertationis
750 1045 793 1078 de
818 1044 1021 1077 Elocutione
1053 1046 1188 1086 poetae.
1244 1041 1329 1073 Post
1360 1036 1444 1070 haec

96 1123 161 1146 non
188 1113 269 1153 erit,
294 1122 414 1156 spero,
441 1112 498 1154 qui
524 1115 722 1154 corruptum
748 1109 871 1144 habeat
896 1109 983 1143 hunc
1008 1110 1120 1142 locum
1145 1111 1204 1141 aut
1229 1108 1437 1139 lacunosum.

97 1181 148 1213 Ac
180 1180 319 1223 pluralis
358 1177 466 1212 haec
499 1179 649 1222 positus,
688 1188 764 1210 cum
791 1177 879 1211 duae
905 1187 960 1211 res
995 1181 1180 1220 sequautur
1204 1185 1291 1219 quae
1316 1182 1445 1207 nocue—

97 1248 183 1288 rint,
218 1251 257 1279 ut
280 1245 410 1279 monuit
434 1245 500 1277 iam
525 1245 866 1284 Wunnaumcmus,
904 1242 1092 1286 asyndeton
1127 1252 1208 1275 vero
1242 1239 1377 1273 adest
1399 1254 1447 1264 —

99 1313 222 1345 venit
257 1322 321 1344 non
355 1311 436 1344 ferri
469 1315 597 1344 tantum
632 1315 763 1354 potest,
801 1310 860 1343 sed
887 1310 1014 1353 optime
1039 1308 1140 1341 habet
1171 1308 1204 1340 in
1238 1306 1302 1340 hoc
1327 1307 1445 1348 vigore

100 1383 134 1412 et
159 1378 284 1411 affectu
309 1377 482 1412 orationis.
530 1376 667 1409 Dictum
693 1379 807 1408 autem
840 1375 975 1407 Venit
1009 1374 1052 1406 in
1087 1373 1274 1406 exitium
1307 1380 1444 1403 meum

101 1455 150 1488 pr.
168 1444 259 1476 venit
283 1442 324 1475 ad
351 1441 632 1485 corrumpendam
654 1440 795 1473 Deliam.
811 1458 856 1464 —
881 1439 922 1472 V.
945 1441 989 1472 49
1004 1449 1077 1481 sqq.
1103 1436 1266 1471 Succedit
1285 1445 1445 1469 exsecra-

101 1513 149 1545 tio
175 1512 271 1545 lenae
295 1509 505 1554 gravissima,
531 1508 626 1542 cuius
648 1518 760 1541 veram
792 1508 956 1540 rationem
981 1516 1047 1539 non
1073 1505 1218 1538 assecuti
1243 1508 1321 1538 sunt
1343 1503 1449 1535 inter-

102 1581 228 1622 pretes.
285 1576 388 1612 Quod
424 1576 511 1609 enim
537 1575 717 1618 aliquoties
741 1585 843 1618 supra
876 1573 1010 1615 monui,
1046 1571 1228 1605 tenendum
1260 1570 1362 1604 etiam
1397 1568 1451 1602 liic

103 1647 176 1685 est,
226 1652 368 1686 poenam
402 1641 577 1683 ingeniose
612 1640 900 1673 accommodatam
925 1637 1056 1671 crimini
1081 1648 1166 1671 esse.
1192 1664 1197 1668 .
1228 1636 1313 1670 Erat
1338 1639 1452 1669 autem

104 1719 211 1752 rapax
237 1709 313 1740 lena
339 1706 389 1749 (v.
411 1706 499 1749 59),
528 1716 633 1747 quare
659 1709 693 1737 et
718 1704 802 1736 alias
826 1713 929 1747 saepe
955 1702 1112 1736 mercede
1140 1701 1307 1735 conducta
1330 1711 1450 1734 corru-

107 1779 204 1820 perat
238 1774 368 1818 puellas
402 1777 437 1807 et
472 1783 579 1816 nuper
604 1772 748 1805 Deliam.
808 1770 878 1803 Pro
912 1779 979 1811 qua
1014 1768 1161 1812 pessima
1193 1766 1333 1800 avaritia
1369 1765 1452 1808 quid

108 1844 302 1878 merebatur
323 1841 424 1883 aliud,
463 1850 564 1883 quam
591 1843 628 1872 ut
654 1839 751 1882 inops
777 1842 812 1871 et
837 1847 945 1880 egena
968 1837 1002 1869 in
1029 1840 1201 1880 posterum
1226 1833 1315 1867 fame
1340 1837 1376 1866 et
1399 1833 1456 1866 siti

109 1911 362 1946 excruciaretur
389 1907 610 1943 saevissima?
659 1907 758 1940 Nune
791 1906 868 1939 vide
907 1909 1053 1949 poetam.
1081 1922 1126 1927 -
1162 1903 1453 1945 Sanguineas

110 1978 214 2012 edat
238 1977 318 2010 illa
343 1977 503 2021 dapes,
527 1975 558 2008 h.
587 1986 616 2009 e.
640 1974 750 2017 rapiat
775 1976 809 2006 et
833 1972 973 2005 devoret
997 1970 1119 2005 crudas
1145 1980 1281 2010 carnes,
1307 1970 1334 2002 si
1360 1969 1454 2001 inve-

109 2044 216 2085 nerit,
251 2043 293 2075 ad
319 2041 504 2075 satiandam
530 2040 671 2082 famem7
705 2044 840 2083 atque
875 2049 952 2072 ore
977 2040 1168 2071 cruento
1194 2047 1236 2069 ex
1262 2035 1365 2069 cruda
1392 2035 1456 2067 ista

111 2119 232 2151 carne,
271 2108 360 2151 quod
396 2118 519 2150 magna
555 2117 631 2140 cum
667 2107 699 2139 vi
734 2106 921 2150 repetitur,
958 2104 1121 2148 pocula
1159 2113 1266 2145 aquae
1302 2101 1456 2134 tristia

112 2177 236 2209 bibat
275 2186 368 2208 cum
407 2175 548 2208 multo
585 2173 702 2207 felle
739 2173 782 2206 ad
816 2173 906 2206 sitim
941 2170 1143 2215 explendam
1178 2179 1243 2201 non
1284 2169 1457 2200 minorem.

113 2243 174 2277 Fel
201 2247 253 2275 est
278 2242 475 2275 amarissimi
500 2245 643 2284 gustus,
679 2245 781 2284 atque
805 2243 844 2273 ut
869 2240 953 2273 alias
987 2243 1120 2272 acetum
1155 2248 1229 2270 cum
1256 2246 1341 2279 aqua
1370 2236 1458 2268 mix-

114 2314 186 2342 tum
211 2308 285 2341 sitis
311 2307 423 2340 ardori
449 2306 697 2349 exstinguendo
725 2306 882 2347 inservit,
920 2305 968 2339 sic
992 2306 1069 2337 lena
1094 2303 1159 2345 fel,
1197 2303 1253 2336 ubi
1280 2302 1456 2343 invenerit,

114 2376 306 2409 animalium
343 2378 565 2407 mactatorum
599 2372 732 2406 hauriat
764 2383 873 2416 aquae
916 2372 1073 2405 infusum.
1124 2370 1226 2406 Quod
1258 2369 1352 2402 vides
1386 2368 1458 2412 ipse

117 2452 216 2485 quam
242 2441 426 2475 sareastice
451 2440 578 2472 dictum
605 2440 658 2473 sit.
709 2438 869 2472 Ceterum
895 2437 1018 2470 tristia
1043 2440 1121 2470 sunt
1144 2446 1277 2477 amara,
1317 2439 1353 2467 ut
1379 2434 1460 2467 satis

118 2511 260 2540 constat.
310 2508 491 2541 Postremo
519 2507 627 2540 notari
665 2509 777 2550 potest
811 2506 913 2539 etiam
942 2505 1187 2538 Pnomswrmnr
1213 2503 1272 2544 lv,
1298 2506 1331 2543 5,
1356 2504 1389 2534 2.
1427 2505 1461 2533 et

120 2574 282 2604 Onnum
309 2574 444 2606 Amor-r.
467 2572 495 2614 I,
524 2575 557 2613 8,
584 2574 639 2606 fin.
665 2572 755 2605 sitim
774 2571 951 2614 imprecari
978 2570 1071 2611 lenis,
1099 2569 1140 2602 de
1167 2568 1288 2611 quibus
1315 2568 1460 2608 loquun-

120 2642 185 2678 tur,
211 2637 344 2671 vinosis.
372 2656 416 2661 -
454 2638 495 2672 Υ.
512 2640 552 2671 51
571 2649 619 2681 sq.
648 2637 770 2671 Hanc
798 2637 986 2669 volitent
1011 2636 1182 2669 animae
1209 2634 1373 2668 circum
1392 2643 1463 2673 sqq.
