1721 2953
474 201 617 243 Llssss.
646 200 717 239 ΙΙΙ.
776 197 935 240 ELEG.
966 201 1019 240 V.
1329 207 1408 238 309

73 320 233 351 Ceterum
272 318 429 350 Tibullus
468 316 604 360 proprie
644 313 751 346 dixit:
800 315 963 357 temporis
1001 314 1102 357 prisci
1145 314 1232 348 facta
1271 315 1411 353 referre,

73 385 271 427 Lygdamus
302 384 412 416 minus
447 381 600 425 proprie:
643 384 796 423 tempora
832 380 942 422 prisca
979 380 1118 413 referre.
1143 398 1189 404 —-
1231 381 1410 415 Postremo

74 450 117 482 de
149 453 222 482 toto
248 449 323 480 loco
356 445 574 486 observabis,
612 442 779 489 quomodo
814 453 901 476 nunc
937 449 1070 487 repetat
1103 449 1203 488 poeta
1228 447 1411 489 superiora.

75 517 113 548 Si
138 515 257 547 eodem
282 513 353 546 sere
386 512 487 546 modo
520 513 645 545 iterum
681 510 824 543 dixisset
860 510 902 542 de
935 511 1125 544 innocentia
1151 521 1211 543 sua
1237 516 1270 544 et
1296 512 1415 545 iuven-

75 584 148 613 tute
173 584 209 612 ut
239 589 352 622 supra,
378 579 562 621 vituperari
587 576 730 610 deberet
756 576 916 618 graviter,
942 577 1001 609 sed
1027 576 1091 609 hoc
1117 588 1183 610 non
1213 578 1303 619 fecit,
1328 578 1416 611 redit

75 647 141 679 alio
167 645 268 678 modo
296 644 338 677 ad
364 655 425 685 ea;
464 648 498 677 et
532 653 650 687 puram
686 643 788 674 vitam
824 641 992 683 significat
1022 642 1156 683 Elysios
1181 653 1318 686 campos
1343 654 1416 676 me-

77 721 229 751 morans,
268 711 476 742 iuventutem
505 718 608 748 vero,
643 706 723 739 olim
757 705 873 738 dicens
906 716 944 738 se
977 707 1144 739 aditurum
1180 708 1305 741 Orcum
1340 720 1416 742 cum

78 787 184 818 rugae
216 777 401 809 senectutis
435 774 597 808 venerint.
656 774 772 808 Quare
808 771 961 815 profecto
996 773 1067 805 sine
1099 783 1199 805 causa
1235 775 1418 807 spoumus

81 848 219 887 propter
254 842 335 875 liaec
371 842 448 875 eiici
480 841 587 873 voluit
612 839 798 882 superiora.
825 856 872 861 —
917 838 1064 880 Atque
1104 840 1271 871 utinam
1306 850 1419 872 vano

79 914 144 941 etc.
197 909 329 940 Utinam
356 907 479 948 febris,
513 917 579 949 qua
605 905 737 946 laboro,
765 904 889 936 frustra
915 914 969 936 nie
994 908 1121 937 terreat
1147 910 1243 938 aestu
1269 916 1330 939 suo
1358 917 1420 939 ue-

79 984 145 1015 que
169 973 343 1006 mortifera
367 973 420 1006 sit.
450 991 495 997 —
532 972 774 1014 Languent
807 975 880 1004 ter
908 971 1069 1013 quinos
1093 981 1167 1013 sqq.
1216 971 1293 1005 Non
1328 972 1420 1006 desi-

80 1041 281 1073 derabamus
304 1051 477 1073 numerum
503 1039 645 1073 dierum.
694 1038 838 1072 Poetica
863 1038 945 1070 talia
969 1038 1018 1071 sic
1043 1042 1171 1070 tantum
1197 1043 1286 1079 sunt,
1312 1039 1340 1071 si
1366 1050 1423 1072 sa-

81 1117 139 1140 cer
163 1112 215 1139 est
249 1117 428 1147 numerus,
462 1106 495 1139 in
520 1117 587 1148 quo
611 1107 654 1138 sit
679 1105 800 1138 ominis
825 1104 951 1146 aliquid
978 1104 1054 1136 boni
1081 1104 1219 1145 malive,
1254 1103 1343 1146 quod
1370 1103 1423 1136 hic

82 1184 146 1205 non
177 1173 286 1205 video.
333 1173 494 1206 Peccavit
517 1173 622 1214 igitur
656 1176 693 1205 ut
727 1182 850 1215 supra,
885 1182 961 1204 cum
997 1181 1118 1203 annum
1152 1170 1249 1203 nobis
1279 1171 1425 1204 natalem

83 1238 256 1271 indicaret.
307 1238 416 1272 Quam
442 1248 521 1269 vero
550 1238 694 1270 Vossrus
720 1235 772 1269 hic
797 1236 976 1279 adscripsit
1000 1238 1271 1278 annotationem,
1309 1247 1348 1270 ea
1373 1237 1427 1269 in·-

84 1303 256 1346 eptissima
281 1307 342 1337 est.
392 1303 501 1335 Dicit:
525 1304 666 1336 Poterat
691 1303 844 1336 medicus
868 1303 1093 1346 respondere:
1118 1304 1207 1336 bono
1233 1304 1279 1336 sis
1305 1304 1427 1344 animo,

85 1371 252 1403 decrescit
277 1370 436 1413 paulatim
464 1369 566 1401 febris
601 1373 635 1402 et
660 1373 698 1401 tu
728 1369 794 1401 iam
821 1379 938 1401 versus
965 1368 1059 1402 facis.
1108 1369 1178 1402 Sed
1205 1368 1268 1402 hoc
1294 1374 1345 1402 est
1371 1381 1429 1402 ca-

83 1434 247 1467 lumniari.
298 1432 473 1465 Undenam
501 1436 537 1464 tu
564 1433 652 1464 nosti
680 1432 887 1464 imminutam
913 1431 1054 1472 febrim,
1092 1437 1131 1465 ut
1155 1433 1266 1465 rideas
1292 1440 1428 1477 poetam

83 1503 226 1532 mortem
252 1498 454 1531 timentem?
501 1497 549 1530 Et
586 1508 663 1531 cum
700 1497 858 1531 Tibullus
894 1498 927 1530 in
964 1498 1064 1531 simili
1103 1500 1255 1542 periculo
1292 1510 1429 1532 versans

85 1564 187 1596 faciat
214 1568 248 1596 et
279 1568 390 1596 tamen
423 1567 568 1596 mortem
592 1563 728 1603 timeat,
767 1560 856 1594 huuc
888 1572 955 1594 uon
989 1563 1183 1606 vituperas,
1216 1564 1432 1606 Lygdamum

86 1635 199 1662 autem
239 1633 421 1672 propterea
459 1628 603 1670 ineptire
640 1625 712 1658 'visl
737 1643 783 1650 -
832 1625 874 1658 V.
902 1628 950 1658 29
975 1637 1048 1668 sqq.
1097 1627 1280 1661 Tuscae
1316 1629 1434 1661 cele-

87 1697 281 1728 brantur
316 1694 494 1727 numina
529 1690 751 1734 lymphae.
801 1691 887 1724 Cum
911 1692 1093 1725 salubritas
1119 1704 1281 1736 aquarum
1316 1705 1336 1727 a
1368 1705 1432 1727 nu-

88 1761 178 1794 mine
208 1762 422 1803 repeteretur
447 1757 536 1800 quod
567 1757 715 1797 inesset,
750 1755 895 1787 numina
914 1755 1078 1801 lymphae
1103 1768 1165 1802 pro
1191 1759 1317 1792 viribus
1340 1761 1433 1792 salu-

89 1826 204 1858 bribus
238 1825 309 1857 eius
344 1823 434 1857 dicta
470 1822 574 1855 vides.
599 1839 645 1845 --
686 1823 732 1853 et
766 1820 965 1863 pellitur
994 1821 1108 1855 unda
1142 1833 1277 1856 manu.
1327 1823 1436 1858 Erant

91 1893 180 1926 enim
210 1892 399 1924 natationes
425 1890 458 1923 in
493 1888 641 1929 balneis,
676 1887 826 1931 piscinae
851 1887 985 1929 dictae,
1021 1888 1064 1920 ad
1098 1889 1375 1923 exercitationem
1402 1895 1436 1923 et

89 1960 131 1993 ad
166 1959 302 1992 morbos
334 1957 512 1991 sanandos.
561 1955 670 1996 Vide,
707 1963 807 1997 quem
839 1953 1012 1987 Hermus
1047 1955 1180 1997 laudat,
1214 1956 1358 1989 BAcrum
1394 1956 1437 1990 (le

91 2024 248 2058 Thermis
273 2023 346 2056 libr.
367 2023 443 2056 VII.
470 2033 499 2055 c.
525 2024 558 2054 8.
583 2025 618 2053 et
642 2022 698 2053 24.
748 2020 871 2053 Suavis
896 2030 978 2053 vero
1006 2021 1127 2055 oratio.
1176 2020 1312 2054 Pellere
1335 2033 1439 2066 supra

91 2089 234 2122 vidimus
274 2088 316 2121 de
354 2092 492 2122 natante
526 2087 552 2128 Ι,
579 2089 611 2127 4,
641 2089 694 2119 12.
750 2086 926 2119 Facilis
964 2097 1016 2119 un
1031 2087 1102 2128 da,
1141 2087 1266 2121 cedens
1297 2090 1438 2123 natanti.

92 2154 188 2188 Bene
214 2154 346 2188 confert
371 2154 543 2187 Hssmms
568 2153 726 2195 Propert.
745 2151 771 2193 Ι,
793 2153 850 2192 11,
876 2153 938 2184 12:
968 2151 1145 2184 Alternae
1163 2151 1293 2197 facilis
1320 2153 1439 2186 cedere

92 2220 238 2264 lympha
275 2231 393 2252 manu.
455 2219 611 2261 Denique
650 2219 775 2251 lenta
814 2221 867 2250 est
903 2217 1083 2260 flexibilis,
1126 2219 1284 2261 mobilis,
1330 2220 1440 2254 Ovm.

93 2285 237 2319 Heroid.
262 2285 359 2326 XIX,
383 2287 447 2318 48:
489 2287 670 2329 Lentaque
696 2283 836 2315 dimotis
863 2282 1010 2315 brachia
1035 2284 1149 2317 iactat
1183 2285 1305 2331 aquis,
1347 2297 1443 2320 eom—

95 2357 236 2397 parante
277 2352 438 2384 ummo.
506 2351 666 2384 Suaviter
707 2351 813 2392 igitur
852 2360 1037 2394 expressus
1077 2355 1129 2384 est
1166 2355 1284 2394 gestus
1321 2357 1443 2386 natan-

97 2421 191 2453 tium.
217 2437 262 2443 —
301 2429 380 2451 nos
415 2418 508 2451 fata
541 2418 684 2450 fuisse
717 2417 881 2458 velint,
924 2427 984 2460 per
1020 2421 1138 2451 notum
1173 2418 1442 2463 eupliemismum

99 2486 245 2527 dictum,
274 2485 316 2519 cf.
345 2485 475 2520 Hssms.
502 2484 543 2517 ad
574 2484 673 2517 Ovid.
701 2483 845 2517 Heroid.
871 2484 982 2525 XVII,
1011 2487 1090 2518 192.
1116 2486 1275 2519 laudante
1301 2487 1443 2520 cho

99 2555 135 2586 et
157 2551 320 2584 Hermo.
339 2569 386 2576 —
419 2551 463 2584 V.
484 2552 541 2584 33.
565 2551 621 2582 34.
647 2550 804 2592 nigras
829 2548 1027 2592 pecudes
1053 2551 1314 2593 promittite
1342 2552 1445 2584 Diti.

99 2619 221 2659 Inferis
247 2618 310 2652 diis
339 2619 466 2652 animas
491 2617 659 2661 pecudum
689 2627 750 2660 pro
775 2615 946 2649 hominum
979 2616 1047 2648 vita
1082 2620 1117 2649 et
1149 2617 1323 2650 animabus
1351 2618 1445 2650 obla-

101 2688 154 2717 tas
182 2687 336 2724 constat;
371 2683 473 2718 talem
502 2682 720 2717 substitutam
754 2682 899 2716 animam
926 2680 1085 2715 dicebaut
1111 2683 1297 2716 meliorem.
1349 2682 1444 2715 (¹0an

1034 2752 1087 2787 24
