1721 2953
481 166 625 206 LIBR.
655 164 728 204 IV.
788 163 957 204 CARM.
986 164 1040 204 V.
1346 168 1426 207 445

88 287 184 329 adl,
208 291 242 328 7,
266 289 324 319 51.
348 304 392 309 —
431 286 474 319 V.
500 287 542 317 13
572 293 644 326 sqq.
677 281 854 314 iniusta
879 283 1047 324 Venus,
1073 285 1111 315 ut
1134 291 1189 316 me
1216 284 1326 326 magis
1350 295 1428 319 uras

89 363 189 395 quam
213 350 408 384 Cerinthnm
436 354 471 383 et
496 347 693 382 fortioribus
717 348 859 380 vinculis
885 349 1108 391 constringas.
1127 367 1171 373 —
1199 349 1285 383 Mox
1309 355 1432 385 uter-

87 429 169 462 que
200 422 253 451 est
286 417 329 449 de
365 426 569 458 unoquoque
602 414 797 457 singulatim
833 418 1009 457 spectato,
1047 416 1150 448 veluti
1184 426 1240 459 ap.
1275 415 1350 449 C1c.
1386 416 1429 449 ad

87 485 191 517 Attic.
218 483 311 523 VIII,
338 485 402 515 12:
436 481 571 514 Fabius
597 479 862 513 amantissimus
895 480 1081 526 utriusque
1113 487 1272 513 nostrum
1298 489 1332 515 et
1358 483 1430 515 CA-

87 560 195 583 TULL.
217 550 260 592 L,
279 552 313 583 4.
364 549 495 583 Deinde
519 559 600 582 vero
622 552 857 581 teneamur
878 552 1069 590 uterque
1095 559 1143 592 pr.
1162 550 1271 582 ambo.
1320 550 1432 583 Porro

87 618 191 661 iunge
225 628 366 660 aeque
400 618 599 659 vinctus,
638 620 673 650 et
707 614 837 648 servire
874 615 1000 648 Veneri
1034 617 1213 650 recordare
1240 618 1304 650 iam
1330 628 1432 661 supra

89 685 214 716 lectum
240 684 284 724 ΙΙ,
309 686 342 724 3,
368 685 425 717 30.
450 701 497 708 —
535 686 714 722 catena,
739 680 816 713 vide
842 680 884 713 de
910 679 959 713 his
985 680 1190 724 metaphoris
1217 682 1432 715 Mr‘rscnnn-

89 759 244 782 nemum
271 748 312 781 ad
338 748 459 780 Horat.
485 747 529 789 11,
556 750 590 788 5,
617 749 646 779 l.
664 763 709 770 --
738 745 887 789 pudet.
935 747 1054 779 Puella
1080 747 1122 780 de
1146 748 1310 781 modestia
1335 749 1433 782 iuve-

89 815 141 848 nis
174 815 322 858 cogitat,
356 824 557 857 quamquam
590 813 688 846 simul
723 812 823 846 etiam
852 817 994 846 matrem
1029 814 1148 848 timere
1174 816 1305 859 potuit,
1342 816 1430 850 conf.

89 893 190 916 carm,
219 893 268 924 sq.
295 892 326 914 v,
353 884 406 914 15.
435 899 481 905 -—

184 947 226 981 V.
254 949 394 980 19-20.
443 945 618 978 Exitus.
667 944 922 990 Repetitur
946 946 1182 980 invocatio
1208 946 1399 981 Natalis.

182 1012 226 1046 V.
249 1015 293 1044 19
315 1023 364 1054 sq.
401 1011 605 1053 Natalis,
628 1012 716 1045 idem
743 1013 799 1055 qui
827 1013 975 1055 Genius,
1004 1013 1046 1046 cf.
1072 1013 1116 1055 II,
1145 1016 1180 1055 2,
1204 1017 1236 1047 1.
1260 1032 1306 1038 -—
1331 1013 1433 1056 quid

90 1079 256 1121 refert,
281 1080 452 1113 clamve
472 1080 678 1122 palamve
696 1079 859 1122 roget?
893 1080 964 1112 Viri
985 1079 1075 1112 docti
1096 1081 1249 1114 certatim
1266 1084 1435 1124 reponunt

89 1145 223 1178 clamne
237 1145 415 1189 palamne,
438 1146 485 1178 ita
506 1146 599 1178 editt.
617 1147 829 1187 Pummm,
847 1147 992 1179 anu.
1015 1149 1131 1187 1575„
1154 1147 1298 1179 Dousm
1320 1147 1436 1187 1592„

88 1213 315 1253 Psssmzm„
351 1212 649 1253 BRoucKnusms,
682 1213 864 1253 Vunmus,
900 1213 1070 1254 Vossms,
1104 1212 1434 1252 thminuemus³

89 1278 274 1320 BAemus,
298 1278 529 1319 Huscnxms,
561 1278 806 1319 Gonnssnrus,
831 1282 869 1310 ut
894 1279 938 1310 sit
958 1289 1033 1311 cum
1060 1278 1222 1311 indirecta
1245 1279 1437 1320 interroga-

89 1344 202 1376 tione:
238 1348 350 1375 utrum
377 1344 464 1375 ciam
496 1353 539 1375 an
574 1343 683 1385 palam
714 1346 833 1384 roget,
869 1341 911 1375 de
944 1353 1011 1385 quo
1043 1343 1129 1376 dixit
1154 1344 1368 1376 Bssssrnfflus
1393 1342 1437 1375 ad

87 1408 209 1441 Horat.
234 1408 337 1440 Satir.
364 1407 391 1448 I,
417 1409 450 1447 2,
475 1409 532 1439 63.
582 1408 627 1438 At
663 1407 751 1438 enim
785 1406 899 1448 quidni
933 1417 1041 1448 aeque
1075 1411 1169 1440 recte
1204 1411 1438 1440 construamus

87 1474 155 1507 sic:
181 1472 263 1515 quid
287 1472 412 1512 refert,
437 1471 508 1504 sive
533 1470 620 1502 clam
644 1470 716 1503 sive
741 1471 851 1513 palam
876 1470 1003 1512 roget?
1053 1471 1169 1505 Quare
1193 1474 1288 1503 recte
1313 1471 1438 1504 Lacu-

88 1548 236 1571 MANNUS
261 1536 434 1571 revocavit
458 1535 619 1568 librorum
643 1534 776 1568 unicam
800 1535 980 1568 lectionem
1005 1539 1040 1568 et
1064 1537 1268 1579 scriptorum
1302 1541 1337 1569 et
1362 1536 1438 1569 edi-

90 1608 201 1638 torum
225 1609 304 1637 ante
331 1604 535 1637 MURBTUM·
585 1601 746 1633 Ceterum
771 1602 874 1643 vulgo
900 1602 991 1634 clara
1016 1613 1100 1635 voce
1127 1604 1352 1648 precabantur
1377 1614 1438 1637 ve-

89 1675 203 1711 teres;
235 1672 291 1712 qui
321 1671 427 1709 clam,
463 1672 522 1700 aut
545 1667 676 1711 pudore
702 1668 955 1709 retinebantur,
988 1668 1031 1702 cf.
1056 1668 1099 1709 II,
1127 1671 1158 1709 1,
1183 1670 1240 1708 84,
1258 1673 1324 1701 'aut
1348 1669 1437 1701 maia

89 1742 168 1769 vota
194 1735 382 1776 habebant,
407 1733 450 1768 cf.
476 1734 634 1766 Scumm.
660 1732 701 1765 ad
726 1732 848 1765 Horat.
878 1732 987 1775 Epist.
1011 1733 1038 1774 J,
1063 1736 1117 1775 16,
1143 1737 1221 1776 60.,
1243 1738 1302 1766 aut
1327 1735 1437 1766 minus

89 1801 219 1834 intente
253 1805 289 1834 et
321 1801 410 1834 serio
445 1799 619 1843 optabant.
667 1800 780 1842 Atque
805 1798 868 1832 hoc
893 1810 981 1832 nunc
1008 1800 1198 1843 respicitur.
1248 1800 1324 1833 Etsi
1351 1801 1438 1834 clam

89 1873 212 1912 rogat,
246 1869 313 1909 ait,
348 1878 415 1901 non
440 1868 551 1900 minus
585 1877 629 1899 ex
654 1866 766 1899 animo
793 1870 892 1909 rogat
919 1865 1120 1909 Cerinthus,
1154 1867 1235 1900 facit
1259 1868 1346 1900 enim
1373 1878 1438 1911 pu-

91 1935 184 1968 dore.
236 1936 352 1969 Quare
386 1933 477 1966 audi.
525 1932 717 1965 Audiebant
749 1932 837 1966 enim
873 1931 919 1966 dii
954 1933 1101 1967 maxime
1135 1934 1247 1977 palam
1280 1934 1438 1976 invocati,

89 2006 129 2036 ut
153 2002 220 2036 iam
247 2001 290 2035 ad
316 2000 362 2044 11,
386 2003 420 2044 1,
443 2003 501 2034 85.
528 1999 666 2035 dictum.
