1721 2953
265 135 316 171 96
578 120 946 164 COMMENTAR.
976 120 1035 162 IN
1065 119 1293 161 TIBULLI

276 255 382 287 iictor
419 245 553 294 prodiit.
617 243 821 278 Emendatio
855 241 958 287 prius
995 243 1188 277 necessaria
1223 242 1323 286 plane
1359 251 1426 275 non
1462 240 1606 275 videtur.

270 322 381 361 Atque
408 315 489 348 haec
516 311 691 345 hactenus.
740 309 901 344 Ceterum
927 313 1022 344 recte
1045 308 1171 343 habere
1197 312 1265 343 est
1289 311 1367 352 post
1391 307 1522 348 Eleo,
1545 315 1608 338 nec

269 385 389 417 abesse
414 378 550 419 debere,
575 379 614 409 ut
637 375 826 416 ΗΒΥΝιυε,
853 375 1015 416 Vossnss,
1040 374 1359 408 Wunnnnmcnms
1386 374 1522 413 volunt,
1547 371 1610 404 do-

274 449 327 481 cui
353 446 395 479 ad
421 444 448 486 I,
474 446 507 485 1,
532 444 649 476 34.—
675 441 718 475 V.
742 442 788 473 33
810 450 861 482 sq.
886 440 1088 486 iuvenem
1113 437 1145 472 h.
1171 440 1192 472 l.
1216 439 1385 480 intelliges
1409 438 1442 470 in
1468 438 1534 471 fine
1557 437 1611 470 iu-

269 511 416 545 ventutis
441 507 684 548 constitutum,
721 508 761 538 ut
785 503 910 537 docent
933 504 1069 537 adiecta
1103 503 1225 537 verba:
1257 506 1485 548 premeret
1518 512 1612 535 cum

269 578 418 612 serior
452 578 597 615 aetaS,
635 571 667 605 h.
694 582 727 606 e.
750 571 904 604 instaret.
969 570 1125 604 Pertinet
1149 574 1263 603 autem
1287 579 1330 602 ex
1355 579 1420 602 usu
1443 569 1613 609 Romano,

269 648 307 677 ut
333 645 488 683 constat,
522 639 689 673 iuniorum
715 641 809 671 aetas
833 647 941 680 usque
965 636 1009 670 ad
1034 636 1285 679 sexagesimum
1319 639 1456 669 sextum
1481 644 1615 676 annum,

273 710 350 744 inde
376 709 484 742 serior
507 710 602 739 aetas
627 704 780 748 sequitur
805 714 832 736 s.
858 706 897 736 ut
921 703 1024 745 vulgo
1055 702 1190 744 dicitur,
1215 701 1398 734 seniorum.
1423 719 1468 726 -—
1500 701 1615 734 stul-

269 783 338 811 tos
363 772 695 820 praeteriisse,
732 769 764 805 h.
790 780 822 804 e.
848 771 955 803 stulto
980 768 1104 811 modo,
1138 769 1210 802 sine
1235 768 1381 801 Venere.
1431 766 1614 809 comparat

270 843 432 877 viamus
456 840 554 873 Pers.
580 837 654 870 Sat.
681 835 708 878 I,
733 838 799 869 60:
835 840 922 867 tunc
957 844 1094 866 crassos
1127 832 1297 865 transisse
1334 832 1407 865 (lies
1438 831 1617 877 lucemque

262 907 464 953 palustrem
489 909 524 936 et
549 902 616 937 sibi
640 901 712 934 iam
736 900 806 934 seri
829 900 940 934 vitam
964 899 1162 945 ingemuere
1187 898 1357 932 relictam.
1404 897 1491 932 Add.
1509 900 1617 932 Ovll).

271 973 416 1009 Heroid.
435 972 463 1014 I,
481 974 522 1006 S:
547 982 609 1003 nec
632 980 794 1016 quererer
816 966 940 1000 tardos
964 966 1015 999 ire
1039 965 1165 999 relicta
1189 965 1274 998 (lies.
1321 966 1503 999 Postremo
1522 973 1619 997 mens

272 1041 389 1085 Priapi
414 1041 528 1073 clara:
553 1037 667 1070 Etiam
694 1041 753 1077 tu,
778 1036 846 1077 ait,
880 1035 943 1068 nisi
971 1037 1108 1067 strenue
1133 1032 1303 1066 studueris
1328 1040 1453 1074 capere
1477 1039 1620 1073 puerum

272 1112 380 1147 tuum,
403 1108 523 1148 postea
546 1101 714 1135 moerebis
738 1101 842 1132 vitam
866 1099 939 1132 sine
963 1099 1140 1141 voluptate
1162 1098 1323 1140 elapsam,
1349 1096 1406 1128 ubi
1429 1096 1504 1128 anni
1524 1105 1620 1128 amo-

270 1174 363 1208 ribus
397 1171 468 1215 apti
501 1169 563 1202 tibi
598 1167 792 1201 effluxerint
825 1170 928 1209 atque
953 1167 1055 1198 etiam
1082 1162 1178 1208 pueri
1215 1163 1264 1196 tui
1290 1161 1482 1196 formositas
1507 1161 1620 1204 perie-

271 1240 326 1272 rit.
343 1256 389 1262 -—
414 1237 456 1270 V.
481 1237 541 1268 35.
564 1242 752 1276 serpens
777 1241 919 1265 novus
945 1229 976 1264 h.
1000 1240 1029 1263 e.
1052 1232 1248 1262 renovatus.
1298 1229 1505 1272 Comparant
1528 1227 1621 1261 Vm·-

275 1314 349 1337 GH„
376 1304 507 1343 Georg⁴
531 1300 593 1340 Ill,
618 1301 706 1332 437:
747 1300 831 1330 Cum
860 1296 991 1341 positis
1024 1308 1136 1329 novus
1173 1294 1311 1328 exuviis
1335 1294 1540 1339 nitidusque
1564 1292 1623 1324 iu·-

277 1373 404 1409 venta,
441 1371 476 1400 el:
501 1365 608 1398 Ovm.
634 1364 720 1396 Met.
746 1362 810 1403 IX,
833 1365 925 1395 266:
965 1367 1075 1407 utque
1099 1373 1211 1393 nouus
1236 1371 1377 1403 serpens
1398 1356 1521 1402 posita
1546 1368 1623 1388 cum

269 1433 362 1479 pelle
394 1436 544 1465 senecta.
594 1430 801 1462 Annotatum
841 1432 893 1461 est
929 1427 972 1460 ab
1011 1426 1254 1470 interpretibus
1292 1435 1336 1458 ex
1371 1425 1620 1463 Ams'ro'rnnn,

275 1510 357 1533 vere
382 1502 417 1532 et
441 1500 621 1530 auctumno
647 1493 710 1527 hoc
734 1495 819 1532 fieri,
843 1493 933 1526 Hist.
961 1493 1023 1525 An.
1050 1492 1144 1533 VIII,
1171 1494 1227 1524 17.
1244 1509 1289 1514 —
1315 1489 1445 1523 exuit
1470 1497 1619 1529 annos,

275 1569 315 1599 ut
338 1564 527 1598 videbatur.
575 1562 741 1595 Veterum
771 1560 864 1593 locos
891 1559 1082 1602 complures
1107 1558 1220 1590 attulit
1247 1557 1357 1590 risus
1380 1557 1619 1588 GEBHARDUS.

276 1632 413 1665 Revera
431 1633 555 1669 tamen,
581 1626 628 1659 ait
650 1626 834 1666 Humum,
859 1635 926 1657 non
951 1624 1061 1665 magis
1083 1622 1127 1655 acl
1145 1623 1354 1655 iuventutem
1373 1621 1460 1654 redit
1481 1629 1622 1664 serpens

276 1707 379 1739 quam
403 1694 474 1727 avis
499 1692 617 1736 pennis
643 1689 791 1723 mutatis.
817 1707 862 1712 —
903 1688 941 1722 V.
963 1690 1008 1720 37
1033 1698 1082 1729 sq.
1119 1685 1302 1720 Phoebo
1338 1683 1622 1726 Bacchoque,

276 1767 315 1796 ut
341 1766 458 1795 notum
492 1768 537 1792 ex
570 1757 692 1790 fabulis
729 1759 764 1789 et
797 1755 903 1798 signis
938 1758 1102 1787 veterum.
1151 1753 1266 1786 Locos
1295 1752 1421 1785 multos
1454 1750 1624 1783 Bnoncx-

279 1836 407 1860 imsrus
433 1823 624 1866 congessit,
659 1831 741 1865 prae
777 1820 900 1853 ceteris
935 1819 1106 1852 Hermus
1132 1818 1232 1851 Ovid.
1258 1817 1344 1852 Met.
1369 1817 1431 1858 III,
1456 1818 1536 1849 421.
1572 1815 1624 1849 in-

279 1893 365 1937 spici
396 1891 491 1924 iubet
520 1899 597 1923 cum
630 1887 850 1921 annotatione
882 1887 1118 1930 interpretum.
1169 1886 1216 1918 Ut
1241 1894 1343 1928 porro
1369 1883 1472 1916 etiam
1496 1881 1539 1915 de
1566 1891 1623 1914 or-

280 1961 359 1994 dine
393 1959 564 1993 nominum
599 1955 770 1996 dicamUS,
806 1954 840 1986 in
874 1953 948 1986 aliis
981 1953 1076 1986 libris
1112 1956 1186 1985 est:
1232 1949 1374 1984 Baccho
1407 1946 1625 1993 Phoeboque,

281 2023 565 2070 quemadmodum
599 2020 688 2065 apud
724 2020 889 2053 Ovmrum
924 2019 947 2051 l.
971 2018 1027 2051 cit.
1063 2018 1208 2060 legitur:
1248 2021 1284 2048 et
1318 2014 1441 2060 dignos
1475 2012 1627 2050 Baccho,

281 2093 406 2138 dignos
433 2096 467 2122 et
491 2087 660 2133 Apolline
686 2086 808 2120 crines.
857 2086 927 2118 Sed
962 2085 1007 2118 ibi
1041 2089 1135 2117 recte
1169 2083 1270 2116 habet
1305 2079 1494 2127 patheticus
1517 2089 1538 2112 a
1562 2078 1627 2111 mi-

282 2158 355 2192 nori
382 2156 425 2189 ad
449 2155 556 2188 maius
580 2162 802 2197 progressus,
835 2150 899 2184 hoc
925 2152 1001 2186 loco
1027 2152 1118 2184 nulla
1144 2150 1220 2182 talis
1246 2149 1296 2182 vis
1322 2146 1498 2181 orationis.
1554 2144 1626 2177 Te-

281 2224 428 2259 nendum
455 2223 558 2265 igitur
582 2230 670 2253 nunc
691 2219 834 2262 simplex
860 2222 914 2251 est
938 2217 1171 2251 collocationis
1196 2225 1327 2257 genus,
1353 2213 1453 2256 quale
1478 2212 1511 2244 in
1536 2209 1624 2243 omni

285 2291 429 2333 simplici
455 2286 666 2321 enarratione
691 2283 845 2325 habetur,
871 2293 915 2316 ex
940 2293 1007 2325 quo
1035 2282 1179 2325 primum
1204 2280 1395 2313 nominatur
1419 2277 1529 2321 potior
1547 2283 1624 2317 per-

288 2365 388 2396 sona,
415 2353 526 2397 potior
547 2361 613 2384 res.
664 2348 767 2385 Quod
792 2353 904 2381 autem
931 2347 1081 2381 Vossms
1107 2349 1224 2379 censet
1247 2345 1374 2387 Priapo
1398 2342 1539 2385 primum
1566 2349 1625 2381 pa-

287 2421 348 2455 tris
373 2419 484 2453 carius
511 2427 632 2450 nomen
665 2414 825 2448 debuisse
858 2413 892 2446 in
928 2416 1075 2446 mentem
1101 2411 1215 2443 venire
1242 2409 1385 2448 ideoque
1417 2405 1448 2437 id
1482 2413 1627 2447 praepo-

288 2487 455 2527 nendum,
483 2485 628 2518 alienum
655 2486 707 2516 est
733 2493 753 2514 a
777 2485 930 2515 veterum
957 2480 1161 2522 scriptorum
1187 2474 1401 2517 simplicitate
1428 2472 1495 2504 talc
1521 2470 1628 2503 artifi-

287 2556 396 2596 cium,
437 2553 494 2585 ubi
532 2561 597 2584 non
634 2549 880 2587 necessarium
915 2548 1090 2590 spectatur
1124 2547 1238 2575 autem
1275 2549 1362 2571 nunc
1399 2538 1471 2569 sola
1508 2545 1562 2568 res
1594 2537 1629 2566 et

290 2619 501 2664 cognationis
534 2615 620 2650 ratio
653 2618 704 2648 est
735 2614 873 2648 inutilis.
898 2631 945 2638 —
980 2612 1187 2645 intonsus
1221 2605 1376 2640 crinis.
1427 2601 1550 2636 Aiebat
1576 2600 1630 2633 in-
