1721 2953
471 116 714 164 TIBULLI
763 116 873 162 LIB.
901 116 953 162 II.
981 125 1014 162 6.
1342 114 1406 161 59

117 244 183 290 Ne
219 241 299 288 tibi
332 240 521 304 neglecii
557 241 731 288 mittant
763 239 879 287 mala
914 238 1088 286 somnia
1122 238 1302 294 Manes,

182 329 442 392 Maestaque
479 326 650 392 sopitae
687 337 771 372 stet
804 344 933 372 soror
968 336 1068 372 ante
1103 335 1275 379 torum,

117 412 275 475 Qualis
313 413 368 459 ab
406 412 576 459 excelsa
612 430 827 476 praeceps
861 411 1045 476 delapsa
1082 409 1277 456 fenestra

59 509 106 546 40
185 498 321 546 Venit
353 498 411 545 ad
444 498 644 545 infernos
682 496 1027 561 sauguinolenta
1061 496 1198 544 lacus.

115 584 314 642 Desino,
349 603 406 631 ne
439 584 648 631 dominae
684 583 832 631 luctus
862 593 1134 629 renoventur
1170 579 1345 627 acerbi:

180 670 284 716 Non
317 688 399 733 ego
436 689 534 717 sum
572 670 702 727 tanti⁷
748 668 894 734 ploret
928 680 978 715 ut
1010 667 1087 713 illa
1122 663 1268 713 semel.

115 757 207 802 Nec
242 755 437 803 lacrimis
475 755 629 803 oculos
667 756 806 819 digna
843 766 908 801 est
940 752 1122 800 foedare
1156 751 1389 816 loquaces:

183 843 307 889 Lena
340 854 472 890 nocet
507 842 663 900 nobis,
708 842 805 906 ipsa
842 839 990 906 puella
1026 839 1148 886 bona
1185 849 1261 886 est.

61 930 242 977 45Lena
276 941 407 976 necat
441 929 654 976 miserum
689 927 873 995 Phryne
907 926 1151 991 furtimque
1182 922 1366 971 tabellas

182 1015 372 1063 Occulto
407 1027 593 1080 portans
629 1015 751 1080 itque
788 1014 993 1078 reditque
1031 1012 1155 1059 sinu:

122 1101 291 1166 Saepe,
337 1120 419 1164 ego
457 1120 559 1148 cum
597 1100 808 1147 dominae
840 1099 992 1146 dulces
1026 1117 1051 1145 a
1087 1097 1240 1144 limine
1277 1094 1392 1141 duro

187 1188 401 1251 Agnosco
436 1206 591 1245 voces,
638 1187 749 1234 haec
784 1198 918 1250 negat
955 1204 1050 1233 esse
1083 1184 1230 1231 domi:

124 1274 283 1338 Saepe,
306 1274 385 1320 ubi
406 1293 495 1320 nox
514 1274 736 1338 promissa
758 1273 868 1319 mihi
889 1283 965 1329 est,
996 1271 1209 1334 languere
1227 1266 1423 1334 puellam

69 1372 118 1407 50
197 1358 385 1407 Nuntiat
420 1370 497 1405 aut
527 1358 699 1421 aliquas
737 1357 989 1404 extimuisse
1021 1356 1179 1403 minas.

125 1447 256 1492 Tunc
291 1445 462 1491 morior
498 1445 631 1502 curis,
666 1456 772 1491 tunc
793 1462 920 1490 meus
945 1442 1055 1489 mihi
1083 1441 1259 1507 perdita
1284 1439 1427 1504 fingit,

190 1532 359 1595 Quisve
395 1550 541 1579 meam
577 1521 747 1588 teneat,
796 1542 904 1596 quot
935 1541 1132 1576 ’reneatve
1168 1528 1340 1575 modis:

124 1620 254 1665 Tunc
292 1618 397 1675 tibi,
432 1617 559 1675 lena,
604 1635 767 1682 precor
800 1616 944 1662 diras:
980 1615 1086 1662 satis
1124 1614 1256 1661 anxia
1292 1614 1426 1672 vivas,

188 1704 383 1750 Moverit
416 1721 437 1750 e
470 1703 581 1750 votis
618 1721 723 1768 pars
760 1714 1075 1767 quotacunque
1114 1700 1234 1746 deos.

145 1877 187 1911 V.
203 1878 261 1909 45.
291 1882 391 1909 vetat
417 1877 504 1911 libri.
553 1878 752 1910 Pois-muns
782 1879 933 1918 necat,
968 1887 1054 1919 quae
1081 1876 1209 1919 optima
1235 1875 1431 1908 coniectura

73 1943 146 1975 iure
170 1943 297 1986 placuit
320 1943 433 1985 vulgo.
484 1942 737 1975 LAcmriNiws
763 1945 878 1975 noster
901 1947 1002 1974 vocat
1026 1941 1185 1986 proponit
1209 1941 1251 1974 ad
1268 1942 1429 1984 Propert.

76 2020 108 2051 p.
126 2010 206 2042 182.
237 2007 328 2050 quod
353 2018 420 2041 non
445 2007 668 2052 probaverim.
