1721 2953
241 161 279 183 m
293 159 304 182 1
780 144 856 184 DE
889 142 1047 186 POESI

240 261 453 300 affectione
483 259 682 313 pectoris,
715 272 849 312 neque
889 257 940 298 ad
979 257 1125 311 poesin
1164 270 1206 298 se
1245 256 1444 297 sentiebat
1477 257 1587 295 exci-

241 335 338 383 tari,
381 334 455 375 ubi
483 348 582 374 vero
614 332 786 374 adversa
813 341 1000 386 tempora
1031 340 1166 383 erant,
1208 340 1246 372 et
1275 333 1434 372 clausae
1464 332 1587 376 sores,

240 409 416 461 dissidia,
444 408 626 462 perfidia,
659 409 854 462 superbia
882 409 1114 461 puellarum
1137 409 1354 448 obstabant
1378 406 1588 447 desideriis

241 485 335 535 suis,
363 493 460 524 tunc
486 484 667 523 carmina
696 498 811 525 amor
841 483 1024 533 docebat,
1055 483 1090 523 si
1122 492 1260 536 posset
1287 485 1466 538 querela,
1495 497 1589 536 per-

241 560 452 610 suasione,
493 561 765 601 obtestatione
806 561 1059 601 commoveri
1088 560 1219 599 amica
1247 567 1288 599 et
1322 559 1509 600 revocari
1540 558 1593 598 ad

243 640 391 678 bonam
425 637 584 688 frugem
614 658 672 666 —
708 637 759 677 ad
791 637 1000 678 dominam
1041 637 1180 676 faciles
1220 635 1354 676 aditus
1392 647 1468 687 per
1505 647 1593 673 car-

242 714 353 753 mina
383 726 537 766 quaero
567 735 624 743 ——
657 726 730 751 nec
766 726 852 752 non
884 712 971 765 ipse
1006 711 1252 752 sedatiorem
1289 718 1439 750 statum
1470 707 1596 747 animi

244 802 490 841 recuperare
530 789 660 828 effuso
701 789 745 827 in
781 791 907 829 verba
940 788 1097 829 dolore.
1162 787 1355 828 Vidimus
1386 794 1522 824 autem
1552 792 1596 822 ut

245 864 470 916 plurimum
488 864 693 905 infelicem
719 879 812 906 eum
834 866 959 906 fuisse
980 867 1024 905 in
1051 865 1262 905 amoribus
1282 862 1380 902 suis.
1439 859 1599 909 Quodsi

248 941 340 994 quis
368 950 451 982 tam
484 942 680 995 proclivis
711 942 762 982 ad
791 942 992 982 desideria
1023 942 1171 991 mollia,
1201 938 1250 978 ad
1282 938 1476 978 sublimes
1506 950 1598 976 sen-

248 1033 338 1068 sus,
368 1019 420 1060 ad
449 1020 760 1072 imaginationes
791 1020 992 1061 felicitatis
1026 1018 1295 1072 pulchrioris,
1324 1024 1370 1055 ut
1398 1014 1600 1061 Tibullus,

250 1103 352 1148 quot
379 1097 543 1148 putabis
573 1105 760 1148 tempora
787 1095 941 1136 doloris
970 1095 1174 1142 incidere,
1206 1105 1331 1145 quam
1358 1088 1602 1129 familiarem

250 1171 345 1209 huic
377 1169 704 1223 querimoniam!
765 1169 904 1219 Quare
934 1170 1053 1209 etiam
1088 1168 1265 1207 rusticae
1303 1167 1410 1206 vitae
1450 1163 1602 1203 descri-

252 1248 460 1299 ptionibus
511 1256 550 1286 et
601 1247 782 1287 laetioris
832 1247 1060 1298 argumenti
1104 1243 1354 1285 carminibus
1402 1242 1605 1281 immiscet

253 1326 361 1374 fere,
401 1333 448 1364 ut
477 1324 676 1372 vidimus,
721 1325 898 1377 suspiria
934 1332 974 1362 et
1003 1323 1213 1376 querelas,
1252 1334 1363 1359 nunc
1393 1320 1603 1359 bonorum

253 1399 496 1450 amissorum
533 1398 794 1449 recordatus,
841 1413 949 1437 nunc
990 1397 1207 1449 agrestium
1250 1409 1398 1435 suosve
1439 1392 1603 1434 dolores

253 1475 472 1514 amatorios
503 1473 768 1513 adumbrans.
831 1474 978 1514 Factus
1006 1481 1091 1513 erat
1113 1473 1302 1511 Tibullus
1327 1471 1361 1510 si
1387 1471 1478 1523 quis
1499 1469 1601 1509 alius

255 1552 304 1591 ad
335 1553 490 1591 flebiles
520 1550 665 1591 modos
696 1551 869 1602 elegiae:
898 1551 1043 1590 intimo
1068 1550 1205 1588 animo
1231 1547 1414 1588 insidens
1440 1547 1605 1586 tristitia

255 1638 293 1668 et
325 1629 527 1668 felicitatis
563 1643 779 1682 nunquam
817 1630 939 1680 plane
971 1629 1138 1667 effectae
1171 1626 1420 1665 desiderium
1449 1624 1606 1664 indele-

256 1706 334 1744 bile
367 1718 490 1758 quem
518 1718 601 1744 non
634 1704 856 1743 commovit
884 1704 983 1742 haec
1014 1702 1196 1742 carmina
1224 1698 1449 1752 legentem!

366 1780 525 1819 Verum
569 1780 678 1818 enim
718 1792 816 1819 vero
848 1780 880 1817 I.
909 1778 963 1816 H.
991 1777 1166 1816 Vossius
1202 1774 1253 1814 ad
1281 1777 1430 1814 multas
1462 1774 1607 1824 elegIas

257 1856 491 1896 annotavit:
531 1868 617 1894 non
648 1868 701 1894 ex
738 1854 874 1893 animo
906 1852 1057 1892 dixisse
1089 1852 1325 1900 Tibullum,
1367 1864 1453 1890 non
1486 1850 1609 1888 nimis

258 1931 439 1982 urgenda
474 1931 620 1979 verba,
661 1930 790 1969 iocari
829 1936 992 1980 poetam
1032 1926 1165 1979 specie
1196 1934 1359 1977 sumpta
1387 1925 1609 1976 gravitatis,

258 2008 383 2048 veluti
415 2007 543 2046 iocari
581 2015 719 2045 monet
750 2005 920 2044 Albium
957 2004 1001 2042 in
1044 2010 1160 2042 sexta
1196 2002 1293 2041 libri
1330 2002 1474 2053 primi,
1523 2013 1608 2039 non

259 2084 378 2123 nimis
408 2084 514 2123 serio
537 2084 657 2136 que‘ri
680 2083 723 2122 in
753 2080 943 2131 secunda,
974 2089 1013 2120 et
1040 2081 1084 2119 in
1117 2087 1263 2132 quarta
1292 2076 1474 2126 secundi,
1503 2090 1608 2129 (piae

258 2174 399 2200 omncs
422 2169 504 2199 tam
527 2160 681 2199 alienae
715 2167 808 2198 sunt
839 2173 862 2197 a
892 2159 986 2197 lusu
1016 2165 1062 2196 ut
1091 2157 1195 2195 nihil
1224 2156 1363 2206 magis.
1420 2153 1608 2194 Eundem

260 2251 441 2278 errorem
469 2236 631 2276 iteravit
659 2236 900 2283 Ricfflerus,
941 2234 1013 2288 qui
1053 2241 1146 2285 post
1174 2232 1372 2271 Vossium
1402 2231 1609 2270 transtulit

259 2314 482 2351 Tibullum.
544 2310 624 2350 Sed
654 2311 757 2350 nihil
785 2319 844 2350 est
872 2309 1106 2363 perversius
1136 2309 1211 2347 hac
1243 2309 1457 2360 opinione,
1503 2321 1607 2360 quae

258 2390 340 2426 xini
379 2386 663 2425 admirabilem
699 2387 851 2426 horum
891 2385 1119 2424 carminum
1159 2385 1281 2435 plane
1315 2382 1489 2432 frangit,
1530 2395 1607 2433 pro

257 2466 405 2504 affectu
435 2465 583 2509 lusum,
615 2476 692 2514 pro
723 2462 867 2502 dolore
899 2461 1035 2501 iocum
1066 2468 1112 2500 ut
1138 2461 1254 2500 lubet
1287 2459 1537 2498 substituens
1566 2457 1609 2496 in

257 2540 319 2578 his
359 2539 590 2587 amoribus,
633 2537 783 2590 quibus
816 2537 920 2575 nihil
949 2535 1169 2584 sincerius,
1209 2534 1381 2573 interius
1416 2533 1495 2571 fuit
1531 2540 1608 2570 tm-

260 2630 395 2668 quam.
466 2614 572 2655 Illud
610 2622 743 2654 tamen
781 2614 952 2665 largiar,
988 2614 1022 2652 si
1059 2613 1150 2666 quis
1180 2612 1361 2652 carmina
1392 2610 1441 2650 ad
1470 2611 1607 2650 Mara-
