1721 2953
286 126 366 162 150
597 116 970 158 (JOMMERTJffl.
1005 120 1059 158 13
1096 117 1319 160 slssULLl

290 234 372 270 dixi.
422 231 524 269 Quod
551 232 637 265 enim
666 231 878 266 Huscunms
904 237 1084 277 propterea
1111 233 1176 266 diei
1199 217 1300 267 natali
1323 232 1424 266 tribui
1447 241 1499 265 res
1521 237 1634 275 gestas

290 301 459 336 Messalae
482 302 610 340 censet,
636 299 713 341 quia
737 299 869 332 initium
895 300 984 333 vitae
1008 301 1064 342 sit,
1090 301 1253 333 remotius
1281 300 1366 344 petit
1390 310 1452 344 pro
1477 311 1519 333 eo
1544 301 1634 342 quod

289 376 368 404 ante
394 367 498 412 pedes
524 371 596 408 est,
623 378 663 400 ac
687 366 868 400 dicendum
896 379 938 401 ex
964 366 1027 400 hac
1052 367 1185 401 ratione
1212 371 1285 400 erat
1313 367 1449 411 potius:
1482 365 1535 400 hic
1567 366 1639 399 dies

291 437 355 470 est,
379 433 435 476 qui
463 432 646 476 perniciem
673 431 796 465 afferet
822 432 1008 474 Aquitanis.
1060 432 1208 466 Omnino
1234 437 1328 466 certa
1354 434 1408 466 lex
1436 431 1639 466 hermeneu-

292 498 376 532 tices
402 501 474 540 est,
508 502 547 532 ut
582 499 725 542 primum
753 502 910 532 teneatur
936 498 1063 542 ubique
1091 499 1145 541 id,
1184 499 1277 542 quod
1302 500 1404 534 verba
1439 500 1528 533 ultro
1553 499 1639 532 offe-

291 567 387 606 rant,
412 569 554 608 accepta
580 569 617 598 ut
642 564 849 608 habeantur,
877 576 940 600 nec
965 577 1105 610 usquam
1132 567 1295 600 remotior
1321 577 1442 601 sensus
1472 576 1642 608 quaeren-

293 633 357 665 dus
382 636 417 666 et
442 631 686 677 praeferendus
721 634 777 666 ubi
811 633 950 678 propior
985 635 1094 668 bonus
1129 638 1200 676 est,
1236 644 1300 667 nec
1326 632 1428 667 habet
1457 633 1547 676 quod
1573 633 1643 666 dis-

292 697 428 742 pliceat.
490 697 542 731 Ad
577 708 676 741 quam
704 709 854 732 normam
881 700 938 742 qui
963 706 1115 733 nostram
1141 699 1406 743 explicationem
1433 699 1640 740 iudicabunt,

295 774 361 797 non
388 763 590 798 dubitabunt
615 765 658 798 de
684 766 755 798 eius
781 765 934 800 veritate.
993 767 1038 799 At
1064 766 1173 807 enim,
1207 765 1309 798 audio
1341 769 1375 799 te
1408 764 1541 800 dicere.
1579 775 1643 797 non

301 831 410 864 bonus
436 835 489 864 est
515 831 654 875 propior
680 831 861 864 verborum
887 841 1018 873 sensus,
1043 832 1121 874 quia
1147 829 1306 864 historiae
1331 834 1520 874 repugnat3
1543 834 1644 872 atque

299 895 361 931 hoc
388 900 440 930 est
465 897 609 930 alterum
635 896 725 939 quod
752 898 903 930 Vossws
929 897 1075 938 obiecit,
1112 901 1146 930 et
1179 907 1248 939 quo
1282 896 1383 930 etiam
1410 895 1515 930 ceteri
1541 896 1643 929 inter-

298 966 412 1006 pretes
436 962 503 996 iam
528 963 609 996 olim
636 962 792 996 videntur
818 964 990 996 commoti.
1048 962 1307 1006 Explicabimus
1331 962 1436 1005 igitur
1462 972 1549 995 nunc
1576 963 1643 1005 pri-

297 1037 390 1061 mum
415 1031 598 1070 sequentes
622 1038 758 1068 versus,
793 1032 827 1061 et
853 1027 1042 1062 videbimus
1068 1027 1193 1062 deinde
1218 1039 1306 1071 quae
1331 1028 1434 1061 suerit
1460 1027 1643 1071 probabili—

299 1099 351 1126 ter
375 1103 488 1127 rerum
514 1103 534 1126 a
559 1094 710 1128 Messala
734 1099 907 1138 gestarum
933 1095 1030 1129 ratio.
1057 1114 1102 1120 —
1130 1096 1174 1129 V.
1197 1098 1230 1130 4.
1263 1096 1402 1131 Quem
1429 1099 1645 1128 tremeret

298 1171 312 1191 ν
329 1162 451 1194 ictus
478 1161 612 1203 Atax,
647 1160 677 1195 h.
705 1172 735 1195 e.
766 1172 868 1205 quem
892 1162 1132 1196 recordaretur
1158 1166 1307 1196 tremens
1332 1162 1444 1196 victus
1472 1163 1582 1204 Atax,
1608 1167 1644 1196 ut

298 1226 465 1260 rebellare
500 1227 628 1268 nollet,
666 1226 773 1260 cladis
812 1228 994 1270 aliquando
1029 1232 1195 1273 acceptae
1230 1238 1369 1262 memor.
1430 1229 1510 1261 Fuit
1542 1229 1646 1271 igitur

301 1292 466 1333 proelium
501 1292 584 1325 illud
616 1303 776 1335 magnum
813 1299 848 1327 et
881 1295 1121 1336 memorabile,
1158 1306 1225 1338 quo
1261 1295 1326 1328 susi
1361 1293 1393 1328 hi
1430 1295 1566 1339 populi,
1604 1295 1647 1329 ad

301 1356 453 1388 Atacem
478 1357 511 1389 in
537 1356 752 1391 Narbonensi
777 1359 914 1399 Gallia,
949 1361 1006 1402 qui
1039 1359 1140 1393 hodie
1166 1364 1219 1393 est
1243 1361 1350 1393 Ande
1374 1363 1407 1395 in
1432 1366 1524 1394 terra
1547 1363 1644 1393 Lan-

299 1420 433 1465 guedoc
458 1426 589 1455 vocata.
650 1422 854 1456 Nobilitavit
876 1423 964 1457 hunc
989 1425 1127 1458 fluvium
1152 1425 1369 1459 Tifflnwrms
1395 1427 1523 1459 VARRo
1550 1427 1645 1459 A'm—

301 1499 428 1530 cmus,
467 1489 532 1522 vid.
569 1490 772 1523 Ruunfflffi.
807 1489 918 1534 Epist.
953 1492 1027 1525 crit.
1054 1492 1098 1534 ll,
1123 1505 1156 1536 p.
1185 1495 1264 1526 199.
1288 1510 1329 1517 —
1376 1494 1416 1526 V.
1441 1495 1463 1525 5
1487 1504 1538 1536 sq.
1575 1504 1646 1526 no-

302 1566 313 1586 »
332 1565 377 1587 os
403 1554 660 1599 triumphos
686 1556 824 1600 poetice
851 1567 900 1600 pr.
927 1567 1050 1590 novum
1078 1557 1294 1601 triumphum.
1321 1576 1365 1581 —
1399 1558 1539 1602 pubes
1564 1559 1645 1592 Ro-

300 1632 441 1663 mana²
476 1621 507 1655 h.
535 1633 565 1655 e.
589 1623 736 1666 populus
761 1623 959 1665 Romanus,
986 1624 1153 1665 Romani,
1179 1624 1267 1657 bene
1291 1629 1431 1658 notante
1455 1626 1647 1659 WUNDER-

300 1697 447 1728 memo,
485 1686 543 1730 qui
577 1687 711 1721 confert
738 1686 851 1731 pubes
886 1686 1040 1721 barbara
1066 1689 1151 1723 infra
1181 1692 1239 1722 27.
1273 1693 1308 1723 et
1340 1689 1518 1722 Dardana
1539 1690 1648 1735 pubes

300 1753 449 1786 vinem.
475 1754 558 1786 Aen.
586 1752 663 1794 Vll,
689 1755 771 1787 219.
805 1757 840 1786 et
874 1754 977 1787 verba
1001 1754 1093 1798 apud
1126 1755 1275 1789 Fsssmtm
1292 1768 1320 1789 :ff
1337 1755 1432 1789 Palu·
1450 1763 1648 1801 praesente,

301 1818 429 1861 populo
463 1823 662 1861 praesente,
701 1830 788 1862 quae
824 1831 867 1854 ex
895 1822 1033 1855 Ptmm.
1059 1822 1222 1856 Pseudol.
1249 1823 1276 1864 I,
1304 1825 1335 1864 1,
1365 1825 1442 1857 124.
1469 1824 1647 1869 desumpta

301 1886 473 1926 putantur.
524 1883 799 1918 Consentaneum
834 1896 916 1919 vero
952 1887 994 1920 ad
1023 1888 1101 1921 talia
1127 1889 1323 1932 spectacula
1348 1889 1512 1932 imprimis
1536 1890 1646 1923 iunio-

299 1959 355 1982 res
381 1951 606 1992 confluxisse,
645 1956 679 1985 et
706 1952 820 1985 laudat
848 1954 1009 1987 Vrnrms·
1035 1955 1135 1988 Ovid.
1162 1957 1236 1988 Art.
1261 1957 1336 1989 Am.
1365 1956 1388 1998 Ι,
1413 1958 1495 1990 217.
1521 1956 1578 1990 ubi
1605 1958 1647 1990 de

300 2015 469 2059 triumpho
506 2016 649 2049 dicitur:
700 2016 908 2060 spectabunt
950 2020 1038 2052 laeti
1074 2020 1217 2054 invenes
1257 2020 1457 2067 mixtaeque
1492 2021 1644 2066 puellae

300 2081 461 2115 Ceterum
495 2082 539 2115 cf.
562 2083 605 2125 ll,
629 2087 662 2125 5,
694 2087 768 2118 119.
796 2104 841 2109 —-
879 2089 1087 2121 evinctos
1123 2087 1325 2131 brachia,
1359 2089 1430 2122 scil.
1467 2093 1544 2133 post
1577 2094 1645 2123 ter—

300 2158 393 2191 gum·
437 2149 582 2183 HoRA'r.
616 2149 728 2193 Epist.
756 2151 800 2193 ll,
828 2154 859 2192 l,
887 2155 973 2186 191:
1019 2165 1097 2185 mox
1136 2154 1298 2186 trahitur
1330 2153 1490 2186 manibus
1527 2166 1647 2200 regum

291 2212 450 2258 fortuna
474 2214 637 2251 retortis,
665 2215 721 2248 ubi
748 2215 837 2249 conf.
863 2217 1020 2250 Senum.
1069 2219 1206 2252 Primus
1233 2217 1321 2252 huuc
1345 2229 1441 2252 usum
1469 2219 1645 2253 [iomanes

298 2279 417 2321 habet,
453 2281 492 2315 ll.
520 2280 615 2321 XXI,
640 2283 697 2321 217.
749 2282 799 2315 Ac
832 2268 937 2315 notus
968 2283 1130 2316 HoRA'ru
1159 2285 1255 2317 locus
1282 2284 1346 2317 Od.
1373 2285 1434 2326 111,
1459 2287 1492 2326 5,
1517 2286 1574 2318 22.
1602 2304 1638 2307 —

298 2346 344 2379 Et
369 2351 503 2390 capta
529 2347 614 2381 dixit
637 2347 680 2380 ad
707 2352 838 2392 partem
864 2350 1017 2394 corporis
1045 2361 1207 2384 revocans
1235 2349 1431 2394 epitheton,
1465 2349 1555 2392 quod
1582 2350 1641 2382 du-

297 2411 393 2445 cibus
418 2411 499 2455 ipsis
525 2415 703 2456 conveuit3
737 2415 782 2449 ef.
808 2416 836 2458 l,
865 2419 895 2458 l,
920 2419 978 2450 46.
1028 2417 1289 2451 Praecedebaut
1315 2420 1429 2449 autem
1461 2417 1552 2459 capti
1580 2416 1643 2449 du-

301 2486 358 2509 ces
384 2486 517 2511 currum
544 2479 680 2512 victoris
706 2479 953 2524 triumphantis.
983 2501 1027 2505 —
1070 2484 1107 2515 V.
1139 2486 1168 2516 7.
1204 2491 1363 2515 currus
1399 2481 1644 2514 eburneus.

301 2552 377 2576 cum
415 2543 518 2578 ebore
559 2550 592 2578 et
631 2558 713 2580 auro
757 2549 911 2581 exornati
952 2554 1065 2582 essent
1104 2547 1321 2592 triumphales
1358 2558 1485 2581 currus.
1546 2548 1641 2581 Cont'.

306 2612 502 2645 scium-sn
542 2612 581 2647 -le
619 2614 670 2647 Rc
702 2614 842 2650 »chit-ul.
870 2616 941 2651 libr.
971 2616 1012 2657 11,
1041 2630 1068 2650 ι..
1100 2618 1151 2650 13.
1185 2634 1223 2641 --
1269 2616 1307 2649 V.
1336 2617 1356 2648 9
1383 2625 1430 2658 sq.
1468 2619 1532 2648 est
1569 2622 1643 2658 poet
