1721 2953
478 128 719 174 TfflCLLI
768 128 876 175 ΠΒ.
904 129 934 174 Ι.
966 140 994 176 1.
1368 138 1396 181 3

112 257 212 301 Non
251 270 461 316 agnamve
499 254 597 298 sinu
635 254 784 317 pigeat
819 254 1009 301 fetumve
1045 255 1237 321 capellae

176 341 408 386 Desertum
443 337 579 384 oblita
615 350 755 385 matre
783 340 948 388 referre
981 341 1177 388 domum.

117 427 172 472 At
208 443 282 470 vos
320 424 479 487 exiguo
516 425 691 489 pecori⁷
738 425 948 492 furesque
985 427 1192 493 lupique,

173 510 367 556 Parcite:
430 510 484 557 de
520 529 685 574 magno
722 523 787 558 est
822 513 989 577 praeda
1026 513 1216 579 petenda
1254 531 1400 578 grege.

58 596 196 643 35Hic
234 614 316 659 ego
351 607 666 663 pastoremque
702 617 848 645 meum
881 598 1070 646 lustrare
1106 612 1215 665 quot
1251 602 1380 648 annis

175 681 230 728 Et
265 681 490 746 placidam
524 682 645 730 soleo
682 702 894 749 spargere
928 685 1038 732 lacte
1073 685 1238 736 Palem.

111 767 305 824 Adsitis‚
351 767 466 826 divi,
512 786 593 816 nec
627 788 703 816 vos
739 788 762 816 e
796 788 995 835 paupere
1031 788 1183 817 mensa

149 854 282 900 Dona
317 872 397 901 nec
434 871 457 900 e
491 854 617 919 puris
654 855 849 920 spernite
884 845 1108 903 fictilibus.

115 939 288 987 Fictilia
324 939 534 1005 antiquus
567 941 762 1006 primum
797 942 883 990 sibi
918 942 1021 990 fecit
1057 944 1244 1006 agrestis

61 1036 108 1072 40
185 1024 377 1083 Pocula,
423 1026 478 1072 de
513 1026 633 1074 facili
671 1028 1011 1093 composuitque
1042 1028 1147 1075 luto.

115 1112 217 1158 Non
259 1130 342 1174 ego
378 1111 554 1158 divitias
589 1124 768 1176 patrum
804 1113 1064 1179 fructusque
1099 1115 1303 1179 requiro,

186 1196 314 1259 Quos
347 1195 447 1243 tulit
479 1197 663 1263 antiquo
697 1198 877 1246 condita
908 1200 1065 1246 messis
1099 1219 1201 1247 avo:

116 1282 259 1328 Parva
294 1299 420 1344 seges
456 1282 563 1328 satis
600 1294 686 1340 est,
720 1284 827 1329 satis
863 1295 950 1341 est,
985 1285 1262 1349 requiescere
1297 1285 1407 1333 lecto

181 1367 231 1414 Si
263 1365 363 1413 licet
399 1377 441 1412 et
472 1365 602 1413 solito
638 1368 838 1416 membra
875 1367 1017 1416 levare
1049 1382 1159 1417 toro.

62 1462 108 1499 45
124 1452 274 1514 Quam
309 1451 431 1498 iuvat
465 1451 656 1500 immites
692 1466 844 1502 ventos
878 1455 1034 1503 audire
1072 1457 1307 1504 cubantem

178 1537 235 1583 Et
270 1536 499 1585 dominam
535 1532 688 1586 tenero
724 1540 968 1588 detinuisse
1003 1542 1129 1600 sinu,

113 1625 226 1680 Aut,
273 1622 443 1687 gelidas
479 1623 697 1673 hibernus
729 1645 868 1691 aquas
901 1646 1001 1674 cum
1036 1628 1205 1675 fuderit
1233 1628 1410 1684 Auster,

186 1709 406 1755 Securum
441 1728 624 1757 somnos
658 1711 803 1758 imbre
837 1712 1015 1760 iuvante
1047 1714 1197 1778 sequi!

120 1795 217 1841 Hoc
252 1794 363 1840 mihi
395 1795 645 1859 contingat:
695 1797 752 1843 sit
788 1797 909 1845 dives
938 1798 1057 1856 iure,
1104 1799 1302 1846 furorem

67 1891 115 1926 50
198 1879 290 1942 Qui
323 1880 460 1928 maris
497 1892 539 1927 et
572 1882 718 1928 tristes
751 1882 868 1930 ferre
902 1895 1048 1948 potest
1081 1884 1267 1949 pluvias.

119 1964 160 2012 Ο
198 1977 416 2030 quantum
453 1978 518 2013 est
552 1967 650 2014 auri
686 1968 835 2032 potius
867 1981 1108 2035 pereatque
1141 1970 1392 2034 smaragdi,

193 2051 344 2114 Quam
380 2051 484 2100 fleat
518 2053 576 2100 ob
610 2066 786 2102 nostras
823 2054 912 2103 ulla
944 2055 1093 2122 puella
1124 2057 1231 2107 vias.

164 2195 278 2228 V.34.
307 2204 463 2238 magno
490 2201 576 2239 est,
604 2197 720 2241 optimi
747 2202 851 2234 recte.
899 2199 987 2233 Vide
1011 2199 1292 2244 Expiicationem.
1342 2200 1416 2233 Ex-

68 2263 186 2303 cerpta
212 2259 477 2293 Fmsmcnxm
506 2263 593 2295 male
622 2264 790 2297 omittunt.
839 2265 1023 2307 Perperam
1054 2266 1153 2298 etiam
1182 2266 1214 2298 in
1243 2266 1315 2300 aliis
1346 2271 1415 2299 est

70 2328 148 2368 post
183 2335 326 2367 grege
359 2326 565 2367 collocatur,
603 2332 637 2359 et
660 2328 810 2361 Vossius
836 2329 922 2362 adeo
948 2330 1058 2364 eiecit.

163 2390 206 2424 V.
221 2392 277 2423 44.
312 2390 509 2423 Deteriores
538 2391 673 2433 quidam
705 2392 847 2437 referre.

168 2455 208 2488 V.
223 2458 280 2488 51.
315 2456 471 2499 potius
505 2461 758 2500 pereatque
796 2461 972 2502 revocavi,
1009 2460 1100 2504 quod
1130 2461 1234 2505 vulgo
1267 2473 1310 2496 ex
1348 2474 1414 2496 uno

75 2518 162 2551 libro
195 2520 323 2553 STA‘ru
353 2520 464 2553 editur
497 2524 531 2554 et
566 2522 631 2555 iam
658 2522 852 2557 lenx'mus
886 2526 1095 2566 coniecerat,
1133 2527 1270 2569 linguae
1302 2538 1413 2560 causa.

75 2583 327 2616 Licnmmms
355 2590 476 2628 pereat
506 2585 697 2631 potiusque
730 2598 805 2621 cum
840 2589 975 2632 optimis
1010 2590 1112 2624 tibris.

966 2655 1028 2695 ¹*
