1721 2953
262 112 341 149 134
579 104 949 147 (JOMMENTAR.
979 106 1037 146 IN
1067 106 1294 146 'l'IBULLI

262 225 331 270 legi
363 222 428 258 sub
463 222 597 255 nomine
624 227 744 255 nostro
779 223 874 269 quod
907 222 1059 255 deducta
1093 234 1185 256 mero
1218 223 1341 257 littera
1361 223 1476 269 fecit,
1514 238 1603 260 amo,

264 291 423 324 Ceterum
449 288 572 322 orbis
597 297 774 321 mensae
800 293 852 322 est
876 288 1019 322 rotunda
1040 299 1166 323 mensa.
1203 290 1366 324 Similiter
1384 291 1511 326 InvnN.
1531 293 1605 327 Sat.

261 355 307 396 11,
330 357 467 388 122—
496 354 591 388 V.21
610 364 659 396 sq.
687 353 856 388 Exibit.
883 355 1058 388 Lucmvs
1085 361 1300 399 comparatus
1329 356 1370 388 ab
1398 357 1546 390 Hermo
1573 361 1607 391 et

263 421 353 455 aliis:
401 420 482 454 Aut
507 431 583 452 cum
606 419 676 452 iter
699 425 751 451 est
777 419 896 466 aliquo
922 426 956 452 et
981 432 1125 453 causam
1155 428 1346 453 commenta
1374 422 1447 455 vini
1471 440 1515 449 —
1541 429 1608 455 aut

263 486 362 532 apud
386 486 579 530 aumficem,
612 485 662 517 ad
681 491 840 521 matrem,
869 491 1055 531 cognalam
1080 485 1129 517 acl
1152 486 1309 523 amicam,
1335 495 1401 519 aut
1427 493 1610 532 operatum

264 552 384 599 aliquo
416 553 453 584 in
478 551 601 585 celebri
633 565 710 585 cum
742 551 951 598 aequalibus
971 553 1076 598 fano.
1101 572 1148 577 --
1198 555 1283 587 Mox
1319 565 1395 587 seu
1431 554 1463 587 h.
1489 566 1519 587 e.
1553 554 1609 587 vel

263 618 304 654 si,
331 623 369 652 ut
394 619 552 653 observat
574 621 890 654 Wmnmmcnms
909 621 950 654 ad
973 621 1051 654 Tib.
1067 621 1182 662 11‚45.
1206 622 1393 654 Pnomsmn
1414 621 1458 663 11,
1477 624 1534 664 26,
1549 624 1607 656 29.

264 685 374 721 Pssns.
410 687 484 720 Sat.
520 687 547 728 Ι,
573 690 630 722 67.
668 687 818 721 laudans.
868 688 965 722 Adde
998 688 1220 722 LAcflmANN.
1252 689 1295 722 ad
1320 689 1479 732 Propert.
1504 690 1548 731 ΙΙ,
1575 692 1609 731 1,

264 754 322 786 51.
347 770 393 776 —-
439 753 579 786 Sacra
615 753 765 786 Bonae
802 754 926 787 Deae.
984 754 1099 787 Locus
1133 755 1295 787 classicus
1331 754 1373 787 de
1409 755 1504 787 Bona
1538 755 1610 788 Dea

265 821 318 850 est
351 817 519 852 ΜΑοιιοΒ.
552 819 688 852 Saturn.
712 819 740 861 Ι,
769 821 823 853 12.
887 819 1014 853 Notum
1049 830 1129 853 vero
1163 820 1205 853 ad
1239 820 1322 854 ilaec
1355 831 1450 854 sacra
1482 821 1613 853 nonnisi

266 883 410 918 feminas
445 884 627 926 admissa53
666 886 721 928 qui
756 885 807 918 vir
837 895 876 918 ea
912 885 1144 930 adspexisset,
1178 896 1254 920 eum
1287 887 1395 920 oculis
1428 886 1611 919 credebant

265 951 390 985 orbari.
446 951 524 986 Non
548 955 661 984 autem
696 951 833 984 domum
865 953 1078 984 consularem
1103 951 1134 986 l».
1161 953 1182 985 l.
1209 952 1368 994 intelligit
1393 957 1515 996 poeta,
1553 952 1612 985 ubi

266 1018 371 1051 semel
414 1028 475 1062 per
519 1028 641 1050 annum
675 1017 878 1050 sacrificium
914 1017 1061 1050 maxima
1098 1018 1302 1050 caerimonia
1339 1029 1358 1050 a
1392 1018 1614 1051 nobilioribus

269 1081 402 1116 feminis
434 1083 690 1124 celebrabatur,
734 1082 801 1116 vid.
833 1093 888 1126 ap.
915 1083 1041 1116 thER.
1069 1083 1166 1116 Orat.
1198 1084 1240 1116 de
1265 1084 1415 1128 Harusp.
1441 1084 1613 1127 Respons-

270 1162 300 1185 c.
328 1153 404 1192 17„
436 1150 497 1183 sed
523 1150 657 1194 publica
681 1151 828 1194 templa,
863 1160 950 1192 quae
974 1149 1041 1182 duo
1068 1154 1164 1183 erant
1188 1151 1341 1192 Romae,
1375 1150 1417 1183 cf.
1443 1150 1616 1183 Bnoucx-

271 1228 421 1252 nusum.
470 1219 626 1261 Denique
662 1218 752 1261 quod
788 1218 943 1251 libidines
976 1219 1098 1251 attinet
1129 1219 1307 1251 mulierum
1341 1219 1373 1251 in
1399 1219 1465 1251 illis
1499 1217 1616 1259 sacris,

272 1282 339 1315 vid.
367 1283 473 1316 Ovu).
500 1285 575 1316 Art.
605 1285 680 1316 Am.
707 1284 769 1326 Ill,
802 1286 882 1317 637.
919 1283 1046 1317 lui-mv.
1080 1285 1153 1317 Sat.
1184 1284 1243 1326 w,
1269 1286 1349 1317 314.
1381 1302 1427 1308 —
1465 1284 1616 1317 visere

272 1349 415 1391 dicet,
440 1349 472 1384 h.
498 1361 528 1385 e.
554 1351 604 1384 ire
630 1361 667 1383 se
693 1350 783 1383 dicet
807 1350 850 1383 ad
875 1361 982 1383 sacra.
1023 1350 1075 1383 Cf.
1102 1351 1144 1383 ad
1168 1351 1194 1392 Ι,
1220 1354 1253 1392 3,
1278 1354 1336 1386 27.
1362 1369 1406 1375 -
1433 1352 1474 1384 V.
1499 1353 1544 1383 23
1566 1362 1617 1393 sq.

273 1415 327 1447 At
359 1414 463 1447 mihi
497 1416 532 1447 si
565 1414 744 1457 credas,
781 1415 968 1448 custodiam
991 1416 1063 1448 eius
1089 1417 1291 1450 committas,
1315 1433 1360 1440 —
1399 1417 1521 1449 illam
1554 1427 1618 1449 se-

274 1492 382 1524 quar
416 1493 528 1515 unus
561 1482 612 1515 ad
645 1493 762 1524 aras,
801 1482 933 1516 audebo
960 1483 1045 1515 clam
1069 1483 1165 1525 sequi
1191 1484 1243 1516 vel
1272 1484 1304 1516 in
1330 1482 1389 1516 has
1414 1484 1516 1516 aedes
1540 1484 1619 1516 viris

274 1560 340 1582 non
366 1548 549 1582 adeundas.
597 1548 683 1582 Erat
717 1551 803 1582 enim
839 1550 986 1592 dignitas
1013 1550 1130 1582 Bonae
1157 1550 1252 1582 Deae
1285 1550 1343 1582 illo
1368 1554 1523 1593 tempore
1553 1551 1618 1583 iam

276 1614 496 1655 labefactata,
530 1618 568 1648 ut
600 1615 700 1648 etiam
734 1615 890 1648 Tibullus
925 1617 1027 1657 vulgo
1064 1616 1244 1657 religiosus
1269 1616 1354 1649 clam
1379 1617 1543 1650 interesse
1569 1617 1619 1650 his

276 1681 381 1714 sacris
409 1692 475 1714 nou
505 1681 660 1723 timeret,
696 1692 897 1724 quamquam
926 1683 959 1715 in
985 1682 1110 1715 affectu
1136 1682 1286 1724 loquitur
1310 1686 1345 1715 et
1369 1686 1520 1715 extrema
1547 1687 1622 1716 ten-

279 1750 328 1779 tat
354 1746 395 1779 ad
422 1747 644 1780 coercendam
682 1747 852 1780 libidinem
887 1747 1016 1781 Deliae.
1067 1747 1228 1780 Ceterum
1262 1748 1369 1780 maius
1404 1748 1496 1781 aditu
1529 1749 1622 1781 clan-

278 1813 411 1847 destino
440 1815 566 1847 crimen
592 1813 678 1846 haud
707 1814 806 1847 dubie
831 1815 1002 1857 evulgatio
1025 1825 1196 1847 sacrorum
1223 1819 1315 1856 erat,
1357 1825 1458 1858 quam
1483 1814 1623 1858 Lygda-

280 1891 354 1913 mus
379 1892 454 1914 cum
479 1882 554 1914 aliis
581 1881 716 1914 nefariis
742 1883 844 1915 rebus
869 1882 1060 1916 detestatur
1085 1883 1170 1916 infra
1195 1883 1257 1925 ΙΙΙ,
1282 1887 1316 1925 5,
1342 1887 1375 1917 7.
1400 1886 1433 1916 8.
1455 1902 1502 1907 -
1541 1893 1622 1916 non

281 1946 425 1978 oculis
452 1946 514 1979 sit
547 1947 756 1980 timuisse
782 1949 910 1990 meis,
945 1953 1025 1981 tunc
1050 1959 1116 1981 non
1142 1949 1287 1982 verebor
1311 1950 1532 1991 caecitatem,
1558 1961 1623 1983 non

281 2011 437 2045 claudam
463 2016 557 2044 metu
582 2013 756 2045 caecitatis
782 2013 899 2046 oculos
928 2024 1043 2055 meos,
1073 2014 1132 2046 sed
1160 2014 1330 2048 intendam
1358 2025 1417 2049 eos
1441 2016 1565 2049 acriter
1591 2020 1626 2048 et

282 2078 472 2111 observabo
498 2077 755 2120 diligentissime
787 2091 852 2113 non
878 2085 1033 2114 metuens
1063 2092 1217 2125 poenam.
1243 2099 1290 2107 -
1325 2092 1408 2115 non
1444 2081 1523 2122 sit,
1559 2091 1625 2114 non

283 2144 362 2185 fiet,
391 2154 456 2176 non
483 2144 618 2179 accidet
640 2145 718 2178 milii
743 2151 780 2179 ut
806 2148 953 2181 timeam.
1004 2149 1274 2182 constructionis
1300 2149 1457 2192 exempla
1482 2149 1624 2192 plurima

286 2210 459 2251 congessit
492 2210 670 2243 Hnnzsms
703 2212 745 2244 ad
780 2211 879 2246 Oiid.
907 2214 979 2247 Art.
1006 2216 1079 2246 Am.
1107 2214 1152 2255 ΙΙ,
1177 2217 1233 2247 28.
1267 2219 1404 2248 notante
1437 2214 1627 2247 annmz-

288 2285 423 2308 Llcmo.
472 2274 537 2308 Est
562 2277 611 2309 vis
636 2278 743 2310 maior
767 2278 798 2311 in
826 2279 989 2322 ampliore
1015 2279 1172 2313 dictione.
1224 2279 1321 2313 Adde
1346 2290 1433 2323 quae
1458 2278 1542 2311 infra
1567 2288 1627 2310 no-

287 2342 431 2374 tavimus
464 2341 505 2374 ad
533 2342 591 2384 lv,
616 2345 649 2383 3,
673 2346 705 2376 3.
756 2345 921 2378 Similiter
956 2345 1081 2378 Graeci
1116 2345 1182 2389 ³251),
1217 2341 1263 2388 μή
1297 2345 1364 2388 εἴη,
1398 2348 1436 2377 ut
1470 2344 1628 2376 Pisum.

289 2411 343 2442 Ol.
369 2410 395 2451 Ι,
425 2411 503 2442 115.
548 2410 650 2453 Pyth.
681 2412 708 2453 I,
733 2414 791 2444 29.
824 2412 914 2455 quod
940 2416 1067 2445 notum.
1094 2431 1139 2437 —
1177 2413 1301 2445 Restat
1325 2416 1363 2444 ut
1387 2410 1428 2443 de
1453 2414 1525 2444 toto
1551 2411 1627 2444 loco

289 2477 427 2509 verbum
461 2476 593 2510 addam.
644 2477 729 2510 Cum
761 2479 900 2511 maritus
924 2479 1016 2512 solus
1042 2477 1213 2511 custodire
1238 2486 1379 2509 uxorem
1412 2486 1477 2509 non
1510 2477 1629 2519 possit,

290 2541 368 2574 inde
403 2542 444 2574 ab
474 2541 536 2575 hoc
571 2543 713 2576 disticho
740 2545 820 2578 illud
847 2545 919 2588 agit
944 2549 1066 2589 poeta,
1104 2549 1141 2576 ut
1165 2553 1258 2576 suam
1284 2542 1471 2576 custodiam
1496 2543 1629 2577 offerat.

294 2608 434 2640 Dixerat
469 2607 603 2645 quidem
629 2620 750 2653 supra:
791 2621 852 2644 me
888 2623 907 2653 q
921 2620 1061 2653 noque
1093 2613 1297 2652 servato,
1338 2608 1397 2643 sed
1424 2609 1466 2643 de
1491 2608 1553 2642 hoc
1586 2609 1629 2641 ibi
