1721 2953
451 134 595 175 Llssss.
626 134 655 172 1.
713 131 871 174 ELEG.
903 133 1013 172 VIII.
1330 135 1407 171 175

64 250 218 283 consulto
242 248 392 292 praelata
418 257 494 280 νοΧ.
519 263 564 269 -
603 254 686 278 non
719 245 791 277 illi
826 246 1006 278 sontica
1040 255 1178 279 causa
1205 248 1291 286 est,
1329 244 1405 277 scil.

64 326 123 349 cur
147 316 292 359 palleat,
316 313 348 347 11.
370 323 400 346 e.
426 322 493 345 non
517 310 668 344 sonticus
693 309 831 343 morbus
855 310 903 341 illi
928 314 991 351 est,
1018 311 1073 353 qui
1100 314 1152 343 est
1176 309 1405 343 vehementior

61 382 209 422 morbus,
235 383 272 413 ut
296 382 439 419 constat,
463 378 529 411 vim
554 379 704 420 graviter
727 376 871 410 nocendi
897 375 1032 410 habens.
1083 377 1135 410 De
1159 387 1270 408 causa
1290 375 1404 408 Wolff<

62 457 283 482 nssnmcmus
325 444 514 479 Strothium
553 444 595 477 ad
634 444 710 478 Liv.
747 442 862 483 XXII,
902 446 935 475 8.
976 443 1102 476 laudat.
1164 442 1261 476 Conf.
1302 441 1402 475 etiam

60 515 226 547 GRONov.
251 512 446 545 Obserratt.
470 509 532 551 III,
560 511 616 541 14.
642 527 688 532 —
717 509 834 550 luto,
861 508 999 551 pallore.
1049 508 1113 541 Est
1137 507 1274 543 lutum,
1298 507 1404 541 herba

59 581 171 619 lutea,
196 579 292 612 nobis
321 577 462 610 lifaude
489 588 515 611 s.
543 574 748 610 Gilbkraat,
781 575 1014 617 Francogallis
1037 576 1175 620 gaude,
1205 575 1324 608 reseda
1350 575 1401 607 lu-

60 647 151 680 teola
173 645 225 683 L„
252 654 339 686 quae
365 644 488 676 flavum
514 643 663 675 colorem
689 639 968 685 (Citronengelh)
996 641 1106 683 gignit
1129 642 1265 674 siccata.
1316 639 1403 674 vido

56 712 277 757 BQCKD1.ANN.
302 709 391 742 Hist.
419 708 545 740 Invent.
573 705 763 750 (Beitrc‘ige
789 718 854 737 zur
879 705 1083 738 Gesclziclzte
1119 705 1178 738 der
1202 703 1407 749 Erfinclccnss

56 777 142 823 gen)
176 777 236 818 IV,
271 778 302 817 1,
334 787 367 819 p.
393 777 449 808 44.
485 778 519 807 et
554 774 712 807 Vossmm
738 772 781 806 ad
806 772 927 814 virgil.
953 771 1075 814 Eclog.
1103 772 1163 813 lv,
1190 784 1222 816 p.
1248 776 1329 806 207.
1365 776 1400 806 et

57 844 237 877 Hermum
264 843 306 876 ad
332 841 420 875 hunc
445 841 572 874 Tibulli
598 842 720 874 locum.
741 859 784 865 —
810 833 1027 883 corpora,
1053 849 1189 881 corpus,
1214 843 1251 871 ut
1276 839 1402 872 Graeci

57 905 216 947 σώματα,
243 903 424 951 πρόσωπα,
458 907 541 947 alia,
575 906 690 939 dicunt
715 916 791 939 cum
816 908 975 948 respectu
1001 904 1043 938 ad
1070 909 1191 948 partes.
1241 905 1339 938 Nunc
1364 915 1403 938 os

57 975 202 1008 maxime
226 973 428 1015 intelligitur
450 976 488 1004 nt
512 971 597 1004 infra
620 971 682 1012 ΙΙΙ,
709 973 742 1012 4,
766 973 823 1002 30.
850 986 896 995 —

150 1035 193 1068 V.
226 1037 368 1068 53-66.
427 1034 594 1067 Narrat
632 1035 840 1075 querelas
879 1033 1025 1077 pueri,
1073 1033 1204 1066 etiam
1247 1033 1311 1065 sic
1353 1036 1401 1065 ut

56 1101 222 1133 flectat
253 1101 439 1133 animum
474 1098 684 1132 Pholoes.

154 1167 196 1200 V.
222 1169 266 1199 53
290 1177 363 1209 sqq.
414 1166 546 1201 Quodsi
570 1165 634 1198 boc
661 1166 735 1199 Ioco
761 1166 860 1207 Vel,
886 1165 977 1207 quod
1003 1164 1085 1198 editi
1108 1168 1186 1197 ante
1211 1164 1402 1197 anwu

56 1234 197 1276 babent,
235 1245 311 1267 cum
335 1234 595 1266 Bnovclfflnsm
628 1237 663 1266 et
696 1233 887 1264 Huscffluo
922 1231 1067 1274 probes,
1103 1231 1223 1273 iungas
1257 1231 1401 1274 primum

57 1300 112 1333 vel
135 1299 291 1336 absenti,
331 1305 368 1332 ut
393 1310 494 1343 supra
520 1302 552 1340 4,
578 1302 636 1332 Sl.
673 1299 880 1340 iungendum
911 1298 975 1330 suit
1009 1308 1115 1342 quam
1145 1296 1250 1329 lento.
1300 1296 1403 1329 Esset

55 1367 158 1408 igitur
181 1376 300 1399 sensus
326 1376 368 1398 ex
394 1365 455 1398 bac
481 1366 628 1398 ratione:
667 1375 733 1397 non
758 1365 868 1397 solum
895 1373 1055 1407 praesens
1089 1363 1259 1405 praesenti
1285 1364 1400 1404 queri«

54 1438 109 1466 tur
132 1432 192 1466 sed
219 1433 272 1466 vel
297 1432 441 1465 absenti.
491 1433 536 1464 At
561 1431 650 1464 enim
674 1431 824 1463 ieiunum
849 1429 934 1470 hoc3
958 1428 1090 1461 accedit
1112 1428 1201 1470 quod
1225 1427 1401 1461 Marathus

53 1498 186 1531 celabat
211 1497 363 1530 dolorem
388 1507 506 1538 suum,
540 1507 603 1528 nec
629 1496 691 1528 nisi
717 1496 810 1528 solus
836 1484 1029 1535 ubi'esset‚
1055 1493 1289 1536 eloquebatur.
1340 1494 1400 1526 Al*

54 1568 126 1596 tera
148 1563 375 1607 explicatione
402 1561 457 1594 vel
478 1561 526 1594 sie
551 1561 737 1604 accipitur,
774 1564 812 1592 ut
837 1570 914 1592 cum
942 1559 975 1592 in
1007 1569 1044 1592 re
1079 1559 1191 1601 aliqua
1217 1560 1400 1603 praecipua

53 1633 235 1673 usurpatur
260 1639 308 1670 pr.
338 1637 382 1660 ex
405 1625 468 1659 hoc
491 1636 559 1658 uno
583 1625 665 1658 satis
691 1629 845 1668 apparet,
871 1623 934 1657 hoc
958 1634 1061 1657 unum
1087 1625 1211 1657 afferre
1236 1626 1319 1658 satis
1344 1625 1399 1665 sit,

53 1706 95 1729 ne
131 1696 240 1728 dicam
277 1694 320 1726 de
356 1693 453 1733 aliis,
491 1691 578 1724 conf.
619 1691 853 1724 BRoucmms.
892 1690 935 1722 ad
971 1688 1004 1724 h.
1042 1691 1064 1722 l.
1107 1693 1142 1722 et
1175 1690 1397 1723 Rmssx‘immr

52 1760 188 1793 Dictata
219 1758 261 1791 ad
296 1758 436 1791 Terent.
468 1755 621 1789 Eunuch.
647 1756 710 1797 III,
737 1758 768 1797 1,
794 1759 828 1789 7,
877 1755 980 1790 Quod
1005 1754 1197 1788 Huscnmo
1222 1755 1386 1798 probatur

52 1824 122 1858 Sed
143 1825 245 1857 etiam
272 1822 335 1855 hoc
362 1822 538 1865 displicet3
563 1831 675 1863 neque
705 1820 792 1853 enim
817 1824 896 1852 sunt
920 1820 1006 1853 aliae
1030 1821 1158 1853 multae
1183 1830 1306 1853 causae
1335 1819 1398 1852 do-

52 1891 132 1924 loris
156 1894 293 1934 praeter
321 1899 415 1930 eam,
451 1887 541 1930 quod
567 1897 634 1920 non
667 1887 760 1920 venit
785 1887 917 1930 puella,
955 1886 1018 1918 sed
1044 1885 1127 1919 baec
1152 1886 1224 1929 ipsa
1252 1896 1307 1919 res
1333 1890 1395 1919 est.

53 1957 179 1991 Verum
205 1959 257 1989 est
281 1955 386 1997 igitur
412 1954 500 1988 Vae
526 1953 657 1996 opinor,
680 1962 744 1985 nec
769 1951 999 1984 commovebit
1022 1954 1056 1984 te
1083 1950 1295 1983 Huscflxms
1323 1961 1397 1984 mo-

51 2032 133 2055 nens
158 2032 222 2055 vae
254 2031 330 2054 esse
356 2020 600 2054 exsecrationis
634 2019 926 2060 interiectionem,
963 2022 998 2051 et
1023 2028 1099 2050 cum
1127 2017 1262 2051 miser
1295 2019 1396 2051 etiam

50 2089 93 2122 de
128 2089 275 2122 scelesto
310 2087 463 2128 dicatur,
501 2086 747 2119 incommodam
781 2095 856 2118 esse
891 2084 1162 2118 coniunctionem
1186 2094 1307 2117 vocum
1333 2096 1397 2116 rae

50 2155 163 2190 miser.
211 2154 307 2187 Dixit
342 2154 448 2196 igitur
484 2153 586 2186 etiam
624 2153 844 2186 TERENTHJS
882 2150 1097 2184 incommode
1134 2149 1320 2183 Heautont.
1356 2149 1398 2189 Il,

50 2227 83 2265 3,
109 2225 151 2256 9:
186 2233 251 2255 vae
276 2220 400 2253 misero
423 2219 527 2256 milzi,
565 2225 704 2265 quanta
730 2218 770 2250 de
795 2230 854 2263 spe
879 2217 999 2252 decidi.
1025 2235 1071 2242 -—
1106 2218 1217 2251 Porro
1242 2227 1399 2259 quere-

50 2291 114 2323 las
150 2289 344 2323 coniicit
378 2287 560 2321 absenti
597 2291 668 2320 est:
707 2286 806 2327 dicit,
834 2286 948 2318 mittit.
986 2286 1173 2318 PROPERT.
1199 2284 1243 2326 11,
1271 2288 1301 2326 1,
1330 2288 1397 2318 77:

50 2355 210 2401 taliaque
230 2354 462 2387 illacrumans
488 2358 606 2385 mutae
631 2352 706 2383 iace
732 2349 836 2383 verba
853 2349 1086 2396 favillcze30—
1111 2351 1291 2383 Cumulate
1318 2361 1398 2384 vero

50 2422 154 2455 dixit:
193 2422 340 2456 omnia
365 2421 498 2464 plena
524 2419 727 2460 madent,
763 2418 796 2450 iu
822 2427 890 2459 quo
917 2420 996 2460 puta
1023 2415 1138 2448 omnia
1163 2426 1214 2459 pr.
1241 2427 1300 2449 ora
1328 2420 1398 2449 tota

51 2487 190 2520 dietum.
238 2485 386 2520 Mutavit
419 2495 500 2519 vero
535 2484 743 2525 orationem,
779 2485 918 2516 notante
951 2482 1248 2516 wtmnssnmcmo
1277 2493 1327 2526 pr.
1364 2487 1398 2516 et

52 2552 196 2587 lacrimis
221 2552 333 2586 omnia
358 2552 496 2596 opplet3
522 2555 558 2584 ut
581 2551 709 2584 faciunt
735 2549 787 2583 bic
812 2549 881 2582 illic
906 2549 940 2582 in
965 2548 1133 2588 secundis,
1159 2548 1268 2581 tertiis
1290 2558 1396 2581 mem-

51 2620 119 2652 bris
154 2629 195 2652 ue
230 2617 354 2652 diutius
386 2618 602 2652 continuetur
632 2627 697 2650 una
731 2614 948 2650 constructio.
999 2613 1182 2657 Comparat
1207 2614 1393 2647 menu-
