1721 2953
276 86 354 121 282
567 78 941 122 COMMENTAR.
972 80 1033 122 IN
1063 80 1293 124 TIBULLI

276 198 344 232 alii.
371 216 416 222 —
455 197 494 230 V.
521 198 566 229 33
592 206 667 240 sqq.
717 197 903 234 Velabri
940 199 1071 242 regio
1107 202 1181 232 erat
1204 198 1380 242 planities,
1416 200 1452 230 ut
1477 201 1620 237 constat,

273 266 362 297 inter
388 262 607 306 Capitolium,
634 263 828 298 Palatinum
853 270 887 299 et
913 267 1118 300 Aventinum
1143 269 1303 308 montem,
1329 265 1361 298 in
1387 274 1488 308 quam
1512 265 1619 298 Tibe-

272 330 318 363 ris
345 327 517 362 exundare
546 328 698 372 solebat,
734 334 913 374 antequam
942 333 1080 366 cloacae
1114 333 1331 366 substructae
1364 335 1470 366 erant.
1520 331 1619 364 Conf.

271 396 457 428 Priori-mr.
485 394 545 436 lv,
571 397 605 436 2,
629 398 665 428 7.
702 398 736 437 9,
762 398 794 428 5.
833 397 938 430 Ovm.
964 397 1059 431 Fast.
1084 397 1144 439 VI,
1175 399 1257 433 401.
1297 398 1425 431 VARRO
1458 397 1500 430 de
1536 397 1619 439 ling.

270 463 348 495 Lat.
378 461 418 503 V,
444 463 499 495 43.
534 462 634 496 Miill.
684 463 772 497 Add.
796 464 938 500 DoNA'r.
967 465 1010 498 de
1035 465 1118 499 urbe
1142 466 1256 499 Roma
1281 465 1326 507 11,
1353 467 1406 498 15.
1432 464 1465 497 in
1491 464 1618 496 Graev.

268 526 369 560 Thes.
392 527 433 559 T.
456 527 514 560 111.
543 540 575 572 p.
599 531 680 562 610.
729 528 896 563 NARD1N1
920 530 1022 564 Rom·
1048 534 1115 564 vet.
1139 530 1181 572 V,
1200 533 1256 564 10.
1285 530 1360 572 VII,
1377 531 1411 564 4.
1436 530 1471 563 in
1491 530 1617 562 Graev.

267 591 374 625 Thes.
408 593 450 627 T.
476 594 535 628 IV.
573 605 617 628 ne
650 596 746 640 plura
781 596 931 631 afferam.
981 596 1155 630 Notarunt
1181 597 1486 638 BRoUcKnusms,
1518 595 1617 628 Vm.—

267 669 366 702 P1Us‚
393 660 578 696 Harmas.
601 682 646 687 —
671 663 804 707 pulsa
828 674 961 707 aqua,
985 664 1029 698 cf.
1052 663 1214 697 CATULL.
1240 663 1367 705 LXIV,
1389 665 1456 697 58:
1482 661 1620 694 iuvenis

260 727 368 772 pellit
395 728 489 761 vada
515 729 628 762 remis.
652 750 698 756 -
734 731 849 765 Verba
878 732 1075 775 sequentia:
1111 731 1342 775 placitura
1379 730 1618 772 magistro,

265 795 381 828 nescio
416 806 500 838 quas
534 796 652 830 turbas
683 798 885 832 excitarunt.
948 797 1188 841 Maximopere
1214 797 1460 840 displicuerunt
1485 789 1614 828 Vosslo

265 864 378 907 turpia
404 862 458 897 hic
482 865 685 907 somnianti,
725 865 814 899 unde
838 866 1002 899 audacter
1026 864 1070 898 de
1094 865 1292 898 coniectura
1312 863 1375 908 pia
1401 874 1488 895 cara
1513 872 1615 905 repo-

266 929 337 962 suit
361 939 411 973 pr.
434 929 635 974 placitura.
687 931 902 965 Huscnxms
929 931 1182 976 reprehendens
1201 932 1363 966 Vossrmu
1387 929 1454 972 „de
1481 936 1617 969 eventu,

262 995 392 1038 inquit,
427 1007 494 1030 non
519 998 656 1041 proviso
691 1009 802 1032 sermo
828 1001 914 1033 est.“
963 999 1042 1042 Ego
1067 1009 1135 1033 non
1161 997 1285 1039 credo,
1322 1001 1359 1029 ut
1383 1000 1462 1029 sunt
1491 996 1617 1036 verba3

265 1072 353 1104 quae
379 1062 503 1097 dicitur
527 1064 668 1098 tendere
694 1066 808 1108 aliquo
834 1067 1011 1110 placitura,
1042 1066 1137 1110 cupit
1161 1065 1308 1109 placere,
1337 1068 1370 1096 et
1396 1063 1462 1096 vim
1487 1062 1614 1095 inferas

264 1129 392 1170 apertis
419 1129 531 1162 verbis
557 1130 656 1164 aliter
680 1131 920 1175 interpretans.
971 1131 1097 1164 Melius
1123 1130 1465 1164 Wunnnnmcnmsz
1490 1127 1615 1169 „More

264 1195 404 1236 antiquo
433 1196 545 1239 puella
580 1200 752 1240 pastorem
791 1207 887 1230 suum
924 1196 1016 1238 adit,
1054 1195 1119 1229 vid.
1147 1195 1273 1229 HEYN.
1300 1194 1342 1228 ad
1369 1194 1463 1236 Virg.
1491 1193 1614 1234 Eclog.

264 1260 327 1301 111,
354 1263 412 1293 66.
436 1264 514 1302 672,
553 1272 593 1294 ac
628 1272 705 1294 cum
742 1262 784 1294 de
817 1261 980 1295 honestae
1016 1262 1150 1306 puellae
1183 1260 1327 1295 honesto
1355 1270 1470 1294 amore
1504 1269 1616 1292 sermo

264 1326 329 1366 sit,
367 1336 435 1358 non
469 1326 569 1359 video
604 1336 665 1358 cur
697 1326 884 1369 placitura
922 1328 1022 1360 aliter
1062 1329 1328 1370 interpretemur
1361 1336 1461 1368 quam
1498 1329 1613 1358 cetera

264 1392 369 1425 verba
405 1393 542 1434 iubent,
577 1392 779 1425 vocabulum
813 1403 875 1436 per
909 1403 947 1425 se
983 1393 1119 1425 minime
1153 1391 1402 1424 inhonestum.“
1450 1391 1614 1423 Profecto

265 1457 393 1490 clarum
419 1457 590 1500 simplices
615 1461 649 1490 et
675 1457 890 1500 incorruptos
918 1467 1031 1489 mores
1056 1457 1243 1499 agrestium
1265 1455 1437 1489 hominum
1456 1456 1614 1488 describi.

265 1522 336 1555 Sed
371 1533 437 1555 non
471 1522 582 1554 onmia
616 1521 710 1555 vidit.
761 1522 872 1555 Verus
897 1531 1036 1554 sensus:
1074 1521 1220 1555 Invitata
1249 1522 1291 1554 ab
1317 1525 1468 1554 amatore
1491 1521 1534 1553 ad
1559 1521 1614 1554 fe-

264 1594 354 1623 stum
379 1591 561 1623 committit
594 1599 631 1622 se
659 1589 804 1630 exiguae
831 1589 896 1621 rati
929 1589 980 1621 vel
1015 1597 1093 1620 cum
1117 1588 1272 1631 periculo
1297 1598 1412 1620 amans
1439 1589 1551 1631 puella
1577 1593 1613 1621 et

264 1656 492 1689 transvehitur
517 1666 650 1698 aquam.
700 1655 862 1687 Ceterum
887 1653 1112 1696 magister
1136 1654 1294 1697 gregis
1322 1659 1374 1687 est
1398 1654 1554 1687 dominus
1578 1659 1613 1687 et

263 1728 380 1769 pastor
403 1724 519 1767 gregis
541 1723 604 1756 sui.
654 1722 835 1764 Significat
854 1731 919 1754 vox
941 1725 1000 1754 aut
1019 1721 1220 1765 simpliciter
1241 1725 1411 1765 pastorem
1433 1725 1492 1754 aut
1511 1731 1612 1765 prae-

262 1791 389 1824 fectum
415 1794 613 1835 pastorum,
639 1793 676 1822 ut
701 1792 830 1822 notum.
878 1787 925 1821 Et
952 1788 1065 1821 ditis
1092 1791 1144 1821 est
1168 1789 1358 1830 numerosi,
1393 1788 1482 1822 unde
1508 1789 1611 1822 etiam

264 1867 389 1900 agnum
425 1855 483 1889 dat
519 1855 654 1899 puellae
687 1864 779 1887 suae.
830 1854 870 1886 Si
902 1863 982 1887 vera
1018 1854 1134 1887 lectio.
1183 1855 1318 1888 Dicitur
1351 1855 1445 1888 dives
1479 1865 1610 1897 aurum,

263 1935 417 1967 gemma,
443 1933 547 1966 opus,
572 1932 712 1962 munus,
739 1920 833 1954 dives
858 1932 962 1963 agei-3
986 1931 1064 1954 num
1089 1932 1172 1954 vero
1198 1921 1296 1954 (lives
1318 1933 1407 1967 grex
1431 1923 1611 1956 conveniat

262 1990 471 2033 simplicitati
505 1988 723 2021 Tibullianae
756 1988 913 2021 dictionis
950 1989 1097 2022 dubitari
1131 1993 1255 2033 potest.
1281 2009 1325 2014 —
1366 1990 1489 2024 festa
1525 1991 1609 2024 die.

265 2055 404 2096 Cogitat
428 2055 750 2087 WUNDERmcHwS
776 2054 818 2087 de
841 2055 944 2087 natali
970 2055 1130 2088 amatoris
1155 2065 1222 2088 non
1248 2056 1355 2096 bene3
1381 2061 1460 2100 post
1491 2057 1610 2090 laudes

262 2122 404 2154 deorum
444 2121 689 2163 praecedentes
728 2121 901 2164 publicum
935 2122 1060 2154 festum
1096 2123 1170 2155 iure
1207 2127 1467 2165 exspectamus,
1505 2122 1609 2165 idque

263 2189 363 2222 etiam
391 2199 451 2231 per
475 2198 512 2220 se
539 2173 668 2221 melius.
721 2189 846 2231 Agitur
878 2189 983 2231 igitur
1008 2188 1050 2221 de
1075 2188 1241 2221 Palilibus
1275 2188 1307 2221 d.
1333 2187 1396 2222 Xl.
1423 2187 1499 2221 Kal.
1524 2188 1609 2221 Mai.

263 2260 300 2288 ut
325 2255 470 2297 videtur,
497 2255 697 2289 observante
722 2256 864 2290 VULPIo
889 2260 924 2289 et
945 2256 1097 2296 Voss103
1122 2260 1192 2289 tum
1218 2266 1397 2297 caseus,
1423 2256 1540 2289 VARR.
1565 2252 1608 2287 de

263 2321 318 2354 Re
343 2321 443 2354 Rust.
464 2320 507 2361 11,
528 2323 582 2353 11.
612 2326 646 2354 et
671 2322 772 2364 agni
799 2323 953 2365 pingues,
979 2322 1087 2355 Vina.
1115 2322 1246 2364 Georg.
1272 2322 1298 2364 l,
1323 2324 1404 2355 341.
1431 2319 1606 2353 habentur.

264 2386 424 2419 Ceterum
454 2390 530 2429 post
553 2397 610 2424 ea,
639 2399 726 2430 quae
751 2400 856 2433 saepe
880 2389 994 2422 monui
1021 2388 1063 2421 de
1088 2389 1314 2422 collocatione
1341 2399 1371 2420 v.
1398 2390 1483 2427 est,
1511 2386 1554 2419 cf.
1580 2387 1606 2426 Ι,

266 2455 295 2490 1,
321 2454 398 2493 34„
435 2452 530 2484 vides
565 2454 679 2496 inepte
716 2454 749 2487 id
785 2466 803 2488 a
840 2455 953 2487 multis
987 2458 1064 2498 post
1091 2453 1143 2485 die
1171 2453 1326 2497 positum.
1377 2452 1505 2495 Optimi
1531 2452 1605 2484 libri

263 2518 388 2550 habent
406 2517 510 2562 festa
534 2525 587 2550 est
613 2524 718 2553 recte.
743 2539 786 2544 —
814 2520 874 2553 Ad
900 2520 1101 2552 iuvenem
1128 2517 1157 2551 h.
1180 2528 1209 2550 e.
1236 2517 1278 2550 ad
1304 2527 1403 2558 eum,
1428 2517 1470 2549 ad
1497 2517 1607 2559 magi-

262 2588 380 2616 strum.
432 2583 584 2617 Eundem
619 2586 706 2618 enim
734 2595 911 2629 personam
938 2595 1012 2618 csse
1040 2584 1273 2617 certissimum.
1324 2581 1393 2615 Sed
1421 2591 1605 2626 pronomen

1704 1949 1718 1980 *⁸-
1705 1829 1721 1936 (sunda-*v
