1721 2953
302 102 385 139 208
617 91 991 137 COMMENTAR.
1022 96 1081 137 IN
1112 97 1339 139 TIBULLI

303 213 386 247 haec
411 214 461 245 est
493 208 572 254 quia
592 208 628 244 in
659 210 769 254 primo
795 211 1045 255 Georgicorum
1080 211 1167 246 libro
1200 212 1244 248 de
1273 217 1393 258 segete
1419 215 1653 249 tantummodo

303 289 416 314 sermo
441 282 514 320 est,
556 287 621 311 non
647 276 690 310 de
715 276 832 310 vitium
857 278 1087 322 arborumque
1113 280 1206 313 cultu
1236 284 1270 313 et
1294 280 1454 324 pecuaria
1482 291 1542 323 re3
1580 281 1653 325 ipse
1703 305 1705 307 -

302 357 378 380 cum
404 344 531 378 Cerere
564 341 737 377 Bacchum
770 345 945 387 componit
977 343 1101 388 Eclog.
1128 345 1171 387 V,
1196 347 1253 379 79.
1289 350 1326 378 ut
1354 346 1388 379 in
1413 345 1478 381 hoc
1505 347 1653 380 carmine

302 412 479 454 Tibullus,
511 411 569 455 qui
594 414 707 444 tamen
732 409 819 444 deus
845 421 912 444 non
935 412 1048 460 potuit
1072 412 1238 446 interesse
1266 411 1317 446 his
1340 415 1447 451 sacris
1472 418 1652 457 antequam

301 479 368 513 coli
406 480 441 513 in
478 479 577 513 ltalia
613 477 796 522 coepisset.
858 478 1046 512 Praeterea
1084 478 1119 512 in
1155 484 1288 523 partem
1328 481 1508 515 veniebant
1547 482 1652 515 ceteri

300 549 457 589 agrestes
481 545 542 588 dii,
563 545 652 579 inter
675 554 762 588 quos
788 544 897 579 Lares
923 547 1064 588 ruraleS,
1085 545 1128 579 de
1153 545 1276 588 quibus
1301 545 1379 579 vide
1401 546 1429 588 I,
1457 549 1489 588 1,
1515 548 1559 580 19
1577 558 1651 590 sqq.

299 616 336 646 et
360 612 462 649 Voss.
487 611 531 645 ad
558 610 656 654 Virg.
682 610 803 653 Eclog.
829 611 872 645 V.
899 623 932 655 p.
957 614 1060 653 265„
1096 621 1160 644 nec
1185 622 1252 645 non
1276 612 1334 645 alii
1359 612 1474 656 plures
1498 623 1518 646 a
1544 613 1652 646 maio-

271 677 393 712 ,ribus
428 676 576 710 familiae
608 676 758 710 invocari
791 676 907 718 soliti3
947 676 1049 710 CA'ro
1085 680 1220 721 praeter
1253 677 1370 711 Ianum
1405 682 1440 712 et
1465 678 1580 712 Iovem
1608 678 1649 711 ad

299 742 449 776 Martem
475 746 607 787 patrem
640 741 787 775 maxime
822 751 943 785 preces
968 740 1094 784 dirigit.
1145 743 1333 787 Appositae
1365 742 1416 777 his
1451 743 1578 788 dapes,
1614 749 1652 777 ut

297 807 440 854 pulchre
464 808 622 843 Tibullus
656 808 688 841 in
719 807 787 841 fine
820 807 977 840 carminis
1011 808 1113 841 etiam
1138 808 1301 842 Amorem
1334 809 1379 842 ad
1409 809 1515 854 dapes
1539 815 1651 852 vocat,

299 881 335 910 et
358 876 478 910 libatio
509 876 552 909 iis
585 874 676 908 facta
708 878 761 908 est
794 878 829 908 et
855 879 935 908 vota
967 880 1183 918 nuncupata,
1221 875 1250 908 si
1274 873 1388 909 annus
1407 875 1490 909 felix
1520 875 1650 910 fuisset.

299 945 413 987 Atque
438 941 522 982 haec
557 941 738 983 hactenus3
775 941 961 986 disputavit
994 941 1038 975 de
1072 941 1333 975 Ambarvalibus
1366 943 1469 976 etiam
1502 942 1651 976 Vossms

298 1009 342 1042 ad
366 1009 487 1052 Virgil.
514 1009 645 1050 Georg.
670 1008 697 1049 Ι,
724 1019 758 1051 p.
784 1010 853 1041 156
879 1018 954 1050 sqq.
980 1011 1015 1041 et
1040 1006 1164 1050 Eclog.
1192 1008 1234 1042 V.
1261 1020 1294 1052 p.
1320 1011 1416 1050 265.‚
1442 1017 1543 1050 quem
1568 1018 1651 1041 con-

297 1074 401 1108 feres.
448 1073 522 1107 Nos
554 1072 605 1106 his
638 1072 831 1117 praemissis
863 1073 1004 1116 propius
1034 1072 1229 1106 accedimus
1263 1073 1306 1106 ad
1332 1074 1544 1118 propositum
1574 1084 1650 1107 car-

298 1152 389 1175 men.
435 1138 621 1173 Tractatur
656 1138 760 1180 igitur
794 1137 828 1171 in
868 1147 910 1171 eo
946 1148 1081 1171 sacrum
1117 1137 1323 1173 ambarvale.
1380 1138 1504 1182 Neque
1537 1143 1649 1173 tamen

296 1208 447 1243 narratio
472 1206 527 1241 hic
549 1205 694 1240 habetur
714 1208 774 1239 aut
796 1204 984 1249 descriptio
1008 1206 1179 1248 generalis
1201 1206 1279 1239 talis
1300 1206 1535 1249 solemnitatis,
1559 1207 1649 1250 quod

297 1287 366 1310 non
392 1275 590 1309 conveniret
611 1273 721 1316 lyrico
756 1276 791 1306 et
824 1272 979 1315 elegiaco
1014 1275 1159 1316 poetae,
1197 1272 1260 1306 sed
1286 1273 1461 1307 celebrans
1489 1274 1563 1318 ipse
1587 1275 1651 1307 ali-

298 1343 435 1387 quando
467 1341 552 1376 haec
584 1351 682 1375 sacra
716 1340 749 1373 in
785 1339 925 1384 praedio
951 1349 1014 1373 suo
1039 1338 1218 1383 Tibullus,
1257 1339 1308 1373 sic
1342 1341 1492 1374 carmine
1524 1340 1649 1373 festum

300 1419 462 1455 praesens
481 1408 720 1453 persequitur,
750 1411 788 1440 ut
812 1407 920 1451 ipsam
943 1417 1016 1440 rem
1042 1405 1121 1439 dum
1147 1406 1262 1448 agitur
1286 1409 1365 1439 ante
1390 1406 1509 1439 oculos
1534 1410 1648 1449 ponat.

298 1475 434 1513 Quodsi
459 1474 535 1508 hinc
561 1473 603 1507 de
628 1473 793 1506 dirisione
822 1476 856 1505 et
882 1471 1104 1514 dispositione
1129 1480 1242 1503 rerum
1268 1470 1483 1513 quaerimus,
1516 1471 1563 1504 ita
1593 1481 1648 1504 ra—

297 1545 426 1578 tionem
461 1542 594 1585 elegiae
626 1541 794 1574 adornare
827 1539 946 1573 debuit
983 1542 1022 1571 ut
1059 1538 1192 1582 potiora
1230 1542 1386 1582 tempora
1424 1539 1649 1572 solemnitatis

297 1610 605 1653 complecteretur,
637 1606 869 1648 conderetque
893 1609 1005 1638 totum
1030 1605 1203 1648 expressis
1226 1606 1419 1648 praecipuis
1443 1605 1576 1638 actibus
1600 1606 1649 1638 rei

296 1674 439 1720 pulchre
466 1674 670 1708 absolutum.
719 1673 834 1715 Atque
858 1672 906 1705 ita
930 1671 1058 1705 factum
1084 1681 1161 1705 esse
1185 1681 1275 1705 nuuc
1301 1671 1531 1704 ostendemus.
1578 1670 1649 1713 Igi-

295 1745 353 1774 tur
385 1741 532 1785 primum
568 1737 742 1772 indicitur
777 1749 930 1783 sacrum.
987 1738 1134 1778 7Iubetur
1167 1738 1360 1781 silentium,
1396 1741 1560 1772 vocantur
1593 1737 1652 1774 dii.

298 1809 511 1861 praecipitur
534 1807 671 1851 requies
704 1810 816 1840 terrae
843 1805 1106 1849 hominumque,
1139 1809 1299 1839 arcentur
1322 1816 1342 1838 a
1367 1806 1473 1839 sacris
1501 1805 1561 1848 qui
1584 1815 1650 1838 nou

297 1877 394 1911 casti.
442 1875 508 1909 Est
531 1874 585 1908 hic
610 1875 739 1919 primus
764 1878 799 1907 et
826 1874 982 1917 praevius
1006 1877 1122 1916 actus,
1144 1877 1183 1907 ut
1207 1873 1254 1906 ita
1279 1873 1412 1914 dicam,
1438 1873 1472 1906 in
1497 1872 1651 1905 omnibus

298 1945 418 1979 sacris.
475 1943 640 1986 Sequitur
664 1953 752 1976 nunc
778 1941 900 1974 divina
925 1952 980 1973 res
1003 1939 1105 1985 ipsa,
1150 1940 1208 1974 ubi
1234 1940 1320 1973 duos
1345 1944 1440 1973 actus
1465 1939 1651 1982 distinguo.

297 2011 451 2045 Primum
484 2009 574 2043 enim
607 2009 646 2042 fit
679 2007 949 2044 circumductio,
988 2006 1204 2043 immolatio,
1238 2006 1410 2052 precatio.
1461 2009 1574 2049 Atque
1598 2005 1651 2040 hic

299 2076 443 2109 observa
476 2074 639 2108 iudicium
665 2077 799 2117 poetae.
858 2073 936 2106 Non
963 2073 1127 2106 describit
1152 2072 1304 2117 pluribus
1329 2072 1650 2106 circumductionem

298 2142 431 2177 hostiae
465 2144 501 2174 et
535 2140 801 2180 immolationem
826 2145 885 2173 aut
909 2145 988 2174 aute
1014 2141 1133 2174 oculos
1157 2143 1292 2173 nostros
1317 2139 1374 2182 agi
1400 2139 1526 2180 voluit,
1563 2147 1651 2181 quae

298 2219 353 2242 res
380 2208 444 2241 nisi
475 2207 577 2240 illatis
603 2206 809 2240 ornamentis
834 2206 946 2239 ieiuna
979 2206 1117 2248 suisset,
1157 2205 1218 2240 sed
1247 2203 1333 2238 hanc
1358 2203 1494 2247 quidem
1519 2206 1649 2248 partem

298 2283 412 2307 rerum
437 2272 586 2306 breviter
610 2276 645 2305 et
677 2272 868 2305 summatim
893 2271 1098 2304 adumbrans
1123 2270 1274 2307 cernite,
1307 2269 1372 2311 ait,
1398 2267 1584 2314 fulgentes
1607 2270 1646 2297 ιιί

298 2345 359 2372 eat
385 2349 485 2371 sacer
510 2349 626 2384 agnas
651 2336 700 2368 ad
723 2348 827 2375 aras,
862 2337 1051 2383 vinctaque
1072 2341 1156 2381 post
1181 2334 1258 2368 olea
1284 2333 1437 2367 candida
1461 2329 1567 2364 turba
1593 2343 1648 2362 co-

299 2415 398 2440 mas,
434 2403 557 2446 quibus
595 2404 707 2437 verbis
741 2405 817 2448 quis
849 2415 916 2438 non
950 2405 1054 2438 sentit
1088 2404 1216 2437 dictum
1250 2401 1342 2445 quod
1375 2399 1457 2433 satis
1489 2402 1523 2431 et
1559 2398 1649 2440 quod

302 2470 542 2516 aptissimum?
600 2472 753 2505 Alterum
785 2482 890 2514 vero,
926 2482 1047 2516 preces
1070 2472 1160 2505 inter
1183 2467 1406 2506 sacrificium,
1446 2464 1647 2507 explicatius

302 2543 428 2573 tractat
463 2541 499 2572 et
532 2538 684 2582 pluribus
720 2540 955 2583 persequitur3
988 2549 1064 2573 nam
1089 2537 1153 2572 hoc
1177 2540 1229 2570 est
1254 2534 1398 2567 maxime
1426 2532 1567 2573 lyricum
1592 2541 1648 2563 ar-

303 2608 511 2648 gumentum.
563 2603 682 2647 Neque
708 2610 822 2641 tamen
848 2606 880 2640 in
903 2616 943 2640 ea
970 2615 1007 2640 re
1028 2605 1150 2639 nimius
1174 2606 1243 2636 est.
1273 2599 1332 2634 scd
1359 2598 1494 2633 modum
1522 2598 1646 2632 iustum
