1721 2953
278 209 375 234 cvm
847 195 923 236 DE
953 193 1114 238 POESI

275 306 400 349 tionis
425 305 602 349 indicem
627 317 666 349 et
690 306 827 362 ipsum
855 309 1200 361 pulcherrinium,
1235 310 1351 352 cuius
1377 310 1631 350 luculentum

276 385 513 438 exemplum
543 384 671 436 elegia
697 385 730 434 Ι,
758 387 795 423 1.
823 386 1006 438 praebet.
1062 384 1175 427 Fieri
1207 386 1316 426 enim
1344 393 1481 439 potest
1510 385 1631 424 etiam

275 461 377 511 hoc,
422 470 467 500 ut
502 463 640 501 thema
670 461 819 513 elegiae
851 463 1030 514 positum
1062 462 1106 501 in
1137 461 1310 503 exordio
1342 470 1381 501 et
1412 461 1631 513 repetitum

275 538 320 577 in
359 537 473 576 exitu
502 543 718 589 praeterea
747 537 887 579 redeat
924 539 967 578 in
1001 536 1138 578 medio
1169 538 1348 578 carmine
1383 535 1630 585 identidem3

275 627 371 666 ergo
405 628 491 654 non
530 621 664 654 totum
699 624 987 667 argumentum
1025 629 1153 656 unam
1183 613 1390 669 quandam
1417 613 1633 666 repetitam

273 689 453 729 formam
487 690 611 730 habet
650 697 697 730 ut
737 703 864 743 supra
900 690 944 730 in
979 690 1114 743 primo
1154 704 1325 742 genere,
1368 687 1441 728 sed
1474 701 1632 728 summa

273 771 434 805 tantum
467 764 668 806 sententia
705 779 782 818 per
818 765 1034 806 intervalla
1061 765 1266 818 repetitur
1294 779 1318 803 a
1345 762 1550 817 principio
1580 762 1631 802 ad

275 839 400 880 finem
435 854 583 893 magna
615 854 707 882 cum
738 840 801 889 vi,
839 839 1188 895 quemadmodum
1219 839 1302 879 iam
1331 837 1504 880 videbis.
1560 837 1632 877 Ti-

273 916 412 957 bullus
439 915 634 957 invitatus
664 930 687 956 a
709 916 887 956 Messala
917 915 968 955 ad
996 917 1094 957 belli
1123 916 1357 957 societatem
1383 927 1476 956 cum
1503 913 1632 953 nollet

272 991 414 1046 sequi,
458 989 680 1044 respondet
718 992 797 1031 hoc
837 992 1039 1040 carmine,
1085 991 1201 1031 cuius
1236 1004 1395 1031 summa
1430 988 1632 1030 sententia

273 1067 401 1109 haec:
443 1067 610 1107 militiae
637 1067 844 1106 molestias
876 1074 917 1106 et
945 1080 1044 1119 opes
1073 1066 1162 1106 aliis
1192 1079 1233 1106 se
1263 1066 1520 1118 relinquere,
1553 1064 1632 1102 sibi

273 1142 436 1194 placere
476 1141 814 1194 tranquillitatem
848 1141 956 1182 vitae
993 1139 1155 1182 modico
1198 1147 1428 1179 contentae.
1495 1140 1631 1192 Atque

270 1217 373 1258 haec
411 1217 615 1257 sententia
652 1214 814 1269 prodit,
859 1225 905 1257 ut
937 1230 1014 1270 par
1049 1225 1130 1267 est,
1172 1217 1308 1256 statim
1345 1217 1389 1256 in
1426 1215 1632 1269 principio

271 1302 314 1334 et
353 1291 574 1333 exordium
613 1300 800 1344 occupat.
872 1293 959 1331 Iam
997 1293 1041 1331 in
1083 1290 1218 1332 medio
1253 1292 1433 1332 carmine
1470 1290 1514 1330 id
1552 1290 1633 1343 agit

271 1379 419 1424 poeta,
461 1378 508 1409 ut
547 1369 749 1409 describat
791 1377 831 1408 et
868 1368 1044 1408 illustret
1082 1370 1161 1408 hoc
1199 1368 1330 1408 otium
1366 1382 1556 1408 securum
1592 1376 1632 1408 et

270 1448 412 1501 paucis
449 1454 712 1496 contentum,
755 1443 869 1499 quod
906 1444 1051 1497 degere
1088 1446 1256 1497 cogitat,
1297 1444 1353 1485 sic
1384 1443 1513 1485 divisa
1543 1452 1631 1487 tota

270 1525 535 1565 tractatione:
570 1524 755 1563 Primum
781 1523 957 1562 rusticae
985 1522 1091 1564 vitae
1117 1521 1416 1563 iucunditatem
1443 1522 1632 1574 explicat,

273 1602 325 1643 ad
354 1616 478 1656 quam
507 1599 643 1640 redire
669 1601 775 1650 vult,
810 1613 902 1640 cum
935 1601 1105 1651 negotiis
1134 1600 1331 1654 festisque
1361 1600 1464 1650 suis,
1492 1598 1633 1641 dicens

271 1685 361 1717 tum
392 1676 442 1716 de
480 1677 680 1716 arborum
707 1676 935 1730 vitiumque
975 1691 1073 1717 cura
1104 1685 1142 1716 et
1175 1677 1289 1716 cultu
1319 1675 1491 1716 deorum
1528 1676 1633 1727 agri-

273 1754 479 1803 colarum,
535 1760 625 1792 tum
667 1751 717 1792 de
762 1752 955 1805 pecuaria
998 1762 1038 1793 et
1082 1753 1320 1805 pastoritiae
1363 1751 1462 1791 deae
1506 1753 1633 1792 cultu.

273 1830 474 1869 Tractatis
504 1829 666 1869 rusticis
695 1829 820 1868 rebus
848 1837 990 1868 narrat
1018 1842 1060 1868 se
1089 1829 1210 1869 etiam
1235 1829 1399 1882 puellae
1425 1830 1631 1870 formosae

273 1907 447 1947 vinculis
491 1905 650 1954 teneri,
709 1913 832 1958 atque
879 1905 936 1943 ita
979 1906 1143 1944 tertiam
1194 1914 1355 1957 partem
1396 1918 1537 1944 rerum
1580 1904 1630 1944 de

273 1994 412 2021 amore
441 1979 588 2019 Deliae
628 1979 837 2029 subiungit
875 1978 1206 2019 antecedentibus
1245 1979 1405 2020 duabus
1438 1981 1632 2021 rusticam

272 2057 400 2096 vitam
428 2054 749 2111 illustrantibus,
781 2067 1032 2106 componens
1057 2055 1291 2095 universam
1314 2054 1630 2108 descriptionem

275 2130 349 2170 otii
378 2129 599 2178 fortunati,
639 2136 684 2167 ut
713 2127 850 2178 vides,
894 2128 1004 2168 ruris
1041 2138 1080 2168 et
1116 2131 1267 2170 amoris
1298 2129 1435 2171 laude.
1502 2131 1631 2183 Atqui

274 2206 319 2245 in
349 2204 624 2246 commissuris
652 2205 830 2256 partium
856 2206 1012 2256 egregie
1036 2206 1212 2246 instituit
1236 2215 1281 2246 ut
1307 2206 1449 2246 redeat
1472 2220 1630 2246 summa

276 2280 477 2321 sententia
514 2287 554 2319 et
591 2280 646 2319 sic
678 2278 913 2319 dominetur
948 2295 1025 2333 per
1061 2281 1162 2322 haec
1199 2282 1351 2322 onmia.
1418 2283 1629 2324 Postremo

277 2357 409 2397 exitus
440 2355 629 2396 carminis
661 2357 870 2410 sequitur,
910 2357 982 2397 ubi
1013 2359 1202 2398 ultimum
1237 2360 1440 2412 repetitur
1471 2373 1631 2399 summa

277 2433 499 2481 sententia,
543 2440 585 2471 ut
619 2433 740 2471 etiam
779 2431 940 2472 claudat
974 2440 1118 2473 totum.
1189 2434 1328 2474 Habes
1362 2443 1454 2474 ante
1489 2436 1629 2474 oculos

278 2523 386 2550 nunc
426 2507 547 2548 etiam
587 2508 691 2546 hauc
732 2509 944 2560 pulchram
986 2509 1337 2560 compositIOnem.
1404 2509 1537 2561 Atque
1576 2509 1629 2549 ita

282 2586 460 2626 diximus
493 2583 541 2623 de
573 2583 816 2635 repetitione
856 2584 1096 2624 formarum.
1123 2608 1179 2614 —-

364 2663 621 2716 Complectar
660 2661 738 2700 iam
775 2660 952 2710 generali
991 2661 1117 2700 verbo
1158 2657 1439 2700 antecedentia
1479 2657 1629 2697 omnia.
