1721 2953
472 171 616 213 LIBR.
643 169 714 210 III.
773 166 932 209 ELEG.
960 168 1034 209 IV.
1336 172 1417 208 352

76 292 289 331 asservatur,
326 287 478 331 mireque
509 289 689 330 postquam
723 282 881 317 defecere
914 283 1026 317 cuncti
1051 283 1172 324 flores,
1206 281 1415 317 madefactus

77 367 164 399 aqua
196 355 369 389 reviviscit
393 358 427 387 et
452 352 608 386 hibernas
644 361 788 385 coronas
813 349 929 384 sacit.“
954 368 1000 374 -
1039 350 1193 393 Denique
1215 348 1415 392 Lygdamus

76 421 191 456 addit:
217 424 263 454 et
286 417 480 453 candida
504 417 615 451 mala
641 416 815 450 rubent.
843 417 902 449 Sic
926 417 1075 451 LONGUS
1099 418 1232 451 Pastor.
1253 415 1280 458 Ι,
1305 428 1339 460 p.
1356 417 1417 450 22.

76 488 128 522 ed.
152 488 330 520 sennia:
355 479 372 516 ὅ
396 485 435 517 δὲ
458 482 618 526 (εἴκασεν)
635 478 730 528 μήλῳ
748 479 790 515 ‘td
811 478 990 526 πρόσωπον
1011 480 1128 527 wilfi,
1154 477 1206 515 ὅτι
1226 479 1343 514 λευκδν
1362 483 1421 514 καὶ

74 551 244 595 ἐνερευθὲς
272 540 323 594 ἢν.
347 568 395 576 ·—·
433 549 690 593 Repetitionem
714 557 796 581 vero
829 548 979 581 eiusdem
1011 548 1169 582 vocabuli
1202 546 1348 580 rubente
1371 565 1417 572 —

75 614 201 648 rubent
237 615 330 658 quod
364 616 504 656 attinet,
541 613 641 647 huius
676 612 812 657 generis
847 613 913 645 alia
951 613 1092 647 vidimus
1126 613 1169 647 ad
1203 613 1229 655 Ι,
1257 616 1288 655 1,
1314 616 1347 647 6.
1371 631 1420 639 -

73 681 116 715 V.
141 683 186 714 35
212 691 263 724 sq.
289 681 434 725 palla,
459 681 580 723 longa,
609 679 744 720 talaris,
770 677 1019 721 citharoedica,
1044 678 1087 713 de
1113 690 1180 722 qua
1205 679 1348 713 vidimus
1373 679 1416 713 ad

72 745 119 787 11,
142 748 176 787 5,
202 749 236 780 7.
285 746 332 778 Ut
365 755 446 779 vero
484 744 538 779 hic
577 749 681 789 poeta
718 745 895 788 eleganter
932 744 1018 778 dixit
1056 746 1164 778 talis
1201 744 1416 787 illudere,

72 811 131 844 alii
158 809 274 855 ferire
303 810 410 855 pedes
440 815 479 844 ut
512 811 652 845 vitun.
676 810 809 843 chc.
834 809 862 851 I,
887 812 969 844 385.
1003 810 1062 843 ubi
1093 809 1181 843 cons.
1213 810 1418 854 interprett„

73 883 176 920 atque
210 878 316 911 Ovn).
343 877 428 911 Met.
453 877 515 919 XI,
542 880 621 911 166.
658 877 735 910 loco
769 876 888 910 simili:
932 875 1042 909 verrit
1074 875 1216 908 humum
1255 875 1419 919 (Apollo)

77 941 184 986 Tyrio
215 948 387 975 saturata
419 941 549 975 murice
579 941 696 987 palla.
745 943 906 975 Ceterum
931 945 1037 984 agunt
1062 941 1104 975 de
1134 943 1222 986 palla
1246 942 1419 975 Bnotscx-

74 1020 201 1043 nusms
228 1013 263 1043 et
287 1010 463 1044 Vum‘ms.
487 1028 534 1034 —
568 1008 766 1053 Namque
796 1008 905 1041 haec
930 1013 994 1042 etc.
1030 1019 1175 1051 namque
1200 1008 1262 1042 hac
1286 1010 1420 1051 magni-

73 1077 138 1110 fica
161 1080 257 1110 veste
282 1080 421 1109 ornatus
445 1079 519 1110 erat
544 1076 647 1118 deus,
680 1077 755 1119 ipsa
779 1076 868 1109 stola
895 1074 1021 1117 Pythia
1045 1075 1137 1108 venit
1161 1075 1317 1108 vestitus.
1365 1074 1420 1107 Ita

72 1141 224 1175 defendit
259 1142 471 1176 Huscnxms
509 1146 645 1186 poetam
682 1146 801 1176 contra
833 1143 1006 1176 VULPmM
1042 1146 1077 1175 et
1112 1141 1316 1183 HnYMUiit,
1358 1141 1419 1184 qui

73 1207 222 1241 ieiunum
266 1208 385 1242 dixere
426 1213 698 1253 pentametrum,
739 1221 779 1243 ac
820 1210 990 1243 lucramur
1029 1208 1156 1251 aliquid
1194 1209 1314 1241 saltem
1355 1206 1420 1240 hoc

74 1273 186 1308 modo.
212 1293 258 1299 —
301 1276 343 1309 V.
369 1279 414 1309 37
440 1287 491 1319 sq.
534 1277 715 1320 fulgens
748 1278 985 1311 testudine
1017 1281 1061 1311 et
1094 1287 1213 1310 auro.
1272 1276 1418 1309 Constat

74 1340 174 1372 variis
199 1340 308 1373 modis
339 1341 431 1383 lyras
456 1346 648 1383 exornatas,
673 1352 769 1384 auro,
795 1343 950 1384 gemmis,
977 1342 1092 1382 ebore,
1116 1341 1308 1382 testudine3
1341 1339 1419 1373 hinc

71 1408 190 1437 aurata
224 1405 318 1447 lyra,
351 1406 521 1446 eburnea,
554 1405 771 1449 ἕλεᾳαντίνη,
805 1406 970 1438 instructa
995 1405 1138 1447 gemmis
1178 1404 1304 1446 (Ovm.
1331 1404 1418 1437 Met.

71 1468 133 1510 Xl,
158 1471 280 1513 167.);
314 1473 418 1513 atque
441 1472 618 1506 APPULEI.
648 1470 780 1504 Florid.
804 1471 834 1513 I,
862 1482 896 1514 p.
925 1473 1006 1503 342.
1042 1470 1085 1504 de
1119 1470 1296 1514 Apolline:
1335 1469 1424 1516 quid

72 1535 168 1581 qzcocl
189 1542 224 1568 et
249 1536 331 1581 lyra
356 1537 432 1570 eius
457 1548 546 1570 auro
565 1537 767 1583 fulgurat,
798 1536 896 1570 ebore
923 1536 1109 1572 candicat,
1131 1534 1277 1580 gemmis
1303 1533 1421 1567 varie-2

72 1607 195 1645 gatar.
245 1602 321 1635 Nec
346 1603 456 1635 minus
481 1602 662 1635 testudinis
689 1603 843 1634 marinae
869 1601 1053 1635 corticibus
1077 1601 1111 1633 in
1136 1600 1276 1633 laminas
1300 1602 1421 1632 tenues

74 1665 229 1698 dissectis
254 1667 296 1699 ad
321 1667 504 1699 ornandam
530 1668 638 1708 lyram
660 1667 857 1707 utebantur,
884 1670 921 1698 ut
947 1665 990 1698 ad
1015 1666 1082 1698 alia
1105 1675 1222 1708 opera.
1271 1664 1421 1698 Moune-

74 1734 153 1762 runt
178 1730 220 1763 de
254 1730 304 1763 his
337 1731 439 1764 rebus
465 1731 749 1765 Bnoucxnusms
777 1736 812 1765 et
836 1732 1009 1766 VULPIUS.
1058 1731 1220 1764 Ceterum
1252 1730 1420 1773 antiquis—

74 1797 149 1829 simi
179 1801 302 1840 poetae
326 1797 548 1840 simpliciores
573 1801 680 1838 erant,
715 1796 804 1840 apud
830 1807 914 1839 quos
937 1806 1041 1829 aurea
1067 1799 1121 1829 est
1146 1796 1220 1837 lyra
1245 1794 1311 1837 dei,
1336 1793 1419 1827 nihil

74 1864 231 1907 amplius.
256 1882 303 1888 -—
337 1864 571 1898 Pendebat
606 1865 736 1898 laeva
771 1867 920 1907 parte,
959 1863 1055 1896 laevo
1079 1861 1220 1896 humero
1245 1871 1421 1905 suspensa,

74 1933 112 1962 ut
137 1930 249 1963 moris.
275 1948 321 1953 —
366 1930 409 1963 V.
433 1932 478 1962 39
504 1941 578 1972 sqq.
617 1930 805 1973 primum
840 1929 1051 1970 veniens,
1090 1927 1124 1961 h.
1150 1937 1180 1960 e.
1215 1926 1420 1969 simulatque

74 1996 267 2029 advenerat.
318 1996 404 2030 vide
437 2007 525 2039 quae
558 1997 705 2031 Vosslus
733 1995 848 2029 laudat
881 1995 923 2028 ad
953 1995 1064 2029 VlRG.
1089 1994 1222 2036 Georg.
1248 1993 1312 2035 111,
1339 1995 1421 2034 398,

74 2074 107 2105 p.
133 2064 214 2094 632.
240 2080 284 2085 —
321 2061 590 2095 modulatus.
640 2062 754 2104 Vulgo
792 2061 907 2094 dicunt
942 2070 1099 2102 carmen,
1136 2070 1261 2101 sonos,
1302 2068 1421 2092 versus

74 2129 261 2170 modulari,
295 2128 461 2161 modulari
487 2138 623 2160 carmen
648 2128 744 2169 lyra,
782 2126 917 2161 fidibus.
965 2125 1098 2158 Deinde
1128 2124 1270 2158 verbum
1297 2123 1422 2168 passim

75 2193 118 2225 ad
151 2194 412 2226 instrumentum
437 2197 489 2227 est
515 2193 738 2235 translatum,
773 2196 812 2225 ut
837 2192 924 2226 bene
948 2192 1094 2225 illustrat
1119 2192 1289 2232 Vossms‚
1327 2200 1420 2223 con]-

76 2270 198 2303 parans
238 2260 441 2293 CLAUDIAN.
476 2260 640 2302 XXXIV,
673 2262 738 2292 15:
776 2257 981 2291 modulatus
1015 2256 1155 2301 pectine
1193 2267 1335 2291 nervos,
1387 2261 1422 2289 et

76 2327 214 2360 SENEC.
240 2326 334 2359 Med.
359 2328 449 2359 626:
488 2325 589 2358 cuius
614 2325 664 2357 ad
686 2324 835 2357 chordas
860 2322 1064 2356 modulante
1089 2322 1184 2365 (eas)
1204 2321 1341 2366 plectro
1367 2333 1420 2353 re-

76 2392 175 2426 stitit
201 2399 349 2426 torrens,
408 2391 513 2425 Addit
543 2392 863 2424 me‘nrfflmcflms
898 2389 1022 2422 Horat.
1048 2388 1077 2430 l,
1100 2390 1159 2430 32,
1183 2390 1216 2421 4.
1264 2387 1329 2420 Est
1355 2387 1421 2429 igi«

78 2463 134 2492 tur
159 2457 336 2492 modulari
360 2469 447 2492 nunc
471 2459 518 2491 ita
551 2458 721 2491 moderari
752 2458 879 2500 lyram,
916 2461 954 2489 ut
979 2465 1080 2489 sonos
1107 2455 1211 2488 certis
1236 2454 1345 2487 modis
1369 2454 1419 2486 in-

78 2525 186 2557 ssexos
220 2529 255 2557 et
285 2527 494 2568 temperatos
527 2522 658 2557 reddat.
708 2522 848 2566 Optime
882 2532 963 2555 vero
989 2521 1148 2555 observat
1173 2520 1420 2554 Eicnsmnurs

78 2592 112 2625 in
138 2591 430 2625 commentatione
467 2596 600 2637 quarta
637 2589 677 2622 (Ie
712 2589 892 2635 Lygdami
926 2587 1137 2621 carminibus
1171 2597 1281 2631 nuper
1316 2597 1418 2620 mens

77 2656 180 2691 Febr.
207 2666 281 2690 anu=
311 2666 577 2692 CIOIOCCCXXXl'2
605 2657 715 2699 edita,
752 2667 852 2700 quani
877 2656 1023 2691 nondum
1049 2656 1197 2692 videram
1229 2666 1303 2690 cum
1336 2654 1421 2687 l‘isrr
