1721 2953
445 113 685 161 TIBULLI
730 112 840 158 121ss.
869 113 939 160 IV.
973 120 1029 161 14.
1345 115 1406 160 97

145 272 310 381 Quid
346 311 428 357 hoc
465 311 568 357 novi
603 312 697 357 est?
740 310 850 375 quid
898 312 963 359 ira
999 312 1173 360 nuntiat
1212 312 1376 361 deum?

150 398 313 444 Silente
347 407 475 443 noete
509 395 728 442 candidus
764 396 872 442 mihi
911 416 1023 461 puer

148 483 344 545 Tepente
379 500 478 528 cum
515 481 678 527 iaceret
706 481 884 528 abditus
919 483 1046 541 sinu,

147 569 297 612 Venus
334 566 417 612 fuit
454 567 626 630 quieta,
674 585 755 613 nec
785 566 969 614 viriliter

113 652 273 698 slners
305 650 442 698 senile
472 651 600 716 penis
638 651 789 698 extulit
825 664 968 717 caput.

144 735 320 794 Placet,
363 736 552 801 Priape,
592 737 668 801 qui
703 737 787 784 sub
825 736 999 784 arboris
1037 758 1161 787 coma

144 821 274 869 Soles
310 840 486 869 sacrum
522 822 744 869 revinctus
775 824 990 888 pampino
1027 837 1161 890 eaput

148 907 304 954 Ruber
339 908 494 955 sedere
529 927 627 955 cum
666 908 852 955 rubente
888 909 1095 957 fascino?

148 993 231 1049 At,
281 1012 306 1039 o
343 992 597 1058 Triphalle,
646 1012 776 1059 saepe
809 994 997 1042 floribus
1033 996 1160 1043 novis

97 1078 272 1124 10Tuas
310 1078 405 1125 sine
437 1090 529 1125 arte
566 1078 857 1142 deligavimus
893 1099 1042 1128 comas

150 1163 488 1228 Abegimusque
521 1183 626 1211 voce
659 1183 816 1229 saepe,
859 1184 958 1212 cum
987 1166 1069 1213 tibi

151 1249 346 1295 Senexve
384 1267 540 1295 corvus
575 1250 818 1314 impigerve
856 1250 1066 1313 graculus

149 1334 337 1381 Sacrum
372 1332 524 1379 feriret
560 1352 635 1379 ore
666 1352 829 1381 corneo
865 1347 1010 1399 caput.

149 1417 283 1475 Vale,
326 1417 520 1464 nefande
554 1418 789 1466 destitutor
824 1420 1087 1483 inguinum,

98 1502 289 1560 15Vale,
335 1503 522 1568 Priape:
573 1504 715 1551 debeo
754 1504 833 1551 tibi
869 1505 993 1552 nihil.

147 1588 319 1636 Iacebis
354 1588 471 1636 inter
507 1607 609 1636 arva
645 1589 841 1655 pallidus
879 1592 990 1649 sim,

150 1675 372 1739 Canisque
410 1693 540 1722 saeva
575 1694 741 1740 susque
776 1676 926 1739 ligneo
962 1677 1042 1724 tibi

152 1761 347 1806 Lutosus
385 1760 609 1807 affricabit
644 1760 830 1808 oblitum
869 1761 996 1809 latus.

157 1844 350 1892 Sceleste
382 1846 535 1909 penis,
577 1864 603 1892 o
636 1864 783 1893 meum
821 1846 987 1894 malum
1015 1866 1171 1911 grave,

101 1942 147 1976 20
162 1931 297 1978 Gravi
332 1931 494 1995 piaque
530 1931 626 1995 lege
658 1933 835 1979 noxiam
869 1932 975 1980 lues.

153 2016 278 2063 Licet
313 2035 522 2080 querare:
572 2035 652 2063 nec
689 2018 769 2064 tibi
806 2029 930 2065 tener
964 2037 1078 2083 puer

156 2102 334 2149 Patebit
367 2101 507 2160 ullus,
555 2103 813 2150 imminente
850 2104 926 2169 qui
963 2115 1060 2151 toro

158 2189 340 2234 Iuvaute
377 2200 519 2235 verset
554 2201 645 2236 arte
679 2189 891 2237 mobilem
927 2201 1101 2248 uatem,

157 2272 313 2321 Puella
347 2292 429 2321 nec
464 2274 615 2322 iocosa
647 2287 686 2322 te
721 2275 804 2323 levi
833 2295 970 2324 manu

108 2358 353 2407 25F0vebit
388 2359 659 2424 apprimetve
694 2361 895 2409 lucidum
928 2362 1085 2408 femur.

161 2445 330 2492 Bidens
367 2446 508 2493 amica
544 2446 725 2493 Romuli
756 2447 875 2494 senis
911 2466 1085 2494 memor

158 2529 371 2587 Paratur,
418 2531 533 2579 inter
569 2543 661 2579 atra
698 2532 824 2580 euius
853 2532 1039 2594 inguina
