1721 2953
273 153 324 187 62
587 147 954 191 COMMENTAR.
983 149 1041 191 IN
1071 149 1298 190 TIBULLI

763 353 1116 398 EXPLICATIO.

363 526 406 560 V.
441 526 537 558 1-9.
587 523 827 558 Introitus.
878 525 1042 559 Status
1083 524 1398 568 deplorabilis
1437 527 1614 569 poetae.

271 593 426 626 Morbo
468 592 509 624 in
551 591 753 633 Corcyra
798 600 1030 625 remanere
1075 595 1284 633 coactus,
1328 592 1528 626 Messala
1571 593 1612 625 in

271 659 508 691 Orientem
532 655 891 700 proficiscente,
926 660 1064 699 poeta
1090 657 1223 690 tristi
1256 657 1399 692 animo
1423 663 1614 692 mortem

271 730 400 762 timet
425 732 468 761 et
493 726 773 771 deprecatur
796 726 839 760 in
865 727 1117 770 peregrina
1141 730 1277 762 terra.

362 795 405 829 V.
432 797 466 829 1.
513 794 674 836 Ibitis,
709 794 927 836 Messala,
969 797 1006 827 ut
1039 804 1143 838 saepe
1166 794 1201 827 in
1225 793 1486 828 allocutionibus
1510 804 1613 829 unum

268 861 442 905 appellant
465 861 554 894 inter
572 865 718 894 ceteros.
744 859 894 892 Maru.
913 859 975 893 Gr.
997 860 1058 893 Gr.
1081 871 1114 904 p.
1137 862 1220 894 615.
1245 860 1422 896 Nmzscn.
1443 862 1488 895 ad
1511 862 1614 897 Hom.

268 929 393 971 Odyss.
419 927 482 970 111,
507 929 564 961 43.
589 927 704 961 BAcfl.
729 930 764 961 et
793 926 959 960 Huscnx.
985 926 1029 960 ad
1053 925 1086 960 h.
1113 927 1135 960 1.
1185 927 1356 970 Loquitur
1378 931 1494 961 autem
1517 926 1613 969 haec,

267 994 349 1028 dum
373 995 406 1028 in
429 1004 471 1028 eo
497 999 575 1028 sunt
599 998 638 1027 ut
661 994 796 1028 abeant.
821 1013 865 1018 —
904 1006 926 1028 o
958 996 1128 1028 utinam
1162 1004 1376 1028 memores
1408 994 1481 1028 scil.
1516 995 1612 1029 eatis.

268 1062 395 1095 Creme.
420 1060 532 1105 Epist.
558 1059 601 1093 ad
626 1059 748 1094 Famil.
771 1059 935 1102 X11325,
960 1062 1024 1094 10:
1062 1071 1169 1105 quam
1201 1059 1341 1106 quidem
1367 1059 1524 1102 (navem)
1550 1071 1614 1093 nos

270 1126 395 1159 damus
429 1136 590 1169 operam,
634 1130 677 1156 ut
715 1129 848 1156 rectam
882 1129 1085 1161 teneamus,
1123 1124 1262 1157 utinam
1291 1135 1459 1169 prospero
1493 1136 1612 1158 cursu.

266 1192 355 1226 Vide
387 1192 485 1236 plura
519 1193 636 1223 notata
669 1200 690 1222 a
725 1188 1036 1222 Wusnssnmcmo.
1093 1190 1294 1223 Sententiae
1327 1195 1441 1224 autem
1474 1191 1540 1224 vim
1575 1195 1614 1224 ut

267 1258 402 1300 penitus
427 1256 572 1296 sentias,
605 1256 648 1289 ab
673 1265 716 1288 eo
741 1253 826 1287 haec
850 1254 918 1287 dici
942 1255 1155 1297 memineris,
1189 1256 1247 1298 qui
1272 1260 1416 1289 mortem
1441 1255 1506 1288 sibi
1532 1266 1614 1300 pro-

268 1324 427 1366 pinquam
453 1326 562 1367 putat.
582 1340 628 1346 ——
652 1322 758 1365 Ipse
783 1321 1050 1365 cohorsque.
1099 1323 1316 1356 Pronominis
1338 1333 1437 1363 usum
1462 1323 1614 1356 illustra-

267 1390 315 1423 vit
346 1393 425 1433 post
461 1389 587 1422 JANUM
627 1389 865 1422 GEBHARDUM
899 1389 986 1422 bene
1020 1389 1351 1423 Wunnssnmcmus.
1408 1389 1457 1422 Et
1490 1388 1612 1421 cohors

211 1444 215 1450 ¹
267 1459 320 1489 est
344 1456 524 1488 comitatus
548 1453 668 1496 ducis;
694 1458 731 1486 ut
755 1458 898 1495 constat,
922 1453 965 1487 cf.
990 1453 1153 1488 ERNEST.
1180 1454 1326 1488 Excurs.
1352 1454 1430 1490 XV.
1453 1453 1495 1487 ad
1521 1454 1613 1487 Sue-

267 1526 335 1556 ton.
361 1521 441 1555 Tib.
467 1532 496 1555 c.
523 1523 580 1554 46.
602 1539 646 1544 —
672 1520 714 1554 V.
739 1522 772 1553 3.
798 1529 861 1553 me
886 1523 1025 1553 tenet.
1074 1519 1229 1552 Observa
1254 1520 1334 1562 quid
1359 1521 1470 1554 valeat
1497 1530 1608 1563 oppo-

267 1590 359 1622 sitio.
408 1589 553 1629 Demto,
589 1586 680 1629 quod
716 1585 883 1627 legimus,
917 1583 1063 1618 disticho
1087 1585 1213 1618 nullam
1239 1584 1310 1617 fere
1341 1584 1394 1618 hic
1421 1586 1516 1618 locus
1541 1586 1609 1619 vim

267 1653 429 1694 haberet,
464 1653 522 1695 qni
553 1662 642 1685 nunc
667 1651 817 1693 graviter
851 1660 912 1682 nos
939 1653 1063 1683 movet.
1087 1667 1134 1673 —-
1177 1651 1374 1692 ignotis,
1409 1650 1607 1693 peregrinis.

267 1719 379 1751 Nosse
403 1717 549 1751 dicimur
572 1717 667 1757 loca,
702 1725 789 1758 quae
815 1713 1060 1756 inhabitamus,
1090 1714 1134 1748 cf.
1159 1715 1352 1749 Damam.
1377 1716 1420 1749 ad
1445 1717 1508 1751 Sil.
1534 1717 1609 1750 Ital.

265 1783 380 1825 XVII,
404 1785 463 1817 22.
505 1783 705 1815 BunmmN,
741 1779 784 1813 ad
818 1781 975 1823 Propert.
1001 1779 1029 1821 1,
1055 1783 1090 1821 6,
1114 1782 1146 1813 1.
1175 1796 1219 1806 -
1263 1781 1511 1815 Abstineas
1546 1787 1613 1817 etc.

266 1851 349 1885 Sine
383 1850 505 1883 ornatu
542 1848 721 1882 dicendum
757 1851 848 1880 erat:
890 1848 940 1880 Ac
973 1857 1048 1880 sum
1081 1848 1116 1880 in
1149 1847 1268 1880 mortis
1299 1848 1463 1891 periculo.
1511 1847 1613 1883 Nunc

267 1917 444 1962 praeclaro
483 1925 561 1948 cum
599 1915 725 1948 affectu
771 1913 977 1958 apostrophe
1012 1913 1165 1949 infertur.
1225 1915 1334 1948 Porro
1373 1913 1416 1947 de
1452 1912 1614 1947 manibus

266 1982 392 2016 Mortis
425 1982 584 2014 S'iwrms
617 1979 749 2013 confert
782 1980 889 2012 Ovm.
924 1980 1058 2014 Amorr.
1085 1980 1146 2022 ΙΙΙ,
1172 1982 1206 2022 9,
1240 1982 1304 2014 19:
1340 1979 1482 2013 Scilicet
1516 1992 1613 2013 omne

266 2061 407 2083 Sacrum
432 2050 533 2081 ,Mors
556 2047 759 2091 importuna
786 2046 985 2092 profanat,
1021 2046 1180 2080 omnibus
1214 2045 1382 2080 obscuras
1405 2047 1520 2081 iniicit
1543 2040 1618 2080 illav

267 2125 404 2148 manus.
454 2111 749 2149 Quemadmodum
773 2111 864 2144 idem
890 2112 932 2145 de
955 2115 1133 2146 senectute
1158 2112 1241 2146 dicit
1264 2112 1369 2146 Trist.
1394 2113 1457 2155 111,
1482 2117 1525 2155 7,‡
1541 2115 1607 2147 35:

266 2178 475 2224 Iniicietqae
508 2176 650 2211 manu'm
679 2178 822 2224 formae
859 2177 1029 2211 damnosa
1065 2179 1253 2220 Senectus,
1292 2189 1383 2224 qaae
1422 2179 1610 2224 strepitum

266 2255 377 2288 passa
402 2255 471 2277 non
487 2242 652 2289 faciente
676 2243 783 2277 venit.
817 2243 921 2277 Addit
946 2243 1158 2277 Huscmcms
1187 2244 1340 2277 CALLIM.
1362 2244 1481 2288 Epigr.
1502 2244 1546 2285 11,
1565 2246 1605 2277 3:

268 2308 303 2341 αἶ
336 2309 374 2341 δὲ
409 2309 483 2340 τεαὶ
516 2304 658 2344 ζώουσιν
692 2304 852 2352 ιῖηὸόνες,
888 2297 967 2353 ᾗσιν
994 2304 1011 2340 ἆ
1035 2305 1172 2341 πάντων
1198 2304 1379 2354 ιῖρττακτήρ
1404 2305 1521 2352 Ἀΐδης
1547 2306 1607 2340 oriz

267 2377 320 2407 ἐπὶ
350 2382 450 2419 χεῖρα
484 2374 593 2414 βαλεῖ.
651 2374 823 2407 Hem-ms
857 2375 984 2408 Parcas
1009 2378 1185 2418 comparat
1209 2375 1317 2409 Vmo.
1346 2375 1429 2407 Aen.
1454 2372 1498 2414 X,
1523 2375 1605 2406 419.

267 2442 422 2485 Denique
449 2440 577 2473 avidus
600 2441 790 2484 legitimum
817 2440 990 2485 epitheton
1016 2442 1155 2483 mortis,
1180 2439 1462 2484 quemadmodum
1487 2440 1610 2473 Pluto-

266 2507 337 2548 nis,
372 2506 414 2540 cf.
450 2505 652 2539 Rom-mm,
690 2506 822 2539 Dictata
860 2505 902 2539 ad
935 2506 1092 2539 Albinov.
1127 2506 1216 2548 eleg.
1253 2515 1283 2538 v.
1311 2507 1389 2538 440.
1414 2522 1460 2529 —
1506 2505 1549 2540 V.
1573 2508 1611 2539 5.

265 2572 408 2616 Repetit
442 2577 544 2615 poeta
583 2572 723 2605 eandem
761 2573 959 2606 sententiam
993 2582 1055 2616 per
1089 2571 1316 2614 epanalepsin.
1373 2571 1510 2604 Primus
1545 2570 1608 2604 hac

265 2639 375 2680 figura
401 2648 478 2670 usus
507 2637 685 2672 Homerus
713 2643 762 2673 est
787 2640 826 2673 ΙΙ.
853 2639 931 2681 ΧΧ,
955 2640 1035 2673 272.
1059 2636 1126 2686 hoc
1151 2637 1271 2671 modo:
1299 2640 1354 2670 καὶ
1379 2638 1405 2670 εἰ
1433 2640 1511 2682 πυρὶ
1534 2644 1607 2678 χρῖ-
