1721 2953
234 146 291 192 14
639 141 880 188 'sIBULLl
932 142 1040 188 Llss.
1070 142 1098 187 1.
1126 151 1158 186 4.

253 269 446 315 5Nudus
484 278 525 313 ct
560 267 773 313 hibernae
806 266 1018 332 producis
1056 266 1224 329 frigora
1261 264 1468 321 brumae,

346 353 503 401 Nudus
539 364 581 400 et
616 352 767 399 aestivi
803 363 1003 417 tempora
1036 352 1151 399 sicca
1191 350 1349 399 Canis.’

284 441 357 488 Sic
393 458 498 502 ego:
550 449 644 485 tum
678 437 846 486 Bacchi
878 437 1111 503 respondit
1143 437 1307 484 rustica
1344 434 1516 500 proles,

350 528 562 574 Armatus
595 544 730 574 curva
764 526 828 574 sic
863 525 974 572 mihi
1010 523 1122 572 falce
1158 524 1282 573 deus,

291 614 358 661 ‘O
395 614 500 677 fuge
535 624 576 660 te
612 623 788 660 tenerae
824 629 1067 677 puerorum
1104 610 1285 659 credere
1318 608 1501 656 turbae:

236 712 281 747 10
356 700 471 746 Nam
505 716 685 746 causam
721 697 824 744 iusti
859 714 1036 762 semper
1071 696 1236 744 amoris
1271 694 1451 742 habent.

284 787 368 833 Hic
386 785 544 850 placet,
576 784 776 848 angustis
794 783 918 848 quod
933 801 1095 848 equum
1116 780 1357 846 compescit
1371 778 1583 826 habenis:

358 872 442 919 Hic
473 870 696 936 placidam
729 870 858 916 niveo
888 880 1067 934 pectore
1101 867 1225 933 pellit
1260 884 1448 933 aquam:

293 959 403 1016 Hic,
449 958 554 1024 quia
588 957 717 1004 fortis
754 956 880 1004 adest
915 954 1127 1011 audacia,
1175 954 1314 1019 cepit:
1367 964 1411 1000 at
1446 952 1507 999 illi

358 1044 600 1107 Virgineus
632 1052 806 1090 teneras
842 1052 928 1088 stat
959 1040 1109 1105 pudor
1144 1050 1244 1086 ante
1283 1057 1435 1102 genas,

247 1142 287 1175 15
301 1129 391 1176 Sed
429 1147 484 1175 ne
515 1140 557 1175 te
585 1128 787 1192 capiant,
834 1127 981 1191 primo
1017 1127 1053 1171 si
1089 1125 1203 1172 forte
1233 1124 1443 1186 negabit,

343 1214 537 1263 Taedia:
577 1213 791 1279 paulatim
827 1212 911 1259 sub
948 1212 1054 1276 iuga
1087 1210 1200 1258 collo
1232 1209 1368 1257 dabit.

297 1303 454 1363 Longa
490 1299 584 1346 dies
621 1298 792 1345 homiui
830 1297 984 1344 docuit
1017 1316 1174 1362 parere
1210 1296 1386 1353 leones,

366 1388 524 1448 Longa
560 1384 654 1430 dies
689 1382 812 1430 molli
847 1401 951 1429 saxa
982 1382 1156 1447 peredit
1190 1400 1329 1446 aqua:

301 1474 461 1518 Annus
498 1470 545 1517 in
581 1469 744 1534 apricis
778 1478 972 1516 maturat
1002 1466 1191 1515 collibus
1227 1484 1359 1521 uvas,

252 1575 298 1607 20
376 1560 536 1605 Annus
574 1558 666 1621 agit
701 1568 818 1604 certa
852 1554 1002 1603 lucida
1035 1555 1165 1617 signa
1199 1552 1307 1602 vice.

307 1648 399 1693 Nec
434 1646 581 1691 iurare
612 1644 738 1690 time:
783 1641 969 1689 Veneris
1003 1640 1201 1706 periuria
1229 1638 1349 1685 venti

376 1731 505 1777 Irrita
542 1748 623 1794 per
658 1741 797 1775 terras
831 1739 872 1774 et
907 1727 1019 1773 freta
1054 1744 1228 1773 summa
1257 1723 1419 1770 ferunt.

315 1816 472 1864 Gratia
503 1833 667 1878 magna
704 1813 820 1860 Iovi:
869 1812 1006 1859 vetuit
1039 1823 1166 1876 pater
1196 1811 1292 1875 ipse
1327 1807 1494 1863 valere,

380 1903 577 1947 Iurasset
612 1899 773 1963 cupide
808 1897 1024 1962 quicquid
1061 1898 1237 1959 ineptus
1272 1912 1420 1940 amor:

261 2000 306 2036 25
320 1989 493 2051 Perque
528 2004 631 2032 suas
664 1985 846 2048 impune
882 1982 988 2029 sinit
1019 1982 1245 2048 Dictynna
1282 1979 1463 2042 sagittas

389 2071 625 2127 Afffimes,
675 2069 818 2116 crines
854 2085 1022 2133 perque
1057 2067 1262 2113 Minerva
1290 2082 1406 2111 suos.

363 2246 403 2279 V.
422 2248 477 2278 13.
516 2245 602 2277 Hic
636 2244 710 2277 libri
745 2244 863 2286 optimi
898 2253 1024 2277 omneS.
1086 2242 1269 2283 Regiensis
1298 2242 1426 2280 Hunc,
1461 2242 1500 2271 ut
1530 2236 1611 2270 edit.

270 2321 321 2354 pr.
355 2311 431 2343 mai.
468 2321 521 2343 an.
548 2311 649 2342 1472.
716 2308 771 2341 Ex
806 2308 880 2340 aliis
917 2311 1053 2340 notatur
1086 2306 1194 2339 Huic.
1221 2324 1266 2330 -—
1332 2305 1374 2338 V.
1395 2306 1447 2336 15.
1484 2312 1536 2334 ne
1569 2306 1613 2333 te

271 2376 400 2418 optimi.
450 2375 563 2417 Vulgo
597 2381 631 2406 te
664 2385 704 2405 ne
738 2384 781 2406 ex
811 2373 928 2416 paucis
955 2371 1133 2405 deterioris
1163 2370 1309 2413 generis.
1334 2386 1375 2393 --
1413 2365 1614 2407 negabit,

273 2446 374 2475 recte.
426 2441 538 2481 Vulgo
564 2439 703 2485 negarit
732 2439 819 2472 maie
844 2438 886 2472 de
911 2439 1104 2471 coniectura
1128 2436 1289 2470 Hnmsn.

367 2524 479 2556 v.25.
512 2523 621 2554 sinit
655 2527 759 2556 recte.
810 2523 1090 2555 Baoucxnusms
1118 2519 1209 2552 sinet
1239 2529 1280 2552 ex
1308 2516 1522 2557 Colbertino‚
1556 2515 1615 2548 sed

277 2601 341 2624 non
371 2599 456 2632 opus
485 2592 537 2621 est
566 2587 688 2635 futuro.

1705 184 1717 247 <o-
