1721 2953
316 116 385 163 48
725 114 762 159 T
766 114 967 161 IBULLI
1015 115 1123 161 Lm.
1152 115 1205 160 ll.
1232 125 1265 160 3.

371 241 430 287 At
460 239 539 286 tibi
565 238 678 285 dura
700 237 848 296 CereS‚
882 239 1106 286 Nemesim
1130 257 1242 304 quae
1266 237 1454 286 abducis
1472 237 1527 285 ab
1548 238 1673 292 urbe,

438 323 667 373 Persolvat
704 322 828 370 nulla
863 325 1033 371 semina
1071 336 1187 371 terra
1224 324 1324 371 fide.

378 411 432 457 Et
462 422 534 466 tu,
582 409 760 456 Bacche
796 421 946 467 tener,
993 410 1216 458 iucundae
1248 410 1446 457 consitor
1480 427 1618 466 uvae,

449 496 519 542 Tu
558 513 737 560 quoque
776 495 987 553 devotos,
1027 495 1230 554 Bacche⁷
1274 495 1477 560 relinque
1513 494 1647 542 lacus.

322 592 366 628 65
380 581 516 629 Haud
551 582 735 646 impune
771 580 874 628 licet
907 582 1131 629 formosas
1168 582 1370 629 tristibus
1408 582 1528 645 agris

444 667 654 715 Abdere:
702 685 796 714 non
832 667 943 714 tanti
981 679 1086 714 sunt
1120 680 1196 715 tua
1231 679 1404 725 musta,
1452 678 1592 732 pater.

375 755 416 801 O
453 754 628 802 valeant
663 753 842 817 fruges,
887 772 944 800 ne
980 753 1070 800 sint
1102 754 1240 801 modo
1280 772 1384 800 rure
1420 753 1619 819 puellae:

451 840 593 888 Glans
631 840 744 897 alat,
785 851 826 886 et
858 839 1009 905 prisco
1044 858 1168 886 more
1198 839 1416 886 bibantur
1452 857 1605 904 aquae.

381 925 523 974 Glans
562 925 670 972 aluit
704 936 898 982 veteres⁷
935 937 976 972 et
1011 926 1179 990 passim
1214 944 1392 990 semper
1427 936 1656 972 amarunt:

322 1026 370 1060 70
452 1012 579 1074 Quid
615 1011 769 1059 nocuit
805 1010 953 1058 sulcos
990 1031 1082 1058 non
1119 1011 1331 1058 habuisse
1367 1011 1517 1058 satos?

380 1099 523 1155 Tum,
570 1097 735 1163 quibus
771 1097 1002 1161 aspirabat
1034 1097 1199 1155 Amor⁷
1246 1097 1492 1162 praebebat
1528 1108 1677 1162 aperte

445 1182 570 1230 Mitis
603 1182 650 1229 in
687 1182 903 1229 umbrosa
937 1183 1105 1245 gaudia
1134 1181 1245 1229 valle
1277 1185 1442 1229 Venus.

376 1269 537 1318 Nullus
574 1280 667 1316 erat
703 1281 876 1326 cust08‚
924 1268 1048 1315 nulla
1086 1268 1318 1316 exclusura
1356 1268 1556 1315 dolentes

440 1358 606 1403 Ianua:
652 1355 689 1402 si
725 1355 794 1402 fas
831 1366 919 1414 est,
965 1373 1063 1402 mos
1099 1373 1262 1419 precor
1295 1354 1369 1402 ille
1406 1354 1515 1401 redi.

323 1454 370 1490 75

443 1527 640 1575 Horrida
676 1526 831 1574 villosa
868 1545 1059 1592 corpora
1095 1537 1212 1573 veste
1249 1536 1412 1589 tegant.

386 1616 517 1662 Nunc
553 1615 591 1661 si
623 1613 773 1662 clausa
808 1632 907 1661 mea
944 1625 1030 1671 est,
1077 1612 1114 1659 si
1149 1612 1278 1677 copia
1308 1630 1409 1658 rara
1443 1609 1651 1670 videndi²

448 1703 549 1748 Heu
577 1700 818 1757 miserum,
863 1699 1005 1746 laxam
1044 1698 1155 1763 quid
1191 1698 1311 1744 iuvat
1350 1715 1443 1744 esse
1478 1696 1662 1760 togam?

379 1787 562 1834 Ducite:
598 1787 655 1834 ad
691 1787 931 1852 imperium
965 1784 1174 1831 dominae
1210 1782 1485 1830 sulcabimus
1520 1800 1676 1846 agros:

326 1887 373 1920 80
453 1874 556 1920 Non
594 1891 676 1936 ego
713 1890 783 1920 me
814 1871 970 1918 vinclis
1008 1869 1359 1934 verberibusque
1396 1887 1526 1933 nego.

420 2104 464 2138 V.
482 2105 537 2137 61.
571 2102 716 2136 Ceres
749 2103 852 2146 vulgo
888 2101 931 2135 de
963 2101 1158 2135 coniectura
1194 2100 1354 2134 Hssmsn.
1413 2099 1537 2133 Lectio
1570 2108 1677 2143 seges.

327 2169 416 2202 Tum
451 2168 577 2201 habent
610 2159 687 2201 lib'ri
723 2168 804 2213 qui,
849 2168 953 2201 Imm
987 2177 1068 2200 vero
1103 2176 1236 2209 quae,
1285 2166 1411 2199 lectum
1447 2162 1537 2208 quod
1575 2163 1679 2205 vulgo

328 2234 406 2267 inde
431 2235 473 2268 ab
502 2235 617 2268 Anno.
639 2250 685 2257 -—
735 2233 821 2267 Mox
848 2244 879 2267 v.
895 2235 950 2266 62.
975 2233 1132 2266 Puccms
1158 2238 1274 2273 certa,
1309 2231 1414 2264 ceteri
1439 2229 1518 2262 boni
1543 2232 1679 2261 terra.

328 2299 400 2332 Iam
435 2300 688 2332 LACHMANNUS
727 2299 862 2342 posuit:
912 2298 967 2331 At
1007 2296 1071 2329 tibi
1116 2296 1208 2329 <Iura
1248 2307 1364 2341 seges,
1410 2292 1581 2327 Nemesim
1620 2289 1682 2337 qui

330 2363 477 2397 abducis
511 2363 556 2396 ab
591 2364 694 2401 urbe,
729 2367 763 2397 et
796 2364 828 2397 in
862 2367 1075 2407 pentametro
1102 2361 1234 2395 semina
1269 2366 1376 2393 certa.
1436 2360 1495 2393 sic
1519 2358 1561 2391 ad
1586 2367 1681 2390 ama·

330 2436 441 2465 torem
475 2431 570 2463 locus
603 2432 761 2474 pertinet.
821 2429 892 2463 Sed
926 2429 1034 2473 probo
1064 2428 1154 2471 quod
1180 2428 1283 2470 vulgo
1308 2428 1483 2469 receptum
1515 2424 1548 2456 in
1581 2426 1680 2456 textu

331 2498 435 2532 vides.

428 2580 469 2615 V.
487 2582 543 2614 75.
580 2579 707 2614 Versus
741 2578 879 2613 excidit.
