1721 2953
495 170 636 211 LIBR.
668 170 742 211 IV.
799 171 968 214 CARM.
1000 173 1074 214 VI.
1363 178 1443 218 449

102 285 175 327 dei,
204 284 292 319 bene
314 288 469 318 ornatum
494 283 616 318 adesse
643 282 749 325 festo,
775 283 818 317 cf.
844 284 888 326 ll,
914 287 948 326 5,
974 289 1009 320 7.
1034 303 1079 310 -
1117 285 1193 328 fit,
1218 289 1439 326 sacrificatur.

101 353 173 386 Res
197 357 290 387 nota.
316 371 361 377 —
399 353 451 385 De
477 352 572 385 libo
605 351 647 385 cf.
679 350 724 384 ad
748 350 774 392 Ι,
804 354 838 392 7,
863 354 920 385 54.
955 357 991 386 et
1024 353 1100 392 iside
1129 353 1173 396 ll,
1199 357 1232 397 2,
1257 359 1291 390 8.
1342 358 1439 401 Veni,

99 417 147 449 ait
173 421 292 461 poeta,
318 417 391 461 ipsa
416 417 527 450 visura
553 415 696 450 honores
720 418 797 448 tuos
822 420 856 448 et
881 416 966 451 save.
993 435 1040 442 —-
1065 419 1105 452 V.
1128 422 1171 453 15
1195 431 1269 464 sqq.
1311 423 1442 457 Prae-

100 484 218 526 cipit
255 487 297 516 et
333 487 470 516 natae
505 487 571 518 etc.
631 483 788 517 Alienum
822 487 875 516 est
907 495 950 516 en
984 485 1088 527 vulgo
1113 487 1258 524 Hectum.
1315 489 1444 522 Sensus

100 558 182 582 vero
208 547 280 582 liic:
315 549 489 593 Praecipit
514 548 648 592 quidem
674 552 784 581 mater
808 548 962 582 studiosa
988 551 1091 583 etiam
1118 552 1206 584 filine
1232 552 1322 595 quod
1348 558 1445 597 optet

101 616 137 646 et
159 617 259 656 roget
284 613 402 656 deam,
440 619 478 647 ut
505 614 578 657 ipsa
604 623 724 657 preces
749 612 853 654 facit,
886 614 942 646 illa
969 625 1050 648 vero
1076 617 1166 650 aliud
1194 619 1298 652 tacite
1323 630 1443 663 preca-

101 684 166 713 tur.
192 699 239 706 —-
273 681 505 722 studiosa,
545 680 735 724 explicant:
774 679 959 712 commodis
984 681 1074 714 filiae
1104 683 1323 726 prospiciens.
1372 686 1444 719 Sed

100 745 214 788 potius
244 756 294 789 pr.
330 745 492 778 adverbio
524 743 680 778 studiose
712 744 860 788 accipias
895 748 929 778 et
953 744 995 777 ad
1018 747 1193 791 praecipit
1222 749 1371 791 referas,
1407 757 1445 784 ut

103 810 189 844 dixit
214 822 245 845 v.
271 815 312 845 3:
347 824 383 844 se
408 811 604 844 laetissima
628 810 793 855 compsit,
828 814 864 845 et
888 813 920 854 4,
944 814 1009 846 19:
1048 812 1200 846 candida
1225 816 1372 861 cogitat,
1401 836 1446 842 .-

101 876 182 910 iam
218 888 304 911 sua,
357 878 407 911 De
441 877 745 921 significationibus
779 878 880 911 variis
915 879 1120 923 pronominis
1156 880 1282 915 diserte
1306 884 1446 926 exponit

101 941 283 984 Vnum&
319 953 407 976 nunc
441 942 513 974 iam
536 954 604 976 sua
629 946 702 976 est:
734 943 801 976 iam
833 953 931 977 suum
966 945 1161 988 arbitrium,
1198 957 1278 980 suos
1301 948 1446 983 affectus

101 1019 259 1051 sequens,
307 1009 451 1043 Insuave
476 1008 539 1043 lioc
561 1010 677 1043 dicunt
701 1014 736 1044 et
761 1011 906 1054 probant
927 1011 1077 1045 Hssmsn
1103 1014 1329 1047 coniecturam
1355 1014 1446 1046 clam

99 1072 177 1105 sihi.
226 1074 357 1108 Tamen
382 1086 468 1117 quae
493 1076 539 1108 ita
565 1075 666 1117 facit,
690 1086 801 1108 noune
827 1080 879 1109 est
904 1075 974 1108 iam
1000 1077 1097 1110 sua?
1116 1097 1162 1103 —
1196 1083 1244 1113 ut
1268 1081 1447 1114 celeres

100 1139 320 1174 flammae.
369 1141 576 1175 Ardeatibus
601 1142 635 1175 in
661 1141 736 1175 foro
761 1143 898 1185 ignibus
932 1145 1088 1178 sacrificii
1114 1146 1301 1189 praesentis
1334 1158 1448 1189 causa,

99 1207 250 1240 suaviter
273 1207 352 1241 inde
386 1209 514 1252 petitur
546 1210 764 1253 comparatio.
791 1229 838 1235 —
875 1210 966 1244 Nec
1000 1222 1105 1245 sana
1141 1211 1285 1245 fuisse
1320 1213 1447 1254 velit,

101 1270 132 1306 h.
160 1283 190 1306 e.
227 1283 292 1306 non
328 1273 391 1307 uri.
443 1274 604 1308 Ceterum
631 1275 674 1308 cf.
709 1285 812 1318 supra
837 1274 881 1317 ll,
907 1278 942 1317 5,
967 1278 1056 1310 110:
1097 1279 1147 1310 Et
1173 1276 1288 1323 faveo
1322 1276 1450 1314 morbo,

101 1345 178 1370 tam
205 1339 310 1372 iuvat
334 1340 407 1384 ipse
436 1339 545 1371 dolor.
593 1339 698 1373 Addit
722 1339 894 1373 HEYNIUS
921 1339 1058 1377 Anthol.
1084 1342 1163 1378 Lat.
1188 1343 1250 1385 III,
1276 1354 1330 1387 ep.
1357 1345 1448 1377 194:

99 1404 174 1436 Hic
189 1405 318 1448 saror,
346 1405 421 1441 llic,
446 1406 584 1448 superi,
609 1405 657 1437 sit
681 1406 768 1437 milzi
787 1413 995 1449 perpetuus.
1021 1426 1068 1432 —
1108 1409 1150 1443 V.
1179 1412 1223 1442 19
1248 1421 1299 1452 sq.
1349 1410 1450 1443 Diffi-

101 1472 176 1505 cilis
200 1473 308 1506 locus.
367 1472 552 1506 Lectiones
577 1473 787 1516 antiquiores
813 1478 892 1507 suut
917 1474 974 1510 Si,
1000 1474 1077 1510 Sis,
1103 1475 1161 1507 Sic
1185 1475 1304 1508 iuveni
1325 1483 1450 1522 grata.

103 1540 369 1581 LACHMANNUS‚
395 1540 452 1583 qui
478 1550 609 1573 comma
635 1543 712 1584 post
738 1540 853 1573 velit
877 1540 992 1584 posuit
1016 1545 1051 1574 et
1075 1542 1121 1574 Si
1147 1543 1288 1586 recepit,
1314 1544 1453 1578 coniicit

101 1610 243 1649 gratae.
293 1604 439 1638 Videtur
464 1605 569 1646 igitur
594 1605 644 1637 sic
672 1605 903 1638 intellexisse:
929 1605 1004 1638 Nec
1028 1608 1138 1640 sanari
1163 1608 1255 1650 velit,
1281 1610 1311 1642 si
1335 1609 1450 1652 modo,

103 1682 179 1704 cum
206 1671 315 1703 iuveni
340 1675 480 1713 gratae,
515 1670 758 1703 beneficiorum
783 1674 918 1704 tuorum
944 1673 1108 1715 memori,
1143 1674 1317 1717 proximus
1342 1685 1450 1708 annus

104 1738 238 1779 veniet,
273 1736 326 1770 hic
351 1736 441 1770 idem
467 1747 563 1769 amor
587 1736 675 1769 adsit
701 1737 798 1769 votis.
848 1737 943 1769 Alius
968 1742 1094 1780 puncto
1122 1743 1199 1782 post
1224 1739 1308 1772 velit
1337 1742 1449 1784 posito

101 1803 140 1835 Si
171 1813 220 1846 pr.
253 1803 381 1835 utinam
406 1802 560 1845 accipiat.
619 1801 748 1835 Verum
780 1799 916 1834 iuvenis
940 1801 984 1835 de
1010 1804 1122 1846 puella
1147 1803 1180 1836 in
1214 1802 1264 1837 his
1290 1806 1451 1839 carmini-

103 1868 165 1900 bus
195 1878 260 1900 uou
285 1867 429 1909 dicitur,
455 1867 511 1899 ubi
538 1865 719 1899 CerInthus
743 1866 868 1908 ubique
894 1865 960 1900 hoc
984 1877 1108 1902 nomen
1135 1870 1212 1904 fert,
1260 1870 1299 1904 In
1326 1871 1451 1905 editio-

103 1935 202 1967 nibus
227 1938 304 1967 ante
329 1935 571 1967 SCALIGERUM
596 1932 788 1966 emendatio
820 1935 951 1966 exstat:
992 1933 1049 1966 Sit
1072 1935 1192 1968 iuveni
1218 1942 1348 1981 grata,
1384 1936 1451 1968 ad-

103 2002 219 2035 veniet
256 2013 345 2036 cum.
393 2002 510 2035 Lipsn
544 2001 718 2045 Excerpta
753 2000 917 2044 praebent
953 2012 997 2033 ac
1033 2002 1167 2040 veniet,
1205 2005 1252 2038 uti
1290 2006 1392 2039 etiam
1431 2017 1452 2039 a

103 2069 332 2102 PAssrznAero
358 2067 584 2101 emendatum.
642 2067 753 2108 Atque
779 2064 837 2099 has
863 2067 1093 2101 correctiones
1123 2079 1198 2102 cum
1224 2070 1297 2103 aliis
1324 2071 1452 2115 proba-

103 2139 182 2167 runt
207 2135 399 2175 Humms,
438 2134 604 2174 Vossms,
639 2133 978 2177 WUNDERmcflms,
1013 2135 1194 2179 anms,
1228 2137 1451 2181 Huscnxms,

103 2202 341 2234 GOLBERYUS.
389 2200 460 2233 Iam
486 2201 551 2233 erit
575 2210 711 2233 sensus:
748 2201 867 2245 Quare
893 2200 964 2246 fac
998 2207 1040 2234 ut
1074 2214 1159 2236 cara
1192 2202 1241 2236 sit
1277 2204 1453 2242 Cerintho,

105 2279 148 2299 ac
178 2273 261 2311 post
294 2278 425 2299 annum
461 2266 532 2298 iam
565 2266 786 2300 inveteratas
818 2266 867 2300 ,sit
905 2267 963 2300 lzic
995 2280 1101 2305 amor.
1153 2272 1252 2307 Quae
1276 2274 1452 2317 aptissima

105 2335 274 2369 sententia
299 2338 350 2368 est
374 2335 407 2367 in
433 2335 526 2368 exitu
552 2335 718 2377 carminis,
744 2335 945 2369 observante
971 2337 1070 2371 etiam
1096 2339 1236 2381 Vossxo,
1268 2340 1332 2373 nisi
1358 2341 1449 2384 quod

107 2411 158 2446 pr.
185 2405 317 2444 grata
342 2401 474 2434 mallem
501 2411 597 2434 cara.
646 2400 857 2433 Huscnxms
884 2401 1058 2444 eleganter
1082 2404 1237 2437 coniicit:
1261 2403 1454 2438 &cim-em·

103 2468 267 2512 placeat,
300 2477 400 2510 quam
427 2465 503 2500 lluic
528 2467 631 2499 verbo
658 2467 806 2509 glossam
829 2472 950 2510 „grata
975 2469 1042 2502 sit“
1067 2470 1172 2504 videri
1200 2472 1307 2515 possit
1332 2473 1451 2516 aliquis

108 2535 186 2568 olim
211 2534 440 2578 adscripsisse.
491 2532 577 2566 Mihi
602 2534 693 2576 quod
727 2535 759 2567 in
791 2533 838 2567 his
874 2534 1030 2579 displicet
1063 2538 1228 2579 maxime,
1262 2539 1449 2580 asyndeton

108 2605 180 2642 est,
216 2601 377 2645 placeat,
415 2600 543 2633 veniet.
604 2601 691 2634 Nam
718 2601 807 2644 quod
834 2601 1045 2636 Huscnxms
1071 2604 1206 2638 damnat
1232 2606 1388 2649 copulam
1413 2610 1451 2639 ut

109 2666 325 2710 languidam,
349 2667 382 2702 in
408 2677 450 2701 eo
475 2667 603 2701 fallitur
627 2666 716 2702 haud
742 2668 865 2712 dubie3
899 2673 1049 2714 praestat
1075 2669 1127 2705 hic
1152 2673 1338 2706 certissime
1364 2673 1451 2706 mol-

1027 2741 1118 2779 29.
