1721 2953
254 148 407 175 cxxxvi
792 136 865 176 DE
897 135 1053 179 POESI

250 250 304 286 his
346 262 482 288 secum
524 250 709 298 fruatur,
763 258 982 304 autequam
1027 267 1126 292 mors
1166 254 1304 294 weniat
1344 261 1384 293 et
1422 261 1598 295 senectus.

250 324 462 364 Postremo
493 323 629 364 denuo
662 325 835 376 repetita
868 328 1072 380 oppositIO
1104 329 1186 368 belli
1210 333 1341 383 otiique
1375 327 1598 379 domestici,

251 400 459 439 ‹maim-zan
498 408 537 439 et
569 403 703 453 paucis
741 409 928 441 contentae
968 406 1062 442 vitae
1099 402 1250 443 claudit
1283 412 1430 444 totum.
1498 406 1599 444 Per-

253 476 390 527 spicue
427 490 479 514 ex
517 476 579 514 his
618 488 837 527 cognoscas
874 479 1087 530 propriam
1125 479 1301 519 sormam
1336 480 1597 519 Tibulliauae

254 551 517 600 elocutionis,
556 549 652 590 lleet
680 551 813 591 fatear
843 563 1131 605 argumentum
1160 555 1284 594 huius
1316 555 1466 606 elegiae
1495 569 1596 607 prae

253 626 340 664 aliis
378 626 516 665 favere
555 628 899 679 oppositionibus.
970 627 1245 670 Observatum
1279 644 1400 682 saepe
1434 639 1494 670 est
1525 631 1598 669 Al-

253 701 366 740 bium
390 715 474 740 non
499 701 652 741 imitari
673 702 873 754 Graecos3
908 718 1043 757 neque
1066 719 1166 746 vero
1191 707 1324 745 solum
1354 705 1404 744 de
1432 707 1601 756 singulis

252 777 531 817 locutionibus
565 786 602 816 et
636 779 1010 819 constructionibus
1047 779 1089 819 id
1124 779 1255 830 dicas,
1298 779 1368 820 sed
1399 789 1477 820 tota
1509 783 1603 820 haec

253 854 438 892 rhetorica
465 851 599 904 soz-ma
637 857 812 892 orationis
848 854 1026 894 Graecae
1067 855 1234 906 originis
1272 869 1358 895 non
1399 863 1480 905 est,
1528 869 1603 896 nec

255 928 422 967 Graecis
455 929 615 978 elegicis
646 929 930 981 frequentatae
959 937 1053 968 sunt
1078 930 1156 968 hae
1185 929 1404 970 diviSiones
1438 938 1603 969 exactae

254 1012 292 1042 et
327 1003 608 1055 oppositiones
642 1005 868 1055 plurimae,
907 1013 1109 1058 quantum
1141 1005 1342 1045 coniicere
1372 1007 1489 1055 licet,
1531 1005 1604 1046 secl

254 1079 443 1120 Romano
475 1086 620 1130 poetae
655 1079 862 1131 propriae.

341 1167 423 1207 Sed
468 1167 665 1220 quoniam
715 1182 840 1219 supra
884 1168 1207 1221 amplificationem
1248 1184 1318 1223 per
1363 1175 1606 1224 repetitionem

256 1244 416 1282 eiusdem
443 1246 639 1282 sententiae
669 1240 756 1281 dixi
789 1244 963 1282 alterum
994 1244 1239 1296 palmarium
1275 1245 1488 1286 artificium
1519 1249 1606 1288 elo-

258 1319 432 1357 cutionis
472 1318 690 1368 elegiacae‚
731 1331 801 1368 age
840 1331 952 1356 nunc
990 1317 1206 1357 redeamus
1242 1321 1361 1358 etiam
1401 1320 1449 1360 ad
1485 1323 1604 1372 hane,

259 1402 298 1434 et
340 1406 640 1445 persequamur
683 1405 787 1447 quae
832 1390 882 1430 de
926 1393 1012 1431 eius
1054 1405 1132 1431 usu
1173 1393 1330 1432 Tibulli
1377 1408 1497 1435 causa
1540 1397 1606 1436 hic

260 1467 442 1507 notanda
479 1466 683 1508 videntur.
753 1465 955 1506 Videmus
994 1480 1083 1506 eam
1121 1468 1216 1505 satis
1256 1469 1402 1508 crebro
1442 1471 1522 1508 iam
1563 1472 1607 1509 in

262 1543 428 1582 Graecis
459 1543 714 1593 fragmentis,
745 1555 835 1580 cum
868 1550 1010 1580 eontra
1036 1540 1258 1581 divisiones
1287 1543 1520 1583 rarissimae
1550 1546 1607 1585 ibi

262 1621 353 1660 sint.
411 1619 569 1659 Tibulli
595 1621 800 1659 rationem
830 1620 930 1659 haec
961 1620 1149 1672 exempla
1181 1618 1425 1660 ostendunt:

372 1710 533 1751 Fictilia
563 1710 757 1762 antiquus
788 1709 968 1761 primum
1003 1708 1080 1747 sibi
1110 1708 1206 1747 fecit
1235 1709 1401 1759 agrestis

433 1785 610 1834 Pocula,
649 1783 699 1822 de
730 1784 838 1822 sacili
867 1783 1180 1836 composuitque
1212 1784 1313 1822 luto.

377 1898 512 1937 Parva
542 1909 653 1946 seges
684 1894 778 1932 satis
810 1901 891 1942 est,
933 1893 1028 1932 satis
1060 1901 1117 1932 est
1147 1893 1405 1945 requiescere
1437 1896 1543 1934 lecto

433 1970 477 2010 Si
508 1971 623 2018 licet,
664 1976 703 2007 et
732 1968 853 2007 solito
886 1969 1071 2006 membra
1105 1969 1240 2007 levare
1270 1976 1378 2009 toro.

380 2083 450 2122 Me
481 2081 660 2120 retinent
690 2080 872 2119 vinetum
906 2080 1111 2119 soi-mosae
1141 2080 1274 2119 vinela
1304 2082 1485 2134 puellae,

436 2157 489 2195 Et-
521 2154 643 2195 sedeo
679 2154 802 2194 duras
834 2155 988 2193 ianitor
1018 2163 1110 2194 ante
1143 2156 1267 2196 fores.

890 2235 983 2242 .—-—

379 2271 440 2309 Te
470 2277 642 2321 propter
671 2269 806 2307 nullos
837 2268 956 2306 tellus
987 2275 1057 2307 tua
1090 2268 1269 2319 postulat
1300 2266 1472 2314 imbres,

440 2343 568 2384 Arida
597 2357 671 2383 nec
700 2342 847 2382 Pluvio
879 2343 1082 2394 supplicat
1115 2343 1242 2381 herba
1274 2340 1378 2382 Iovi.

386 2457 450 2495 Tu
475 2457 620 2507 procul
645 2454 741 2495 hinc
768 2455 893 2506 absis,
926 2455 991 2496 eui
1015 2455 1190 2494 sormam
1217 2451 1393 2493 vendere
1421 2464 1517 2490 cura
1543 2457 1614 2500 est,

442 2531 487 2569 131
521 2531 695 2582 pretium
728 2533 849 2581 plena
879 2530 1030 2581 grande
1062 2529 1214 2569 referre
1244 2540 1383 2566 mauu.
