<?xml version="1.0" encoding="UTF-8"?>
<!DOCTYPE html PUBLIC "-//W3C//DTD XHTML 1.0 Transitional//EN"
    "http://www.w3.org/TR/xhtml1/DTD/xhtml1-transitional.dtd">
<html xmlns="http://www.w3.org/1999/xhtml" xml:lang="en" lang="en">
 <head>
  <title>
</title>
<meta http-equiv="Content-Type" content="text/html;charset=utf-8" />
  <meta name='ocr-system' content='tesseract 3.04.00' />
  <meta name='ocr-capabilities' content='ocr_page ocr_carea ocr_par ocr_line ocrx_word'/>
</head>
<body>
  <div class='ocr_page' id='page_1' title='image "./carminaexrecensi00tibuuoft_0034.png"; bbox 0 0 1721 2953; ppageno 0'>
   <div class='ocr_carea' id='block_1_1' title="bbox 254 153 1046 193">
    <p class='ocr_par' dir='ltr' id='par_1_1' title="bbox 254 153 1046 193">
     <span class='ocr_line' id='line_1_1' title="bbox 254 153 1046 193; baseline 0.005 -4"><span class='ocrx_word' id='word_1_1' title='bbox 254 163 383 189; x_wconf 45' lang='lat' dir='ltr'>xxxin</span> <span class='ocrx_word' id='word_1_2' title='bbox 807 153 878 192; x_wconf 79' lang='lat' dir='ltr'>DE</span> <span class='ocrx_word' id='word_1_3' title='bbox 913 154 1046 193; x_wconf 66' lang='lat' dir='ltr'>VITA</span> 
     </span>
    </p>
   </div>
   <div class='ocr_carea' id='block_1_2' title="bbox 254 267 1614 2608">
    <p class='ocr_par' dir='ltr' id='par_1_2' title="bbox 254 267 1614 2608">
     <span class='ocr_line' id='line_1_2' title="bbox 256 267 1601 322; baseline 0.003 -16"><span class='ocrx_word' id='word_1_4' title='bbox 256 270 308 308; x_wconf 87' lang='lat' dir='ltr'>At</span> <span class='ocrx_word' id='word_1_5' title='bbox 336 267 424 307; x_wconf 87' lang='lat' dir='ltr'>iure</span> <span class='ocrx_word' id='word_1_6' title='bbox 455 269 672 309; x_wconf 79' lang='lat' dir='ltr'>conferunt</span> <span class='ocrx_word' id='word_1_7' title='bbox 701 268 830 322; x_wconf 84' lang='lat' dir='ltr'>Lygd.</span> <span class='ocrx_word' id='word_1_8' title='bbox 859 271 929 321; x_wconf 88' lang='grc' dir='ltr'>ΙΙΙ,</span> <span class='ocrx_word' id='word_1_9' title='bbox 958 275 994 321; x_wconf 87' lang='grc'>5,</span> <span class='ocrx_word' id='word_1_10' title='bbox 1028 275 1091 310; x_wconf 86' lang='grc'>16.</span> <span class='ocrx_word' id='word_1_11' title='bbox 1122 278 1160 311; x_wconf 81' lang='lat' dir='ltr'>et</span> <span class='ocrx_word' id='word_1_12' title='bbox 1184 269 1304 312; x_wconf 82' lang='lat' dir='ltr'>Ovid.</span> <span class='ocrx_word' id='word_1_13' title='bbox 1331 272 1418 311; x_wconf 74' lang='lat' dir='ltr'>Art.</span> <span class='ocrx_word' id='word_1_14' title='bbox 1441 272 1528 310; x_wconf 87' lang='lat' dir='ltr'>Am.</span> <span class='ocrx_word' id='word_1_15' title='bbox 1553 271 1601 318; x_wconf 88' lang='grc' dir='ltr'>ΙΙ,</span> 
     </span>
     <span class='ocr_line' id='line_1_3' title="bbox 258 342 1603 396; baseline 0.001 -15"><span class='ocrx_word' id='word_1_16' title='bbox 258 347 361 394; x_wconf 81' lang='grc' dir='ltr'>67Ο;</span> <span class='ocrx_word' id='word_1_17' title='bbox 401 342 531 396; x_wconf 77' lang='lat' dir='ltr'>Lygd.</span> <span class='ocrx_word' id='word_1_18' title='bbox 564 345 632 394; x_wconf 87' lang='grc' dir='ltr'>ΙΙΙ,</span> <span class='ocrx_word' id='word_1_19' title='bbox 664 348 701 393; x_wconf 89' lang='grc'>5,</span> <span class='ocrx_word' id='word_1_20' title='bbox 731 347 796 384; x_wconf 86' lang='grc'>18.</span> <span class='ocrx_word' id='word_1_21' title='bbox 826 351 866 385; x_wconf 82' lang='lat' dir='ltr'>et</span> <span class='ocrx_word' id='word_1_22' title='bbox 895 343 1016 386; x_wconf 85' lang='lat' dir='ltr'>Ovid.</span> <span class='ocrx_word' id='word_1_23' title='bbox 1047 346 1171 386; x_wconf 81' lang='lat' dir='ltr'>Trist.</span> <span class='ocrx_word' id='word_1_24' title='bbox 1202 347 1273 395; x_wconf 86' lang='lat' dir='ltr'>IV,</span> <span class='ocrx_word' id='word_1_25' title='bbox 1305 350 1368 396; x_wconf 89' lang='lat'>10,</span> <span class='ocrx_word' id='word_1_26' title='bbox 1400 349 1448 396; x_wconf 80' lang='lat'>63</span> <span class='ocrx_word' id='word_1_27' title='bbox 1488 343 1603 384; x_wconf 87' lang='lat' dir='ltr'>deni-</span> 
     </span>
     <span class='ocr_line' id='line_1_4' title="bbox 255 419 1603 473; baseline 0.001 -15"><span class='ocrx_word' id='word_1_28' title='bbox 255 433 335 473; x_wconf 86' lang='lat' dir='ltr'>que</span> <span class='ocrx_word' id='word_1_29' title='bbox 375 419 506 473; x_wconf 81' lang='lat' dir='ltr'>Lygd.</span> <span class='ocrx_word' id='word_1_30' title='bbox 537 421 606 469; x_wconf 94' lang='grc' dir='ltr'>ΙΙΙ,</span> <span class='ocrx_word' id='word_1_31' title='bbox 635 422 672 469; x_wconf 87' lang='grc'>5,</span> <span class='ocrx_word' id='word_1_32' title='bbox 703 423 769 460; x_wconf 89' lang='grc'>19.</span> <span class='ocrx_word' id='word_1_33' title='bbox 797 424 866 461; x_wconf 89' lang='grc'>20.</span> <span class='ocrx_word' id='word_1_34' title='bbox 907 429 947 461; x_wconf 88' lang='lat' dir='ltr'>et</span> <span class='ocrx_word' id='word_1_35' title='bbox 987 419 1108 462; x_wconf 87' lang='lat' dir='ltr'>Ovid.</span> <span class='ocrx_word' id='word_1_36' title='bbox 1148 421 1313 462; x_wconf 90' lang='lat' dir='ltr'>Amorr.</span> <span class='ocrx_word' id='word_1_37' title='bbox 1353 423 1403 473; x_wconf 89' lang='grc' dir='ltr'>ΙΙ,</span> <span class='ocrx_word' id='word_1_38' title='bbox 1437 422 1501 472; x_wconf 85' lang='grc'>14,</span> <span class='ocrx_word' id='word_1_39' title='bbox 1534 424 1603 459; x_wconf 83' lang='grc'>23.</span> 
     </span>
     <span class='ocr_line' id='line_1_5' title="bbox 254 493 1604 550; baseline 0.001 -17"><span class='ocrx_word' id='word_1_40' title='bbox 254 493 371 534; x_wconf 88' lang='lat' dir='ltr'>Adde</span> <span class='ocrx_word' id='word_1_41' title='bbox 394 494 525 547; x_wconf 82' lang='lat' dir='ltr'>Lygd.</span> <span class='ocrx_word' id='word_1_42' title='bbox 546 496 615 545; x_wconf 93' lang='grc' dir='ltr'>ΙΙΙ,</span> <span class='ocrx_word' id='word_1_43' title='bbox 641 499 676 544; x_wconf 90' lang='grc'>6,</span> <span class='ocrx_word' id='word_1_44' title='bbox 699 495 765 535; x_wconf 87' lang='grc'>40.</span> <span class='ocrx_word' id='word_1_45' title='bbox 789 503 829 535; x_wconf 87' lang='lat' dir='ltr'>et</span> <span class='ocrx_word' id='word_1_46' title='bbox 849 493 970 537; x_wconf 88' lang='lat' dir='ltr'>Ovid.</span> <span class='ocrx_word' id='word_1_47' title='bbox 994 496 1083 536; x_wconf 82' lang='lat' dir='ltr'>Art.</span> <span class='ocrx_word' id='word_1_48' title='bbox 1094 496 1185 537; x_wconf 86' lang='lat' dir='ltr'>Am.</span> <span class='ocrx_word' id='word_1_49' title='bbox 1206 498 1276 547; x_wconf 88' lang='grc' dir='ltr'>ΙΠ,</span> <span class='ocrx_word' id='word_1_50' title='bbox 1300 500 1366 537; x_wconf 86' lang='grc'>36.</span> <span class='ocrx_word' id='word_1_51' title='bbox 1399 494 1481 536; x_wconf 87' lang='lat' dir='ltr'>Sed</span> <span class='ocrx_word' id='word_1_52' title='bbox 1503 493 1604 550; x_wconf 90' lang='lat' dir='ltr'>quid</span> 
     </span>
     <span class='ocr_line' id='line_1_6' title="bbox 254 568 1605 626; baseline -0.001 -16"><span class='ocrx_word' id='word_1_53' title='bbox 254 572 331 610; x_wconf 87' lang='lat' dir='ltr'>hoc</span> <span class='ocrx_word' id='word_1_54' title='bbox 362 570 413 610; x_wconf 87' lang='lat' dir='ltr'>ad</span> <span class='ocrx_word' id='word_1_55' title='bbox 441 568 562 610; x_wconf 75' lang='lat' dir='ltr'>rem?</span> <span class='ocrx_word' id='word_1_56' title='bbox 629 570 911 613; x_wconf 82' lang='lat' dir='ltr'>Nihilominus</span> <span class='ocrx_word' id='word_1_57' title='bbox 941 580 1095 613; x_wconf 85' lang='lat' dir='ltr'>certum</span> <span class='ocrx_word' id='word_1_58' title='bbox 1125 572 1383 626; x_wconf 83' lang='lat' dir='ltr'><strong>Lygdamum</strong></span> <span class='ocrx_word' id='word_1_59' title='bbox 1413 573 1464 612; x_wconf 89' lang='lat' dir='ltr'>ab</span> <span class='ocrx_word' id='word_1_60' title='bbox 1504 568 1605 612; x_wconf 85' lang='lat' dir='ltr'>Ovi-</span> 
     </span>
     <span class='ocr_line' id='line_1_7' title="bbox 255 647 1606 705; baseline 0.001 -19"><span class='ocrx_word' id='word_1_61' title='bbox 255 647 324 687; x_wconf 86' lang='lat' dir='ltr'>dio</span> <span class='ocrx_word' id='word_1_62' title='bbox 353 662 439 688; x_wconf 90' lang='lat' dir='ltr'>non</span> <span class='ocrx_word' id='word_1_63' title='bbox 467 661 544 701; x_wconf 88' lang='lat' dir='ltr'>pro</span> <span class='ocrx_word' id='word_1_64' title='bbox 575 648 742 689; x_wconf 88' lang='lat' dir='ltr'>Tibullo</span> <span class='ocrx_word' id='word_1_65' title='bbox 780 649 990 702; x_wconf 82' lang='lat' dir='ltr'>habitum,</span> <span class='ocrx_word' id='word_1_66' title='bbox 1030 651 1102 705; x_wconf 88' lang='lat' dir='ltr'>qui</span> <span class='ocrx_word' id='word_1_67' title='bbox 1130 651 1298 691; x_wconf 90' lang='lat' dir='ltr'>Tibullo</span> <span class='ocrx_word' id='word_1_68' title='bbox 1329 664 1371 690; x_wconf 87' lang='lat' dir='ltr'>se</span> <span class='ocrx_word' id='word_1_69' title='bbox 1399 649 1606 689; x_wconf 87' lang='lat' dir='ltr'>iuniorem</span> 
     </span>
     <span class='ocr_line' id='line_1_8' title="bbox 256 723 1606 778; baseline 0.002 -16"><span class='ocrx_word' id='word_1_70' title='bbox 256 723 428 774; x_wconf 83' lang='lat' dir='ltr'>dixerit,</span> <span class='ocrx_word' id='word_1_71' title='bbox 465 725 576 764; x_wconf 85' lang='lat' dir='ltr'>hunc</span> <span class='ocrx_word' id='word_1_72' title='bbox 605 732 742 765; x_wconf 81' lang='lat' dir='ltr'>autem</span> <span class='ocrx_word' id='word_1_73' title='bbox 773 734 937 778; x_wconf 82' lang='lat' dir='ltr'>poetam</span> <span class='ocrx_word' id='word_1_74' title='bbox 969 725 1114 767; x_wconf 87' lang='lat' dir='ltr'>eodem</span> <span class='ocrx_word' id='word_1_75' title='bbox 1151 740 1289 767; x_wconf 84' lang='lat' dir='ltr'>secum</span> <span class='ocrx_word' id='word_1_76' title='bbox 1316 739 1425 766; x_wconf 88' lang='lat' dir='ltr'>anno</span> <span class='ocrx_word' id='word_1_77' title='bbox 1464 733 1606 766; x_wconf 84' lang='lat' dir='ltr'>natum</span> 
     </span>
     <span class='ocr_line' id='line_1_9' title="bbox 254 800 1607 857; baseline 0.003 -20"><span class='ocrx_word' id='word_1_78' title='bbox 254 800 417 852; x_wconf 76' lang='lat' dir='ltr'>legeret,</span> <span class='ocrx_word' id='word_1_79' title='bbox 442 800 596 856; x_wconf 84' lang='lat' dir='ltr'>quique</span> <span class='ocrx_word' id='word_1_80' title='bbox 626 816 712 842; x_wconf 89' lang='lat' dir='ltr'>non</span> <span class='ocrx_word' id='word_1_81' title='bbox 743 811 932 854; x_wconf 82' lang='lat' dir='ltr'>agnoscat</span> <span class='ocrx_word' id='word_1_82' title='bbox 957 804 1173 854; x_wconf 79' lang='lat' dir='ltr'><strong>Neaeram,</strong></span> <span class='ocrx_word' id='word_1_83' title='bbox 1201 811 1247 843; x_wconf 86' lang='lat' dir='ltr'>ut</span> <span class='ocrx_word' id='word_1_84' title='bbox 1278 802 1463 857; x_wconf 85' lang='lat' dir='ltr'>alioquin</span> <span class='ocrx_word' id='word_1_85' title='bbox 1488 802 1607 841; x_wconf 85' lang='lat' dir='ltr'>secis-</span> 
     </span>
     <span class='ocr_line' id='line_1_10' title="bbox 256 876 1608 930; baseline 0 -15"><span class='ocrx_word' id='word_1_86' title='bbox 256 884 329 916; x_wconf 81' lang='lat' dir='ltr'>set.</span> <span class='ocrx_word' id='word_1_87' title='bbox 386 876 494 916; x_wconf 84' lang='lat' dir='ltr'>Nam</span> <span class='ocrx_word' id='word_1_88' title='bbox 533 877 683 930; x_wconf 88' lang='lat' dir='ltr'>quibus</span> <span class='ocrx_word' id='word_1_89' title='bbox 723 876 840 918; x_wconf 83' lang='lat' dir='ltr'>editis</span> <span class='ocrx_word' id='word_1_90' title='bbox 868 879 985 919; x_wconf 86' lang='lat' dir='ltr'>libris</span> <span class='ocrx_word' id='word_1_91' title='bbox 1017 893 1177 919; x_wconf 84' lang='lat' dir='ltr'>amores</span> <span class='ocrx_word' id='word_1_92' title='bbox 1214 878 1372 919; x_wconf 88' lang='lat' dir='ltr'>Tibulli</span> <span class='ocrx_word' id='word_1_93' title='bbox 1407 877 1608 919; x_wconf 76' lang='lat' dir='ltr'>contineri</span> 
     </span>
     <span class='ocr_line' id='line_1_11' title="bbox 258 953 1608 1009; baseline 0.001 -18"><span class='ocrx_word' id='word_1_94' title='bbox 258 953 422 1003; x_wconf 81' lang='lat' dir='ltr'>sciebat,</span> <span class='ocrx_word' id='word_1_95' title='bbox 451 967 595 993; x_wconf 88' lang='lat' dir='ltr'>eorum</span> <span class='ocrx_word' id='word_1_96' title='bbox 623 955 679 994; x_wconf 89' lang='lat' dir='ltr'>ita</span> <span class='ocrx_word' id='word_1_97' title='bbox 710 956 828 1009; x_wconf 85' lang='lat' dir='ltr'>sequi</span> <span class='ocrx_word' id='word_1_98' title='bbox 857 954 1033 996; x_wconf 86' lang='lat' dir='ltr'>debebat</span> <span class='ocrx_word' id='word_1_99' title='bbox 1060 955 1354 1006; x_wconf 80' lang='lat' dir='ltr'>auctoritatem,</span> <span class='ocrx_word' id='word_1_100' title='bbox 1385 963 1429 995; x_wconf 85' lang='lat' dir='ltr'>ut</span> <span class='ocrx_word' id='word_1_101' title='bbox 1449 955 1608 1007; x_wconf 86' lang='lat' dir='ltr'>puellas</span> 
     </span>
     <span class='ocr_line' id='line_1_12' title="bbox 255 1025 1608 1085; baseline 0.004 -19"><span class='ocrx_word' id='word_1_102' title='bbox 255 1025 300 1066; x_wconf 88' lang='lat' dir='ltr'>in</span> <span class='ocrx_word' id='word_1_103' title='bbox 323 1028 373 1067; x_wconf 84' lang='lat' dir='ltr'>iis</span> <span class='ocrx_word' id='word_1_104' title='bbox 405 1043 428 1067; x_wconf 85' lang='lat' dir='ltr'>a</span> <span class='ocrx_word' id='word_1_105' title='bbox 456 1037 578 1081; x_wconf 82' lang='lat' dir='ltr'>poeta</span> <span class='ocrx_word' id='word_1_106' title='bbox 604 1029 789 1071; x_wconf 84' lang='lat' dir='ltr'>laudatas</span> <span class='ocrx_word' id='word_1_107' title='bbox 816 1032 861 1071; x_wconf 87' lang='lat' dir='ltr'>in</span> <span class='ocrx_word' id='word_1_108' title='bbox 892 1031 1088 1085; x_wconf 88' lang='lat' dir='ltr'>Epicedio</span> <span class='ocrx_word' id='word_1_109' title='bbox 1123 1032 1370 1073; x_wconf 84' lang='lat' dir='ltr'>nominaret.</span> <span class='ocrx_word' id='word_1_110' title='bbox 1427 1031 1608 1083; x_wconf 77' lang='lat' dir='ltr'>Expres-</span> 
     </span>
     <span class='ocr_line' id='line_1_13' title="bbox 255 1102 1608 1159; baseline 0.003 -17"><span class='ocrx_word' id='word_1_111' title='bbox 255 1103 307 1142; x_wconf 84' lang='lat' dir='ltr'>sit</span> <span class='ocrx_word' id='word_1_112' title='bbox 338 1102 459 1143; x_wconf 83' lang='lat' dir='ltr'>credo</span> <span class='ocrx_word' id='word_1_113' title='bbox 497 1106 700 1144; x_wconf 84' lang='lat' dir='ltr'>nonnulla</span> <span class='ocrx_word' id='word_1_114' title='bbox 741 1119 793 1145; x_wconf 87' lang='lat' dir='ltr'>ex</span> <span class='ocrx_word' id='word_1_115' title='bbox 820 1107 929 1146; x_wconf 86' lang='lat' dir='ltr'>libro</span> <span class='ocrx_word' id='word_1_116' title='bbox 961 1107 1082 1147; x_wconf 82' lang='lat' dir='ltr'>tertio</span> <span class='ocrx_word' id='word_1_117' title='bbox 1123 1121 1208 1146; x_wconf 87' lang='lat' dir='ltr'>nou</span> <span class='ocrx_word' id='word_1_118' title='bbox 1249 1105 1362 1159; x_wconf 85' lang='lat' dir='ltr'>quod</span> <span class='ocrx_word' id='word_1_119' title='bbox 1398 1120 1492 1145; x_wconf 90' lang='lat' dir='ltr'>eum</span> <span class='ocrx_word' id='word_1_120' title='bbox 1530 1120 1608 1158; x_wconf 87' lang='lat' dir='ltr'>pro</span> 
     </span>
     <span class='ocr_line' id='line_1_14' title="bbox 256 1180 1612 1236; baseline 0.001 -18"><span class='ocrx_word' id='word_1_121' title='bbox 256 1180 496 1220; x_wconf 88' lang='lat' dir='ltr'>Tibulliano</span> <span class='ocrx_word' id='word_1_122' title='bbox 525 1181 720 1233; x_wconf 83' lang='lat' dir='ltr'>haberet,</span> <span class='ocrx_word' id='word_1_123' title='bbox 763 1181 835 1222; x_wconf 87' lang='lat' dir='ltr'>sed</span> <span class='ocrx_word' id='word_1_124' title='bbox 874 1197 967 1222; x_wconf 89' lang='lat' dir='ltr'>cum</span> <span class='ocrx_word' id='word_1_125' title='bbox 1001 1196 1087 1223; x_wconf 87' lang='lat' dir='ltr'>non</span> <span class='ocrx_word' id='word_1_126' title='bbox 1117 1181 1397 1236; x_wconf 80' lang='lat' dir='ltr'>spernendum</span> <span class='ocrx_word' id='word_1_127' title='bbox 1431 1180 1612 1231; x_wconf 81' lang='lat' dir='ltr'>duceret,</span> 
     </span>
     <span class='ocr_line' id='line_1_15' title="bbox 258 1256 1610 1311; baseline 0.002 -17"><span class='ocrx_word' id='word_1_128' title='bbox 258 1256 330 1308; x_wconf 86' lang='lat' dir='ltr'>qui</span> <span class='ocrx_word' id='word_1_129' title='bbox 373 1257 416 1295; x_wconf 88' lang='lat' dir='ltr'>in</span> <span class='ocrx_word' id='word_1_130' title='bbox 459 1258 698 1297; x_wconf 82' lang='lat' dir='ltr'>collectione</span> <span class='ocrx_word' id='word_1_131' title='bbox 736 1258 1071 1299; x_wconf 84' lang='lat' dir='ltr'>Tibullianorum</span> <span class='ocrx_word' id='word_1_132' title='bbox 1110 1272 1283 1311; x_wconf 87' lang='lat' dir='ltr'>operum</span> <span class='ocrx_word' id='word_1_133' title='bbox 1323 1257 1455 1298; x_wconf 85' lang='lat' dir='ltr'>editus</span> <span class='ocrx_word' id='word_1_134' title='bbox 1496 1265 1610 1298; x_wconf 86' lang='lat' dir='ltr'>esset.</span> 
     </span>
     <span class='ocr_line' id='line_1_16' title="bbox 258 1332 1610 1386; baseline 0 -16"><span class='ocrx_word' id='word_1_135' title='bbox 258 1332 484 1372; x_wconf 81' lang='lat' dir='ltr'>Veniamus</span> <span class='ocrx_word' id='word_1_136' title='bbox 513 1332 566 1372; x_wconf 89' lang='lat' dir='ltr'>ad</span> <span class='ocrx_word' id='word_1_137' title='bbox 595 1334 685 1373; x_wconf 86' lang='lat' dir='ltr'>alia.</span> <span class='ocrx_word' id='word_1_138' title='bbox 742 1333 929 1374; x_wconf 84' lang='lat' dir='ltr'>Neaerae</span> <span class='ocrx_word' id='word_1_139' title='bbox 959 1348 1110 1374; x_wconf 89' lang='lat' dir='ltr'>nomen</span> <span class='ocrx_word' id='word_1_140' title='bbox 1140 1333 1299 1374; x_wconf 82' lang='lat' dir='ltr'>dedisse</span> <span class='ocrx_word' id='word_1_141' title='bbox 1327 1341 1468 1386; x_wconf 85' lang='lat' dir='ltr'>poetas</span> <span class='ocrx_word' id='word_1_142' title='bbox 1495 1332 1610 1371; x_wconf 83' lang='lat' dir='ltr'>Lati-</span> 
     </span>
     <span class='ocr_line' id='line_1_17' title="bbox 257 1408 1610 1464; baseline -0.001 -17"><span class='ocrx_word' id='word_1_143' title='bbox 257 1422 334 1448; x_wconf 86' lang='lat' dir='ltr'>nos</span> <span class='ocrx_word' id='word_1_144' title='bbox 361 1410 531 1450; x_wconf 87' lang='lat' dir='ltr'>omnino</span> <span class='ocrx_word' id='word_1_145' title='bbox 561 1411 703 1450; x_wconf 86' lang='lat' dir='ltr'>amatis</span> <span class='ocrx_word' id='word_1_146' title='bbox 732 1412 880 1463; x_wconf 83' lang='lat' dir='ltr'>puellis</span> <span class='ocrx_word' id='word_1_147' title='bbox 911 1410 1121 1464; x_wconf 86' lang='lat' dir='ltr'>Spohnius</span> <span class='ocrx_word' id='word_1_148' title='bbox 1152 1410 1320 1459; x_wconf 81' lang='lat' dir='ltr'>notavit,</span> <span class='ocrx_word' id='word_1_149' title='bbox 1349 1422 1483 1462; x_wconf 87' lang='lat' dir='ltr'>neque</span> <span class='ocrx_word' id='word_1_150' title='bbox 1516 1408 1610 1447; x_wconf 90' lang='lat' dir='ltr'>ubi-</span> 
     </span>
     <span class='ocr_line' id='line_1_18' title="bbox 260 1485 1611 1539; baseline -0.001 -16"><span class='ocrx_word' id='word_1_151' title='bbox 260 1499 340 1538; x_wconf 85' lang='lat' dir='ltr'>que</span> <span class='ocrx_word' id='word_1_152' title='bbox 361 1486 535 1526; x_wconf 75' lang='lat' dir='ltr'>levitatis</span> <span class='ocrx_word' id='word_1_153' title='bbox 559 1494 598 1526; x_wconf 84' lang='lat' dir='ltr'>et</span> <span class='ocrx_word' id='word_1_154' title='bbox 625 1486 820 1539; x_wconf 88' lang='lat' dir='ltr'>perfidiae</span> <span class='ocrx_word' id='word_1_155' title='bbox 843 1487 1081 1538; x_wconf 84' lang='lat' dir='ltr'>significatio</span> <span class='ocrx_word' id='word_1_156' title='bbox 1111 1488 1230 1537; x_wconf 80' lang='lat' dir='ltr'>inest,</span> <span class='ocrx_word' id='word_1_157' title='bbox 1260 1486 1334 1526; x_wconf 79' lang='lat' dir='ltr'>etsi</span> <span class='ocrx_word' id='word_1_158' title='bbox 1352 1487 1453 1525; x_wconf 87' lang='lat' dir='ltr'>haec</span> <span class='ocrx_word' id='word_1_159' title='bbox 1473 1485 1611 1538; x_wconf 87' lang='lat' dir='ltr'>puella</span> 
     </span>
     <span class='ocr_line' id='line_1_19' title="bbox 259 1559 1608 1616; baseline 0 -16"><span class='ocrx_word' id='word_1_160' title='bbox 259 1559 381 1600; x_wconf 82' lang='lat' dir='ltr'>fidem</span> <span class='ocrx_word' id='word_1_161' title='bbox 414 1560 588 1602; x_wconf 83' lang='lat' dir='ltr'>deserat.</span> <span class='ocrx_word' id='word_1_162' title='bbox 652 1563 762 1603; x_wconf 84' lang='lat' dir='ltr'>Nata</span> <span class='ocrx_word' id='word_1_163' title='bbox 794 1564 871 1604; x_wconf 84' lang='lat' dir='ltr'>fuit</span> <span class='ocrx_word' id='word_1_164' title='bbox 900 1564 945 1603; x_wconf 90' lang='lat' dir='ltr'>in</span> <span class='ocrx_word' id='word_1_165' title='bbox 975 1566 1104 1614; x_wconf 81' lang='lat' dir='ltr'>culta,</span> <span class='ocrx_word' id='word_1_166' title='bbox 1144 1564 1348 1616; x_wconf 82' lang='lat' dir='ltr'>locuplete</span> <span class='ocrx_word' id='word_1_167' title='bbox 1378 1570 1418 1602; x_wconf 82' lang='lat' dir='ltr'>et</span> <span class='ocrx_word' id='word_1_168' title='bbox 1448 1561 1608 1601; x_wconf 85' lang='lat' dir='ltr'>liberali</span> 
     </span>
     <span class='ocr_line' id='line_1_20' title="bbox 260 1635 1610 1689; baseline 0.001 -14"><span class='ocrx_word' id='word_1_169' title='bbox 260 1635 405 1687; x_wconf 69' lang='lat' dir='ltr'>domo,</span> <span class='ocrx_word' id='word_1_170' title='bbox 453 1652 536 1678; x_wconf 88' lang='lat' dir='ltr'>non</span> <span class='ocrx_word' id='word_1_171' title='bbox 567 1639 714 1678; x_wconf 88' lang='lat' dir='ltr'>humili</span> <span class='ocrx_word' id='word_1_172' title='bbox 742 1640 857 1689; x_wconf 89' lang='lat' dir='ltr'>loco,</span> <span class='ocrx_word' id='word_1_173' title='bbox 903 1639 975 1679; x_wconf 92' lang='lat' dir='ltr'>sed</span> <span class='ocrx_word' id='word_1_174' title='bbox 1004 1640 1185 1679; x_wconf 87' lang='lat' dir='ltr'>honestis</span> <span class='ocrx_word' id='word_1_175' title='bbox 1219 1647 1259 1678; x_wconf 84' lang='lat' dir='ltr'>et</span> <span class='ocrx_word' id='word_1_176' title='bbox 1286 1637 1505 1678; x_wconf 86' lang='lat' dir='ltr'>fortunatis</span> <span class='ocrx_word' id='word_1_177' title='bbox 1537 1652 1610 1689; x_wconf 88' lang='lat' dir='ltr'>pa-</span> 
     </span>
     <span class='ocr_line' id='line_1_21' title="bbox 258 1713 1610 1768; baseline 0.001 -18"><span class='ocrx_word' id='word_1_178' title='bbox 258 1714 465 1764; x_wconf 76' lang='lat' dir='ltr'>rentibus,</span> <span class='ocrx_word' id='word_1_179' title='bbox 499 1722 545 1753; x_wconf 87' lang='lat' dir='ltr'>ut</span> <span class='ocrx_word' id='word_1_180' title='bbox 572 1722 737 1766; x_wconf 87' lang='lat' dir='ltr'>praeter</span> <span class='ocrx_word' id='word_1_181' title='bbox 763 1715 971 1768; x_wconf 89' lang='lat' dir='ltr'>Heynium</span> <span class='ocrx_word' id='word_1_182' title='bbox 1002 1715 1198 1766; x_wconf 85' lang='lat' dir='ltr'>Vossius,</span> <span class='ocrx_word' id='word_1_183' title='bbox 1227 1713 1437 1766; x_wconf 86' lang='lat' dir='ltr'>Spohnius</span> <span class='ocrx_word' id='word_1_184' title='bbox 1467 1721 1506 1752; x_wconf 91' lang='lat' dir='ltr'>et</span> <span class='ocrx_word' id='word_1_185' title='bbox 1533 1726 1610 1752; x_wconf 86' lang='lat' dir='ltr'>nu-</span> 
     </span>
     <span class='ocr_line' id='line_1_22' title="bbox 259 1787 1612 1842; baseline 0.001 -15"><span class='ocrx_word' id='word_1_186' title='bbox 259 1803 334 1842; x_wconf 86' lang='lat' dir='ltr'>per</span> <span class='ocrx_word' id='word_1_187' title='bbox 368 1787 536 1830; x_wconf 86' lang='lat' dir='ltr'>Oebeke</span> <span class='ocrx_word' id='word_1_188' title='bbox 564 1791 608 1829; x_wconf 88' lang='lat' dir='ltr'>iu</span> <span class='ocrx_word' id='word_1_189' title='bbox 640 1791 781 1831; x_wconf 90' lang='lat' dir='ltr'>libello</span> <span class='ocrx_word' id='word_1_190' title='bbox 816 1805 916 1831; x_wconf 81' lang='lat' dir='ltr'>mox</span> <span class='ocrx_word' id='word_1_191' title='bbox 946 1790 1202 1833; x_wconf 86' lang='lat' dir='ltr'>nominando</span> <span class='ocrx_word' id='word_1_192' title='bbox 1232 1792 1338 1830; x_wconf 86' lang='lat' dir='ltr'>bene</span> <span class='ocrx_word' id='word_1_193' title='bbox 1369 1789 1612 1830; x_wconf 86' lang='lat' dir='ltr'>docuerunt.</span> 
     </span>
     <span class='ocr_line' id='line_1_23' title="bbox 260 1865 1611 1919; baseline 0 -14"><span class='ocrx_word' id='word_1_194' title='bbox 260 1868 318 1905; x_wconf 89' lang='lat' dir='ltr'>Ac</span> <span class='ocrx_word' id='word_1_195' title='bbox 355 1876 477 1919; x_wconf 88' lang='lat' dir='ltr'>poeta</span> <span class='ocrx_word' id='word_1_196' title='bbox 517 1881 607 1906; x_wconf 90' lang='lat' dir='ltr'>eam</span> <span class='ocrx_word' id='word_1_197' title='bbox 643 1867 688 1906; x_wconf 87' lang='lat' dir='ltr'>in</span> <span class='ocrx_word' id='word_1_198' title='bbox 727 1869 1035 1908; x_wconf 76' lang='lat' dir='ltr'>matrimonium</span> <span class='ocrx_word' id='word_1_199' title='bbox 1077 1867 1226 1908; x_wconf 87' lang='lat' dir='ltr'>ducere</span> <span class='ocrx_word' id='word_1_200' title='bbox 1268 1869 1455 1918; x_wconf 81' lang='lat' dir='ltr'>volebat,</span> <span class='ocrx_word' id='word_1_201' title='bbox 1502 1865 1611 1906; x_wconf 88' lang='lat' dir='ltr'>unde</span> 
     </span>
     <span class='ocr_line' id='line_1_24' title="bbox 262 1940 1612 1994; baseline 0 -14"><span class='ocrx_word' id='word_1_202' title='bbox 262 1942 474 1993; x_wconf 75' lang='lat' dir='ltr'>coniugem</span> <span class='ocrx_word' id='word_1_203' title='bbox 501 1943 693 1994; x_wconf 78' lang='lat' dir='ltr'>appellat.</span> <span class='ocrx_word' id='word_1_204' title='bbox 751 1940 888 1990; x_wconf 83' lang='lat' dir='ltr'>Quare</span> <span class='ocrx_word' id='word_1_205' title='bbox 918 1943 962 1981; x_wconf 91' lang='lat' dir='ltr'>in</span> <span class='ocrx_word' id='word_1_206' title='bbox 992 1942 1174 1982; x_wconf 78' lang='lat' dir='ltr'>maximo</span> <span class='ocrx_word' id='word_1_207' title='bbox 1205 1956 1344 1982; x_wconf 84' lang='lat' dir='ltr'>errore</span> <span class='ocrx_word' id='word_1_208' title='bbox 1371 1943 1612 1983; x_wconf 74' lang='lat' dir='ltr'>versabatur</span> 
     </span>
     <span class='ocr_line' id='line_1_25' title="bbox 262 2015 1612 2070; baseline 0 -14"><span class='ocrx_word' id='word_1_209' title='bbox 262 2018 493 2068; x_wconf 73' lang='lat' dir='ltr'>Spollnit187</span> <span class='ocrx_word' id='word_1_210' title='bbox 533 2018 606 2070; x_wconf 87' lang='lat' dir='ltr'>qui</span> <span class='ocrx_word' id='word_1_211' title='bbox 634 2017 797 2057; x_wconf 85' lang='lat' dir='ltr'>Deliam</span> <span class='ocrx_word' id='word_1_212' title='bbox 828 2025 869 2057; x_wconf 81' lang='lat' dir='ltr'>et</span> <span class='ocrx_word' id='word_1_213' title='bbox 899 2017 1102 2057; x_wconf 76' lang='lat' dir='ltr'>Neaeram</span> <span class='ocrx_word' id='word_1_214' title='bbox 1132 2018 1305 2070; x_wconf 82' lang='lat' dir='ltr'>putabat</span> <span class='ocrx_word' id='word_1_215' title='bbox 1338 2015 1533 2068; x_wconf 78' lang='lat' dir='ltr'>eandem,</span> <span class='ocrx_word' id='word_1_216' title='bbox 1573 2025 1612 2057; x_wconf 90' lang='lat' dir='ltr'>et</span> 
     </span>
     <span class='ocr_line' id='line_1_26' title="bbox 260 2089 1610 2147; baseline 0.001 -14"><span class='ocrx_word' id='word_1_217' title='bbox 260 2096 441 2147; x_wconf 83' lang='lat' dir='ltr'>primum</span> <span class='ocrx_word' id='word_1_218' title='bbox 480 2089 730 2147; x_wconf 81' lang='lat' dir='ltr'>tertiumque</span> <span class='ocrx_word' id='word_1_219' title='bbox 768 2094 922 2134; x_wconf 87' lang='lat' dir='ltr'>librum</span> <span class='ocrx_word' id='word_1_220' title='bbox 965 2095 1022 2134; x_wconf 86' lang='lat' dir='ltr'>sic</span> <span class='ocrx_word' id='word_1_221' title='bbox 1064 2095 1358 2146; x_wconf 80' lang='lat' dir='ltr'>coniungebat,</span> <span class='ocrx_word' id='word_1_222' title='bbox 1399 2101 1445 2133; x_wconf 85' lang='lat' dir='ltr'>ut</span> <span class='ocrx_word' id='word_1_223' title='bbox 1486 2108 1610 2134; x_wconf 87' lang='lat' dir='ltr'>unam</span> 
     </span>
     <span class='ocr_line' id='line_1_27' title="bbox 262 2169 1609 2224; baseline -0.001 -14"><span class='ocrx_word' id='word_1_224' title='bbox 262 2171 358 2210; x_wconf 86' lang='lat' dir='ltr'>inde</span> <span class='ocrx_word' id='word_1_225' title='bbox 388 2170 601 2210; x_wconf 80' lang='lat' dir='ltr'>historiam</span> <span class='ocrx_word' id='word_1_226' title='bbox 635 2179 920 2224; x_wconf 78' lang='lat' dir='ltr'>componeret3</span> <span class='ocrx_word' id='word_1_227' title='bbox 967 2169 1107 2212; x_wconf 87' lang='lat' dir='ltr'>Ovidii</span> <span class='ocrx_word' id='word_1_228' title='bbox 1137 2169 1303 2224; x_wconf 88' lang='lat' dir='ltr'>quidem</span> <span class='ocrx_word' id='word_1_229' title='bbox 1332 2170 1609 2210; x_wconf 84' lang='lat' dir='ltr'>testimonium</span> 
     </span>
     <span class='ocr_line' id='line_1_28' title="bbox 267 2244 1611 2300; baseline -0.002 -13"><span class='ocrx_word' id='word_1_230' title='bbox 267 2247 317 2287; x_wconf 89' lang='lat' dir='ltr'>de</span> <span class='ocrx_word' id='word_1_231' title='bbox 347 2246 506 2287; x_wconf 87' lang='lat' dir='ltr'>duabus</span> <span class='ocrx_word' id='word_1_232' title='bbox 534 2247 682 2300; x_wconf 81' lang='lat' dir='ltr'>puelliS</span> <span class='ocrx_word' id='word_1_233' title='bbox 711 2247 868 2286; x_wconf 87' lang='lat' dir='ltr'>Tibulli</span> <span class='ocrx_word' id='word_1_234' title='bbox 906 2248 1043 2287; x_wconf 84' lang='lat' dir='ltr'>favere</span> <span class='ocrx_word' id='word_1_235' title='bbox 1080 2245 1263 2296; x_wconf 83' lang='lat' dir='ltr'>videtur,</span> <span class='ocrx_word' id='word_1_236' title='bbox 1302 2244 1374 2286; x_wconf 87' lang='lat' dir='ltr'>sed</span> <span class='ocrx_word' id='word_1_237' title='bbox 1403 2246 1611 2286; x_wconf 86' lang='lat' dir='ltr'>verissime</span> 
     </span>
     <span class='ocr_line' id='line_1_29' title="bbox 267 2321 1614 2376; baseline -0.001 -14"><span class='ocrx_word' id='word_1_238' title='bbox 267 2323 495 2376; x_wconf 83' lang='lat' dir='ltr'>explicante</span> <span class='ocrx_word' id='word_1_239' title='bbox 532 2323 728 2364; x_wconf 79' lang='lat' dir='ltr'>Passovio</span> <span class='ocrx_word' id='word_1_240' title='bbox 762 2324 807 2362; x_wconf 86' lang='lat' dir='ltr'>in</span> <span class='ocrx_word' id='word_1_241' title='bbox 848 2322 1031 2363; x_wconf 84' lang='lat' dir='ltr'>Censura</span> <span class='ocrx_word' id='word_1_242' title='bbox 1068 2322 1231 2362; x_wconf 79' lang='lat' dir='ltr'>laudata</span> <span class='ocrx_word' id='word_1_243' title='bbox 1272 2331 1311 2362; x_wconf 81' lang='lat' dir='ltr'>et</span> <span class='ocrx_word' id='word_1_244' title='bbox 1344 2323 1388 2362; x_wconf 89' lang='lat' dir='ltr'>in</span> <span class='ocrx_word' id='word_1_245' title='bbox 1422 2321 1614 2362; x_wconf 86' lang='lat' dir='ltr'>Seebodii</span> 
     </span>
     <span class='ocr_line' id='line_1_30' title="bbox 266 2398 1612 2448; baseline -0.003 -7"><span class='ocrx_word' id='word_1_246' title='bbox 266 2403 429 2441; x_wconf 84' lang='lat' dir='ltr'>llorreo</span> <span class='ocrx_word' id='word_1_247' title='bbox 467 2400 588 2439; x_wconf 86' lang='lat' dir='ltr'>Delia</span> <span class='ocrx_word' id='word_1_248' title='bbox 627 2408 666 2439; x_wconf 81' lang='lat' dir='ltr'>et</span> <span class='ocrx_word' id='word_1_249' title='bbox 703 2400 865 2440; x_wconf 86' lang='lat' dir='ltr'>Neaera</span> <span class='ocrx_word' id='word_1_250' title='bbox 903 2400 1120 2440; x_wconf 80' lang='lat' dir='ltr'>manifesto</span> <span class='ocrx_word' id='word_1_251' title='bbox 1163 2398 1346 2440; x_wconf 83' lang='lat' dir='ltr'>diversae</span> <span class='ocrx_word' id='word_1_252' title='bbox 1389 2407 1503 2448; x_wconf 77' lang='lat' dir='ltr'>sunt,</span> <span class='ocrx_word' id='word_1_253' title='bbox 1539 2413 1612 2438; x_wconf 90' lang='lat' dir='ltr'>nee</span> 
     </span>
     <span class='ocr_line' id='line_1_31' title="bbox 269 2476 1612 2529; baseline -0.004 -10"><span class='ocrx_word' id='word_1_254' title='bbox 269 2478 411 2519; x_wconf 87' lang='lat' dir='ltr'>eodem</span> <span class='ocrx_word' id='word_1_255' title='bbox 443 2479 533 2518; x_wconf 87' lang='lat' dir='ltr'>loco</span> <span class='ocrx_word' id='word_1_256' title='bbox 568 2487 698 2527; x_wconf 63' lang='lat' dir='ltr'>natae&gt;</span> <span class='ocrx_word' id='word_1_257' title='bbox 727 2479 854 2518; x_wconf 81' lang='lat' dir='ltr'>altera</span> <span class='ocrx_word' id='word_1_258' title='bbox 880 2491 1000 2526; x_wconf 76' lang='lat' dir='ltr'>uxor,</span> <span class='ocrx_word' id='word_1_259' title='bbox 1030 2478 1156 2517; x_wconf 84' lang='lat' dir='ltr'>altera</span> <span class='ocrx_word' id='word_1_260' title='bbox 1188 2490 1265 2529; x_wconf 89' lang='lat' dir='ltr'>pro</span> <span class='ocrx_word' id='word_1_261' title='bbox 1297 2489 1426 2516; x_wconf 81' lang='lat' dir='ltr'>uxore</span> <span class='ocrx_word' id='word_1_262' title='bbox 1460 2476 1612 2524; x_wconf 78' lang='lat' dir='ltr'>sutura,</span> 
     </span>
     <span class='ocr_line' id='line_1_32' title="bbox 268 2551 1612 2608; baseline -0.003 -12"><span class='ocrx_word' id='word_1_263' title='bbox 268 2558 301 2595; x_wconf 80' lang='lat' dir='ltr'>si</span> <span class='ocrx_word' id='word_1_264' title='bbox 331 2556 409 2596; x_wconf 81' lang='lat' dir='ltr'>lida</span> <span class='ocrx_word' id='word_1_265' title='bbox 442 2555 674 2603; x_wconf 75' lang='lat' dir='ltr'>mansisset,</span> <span class='ocrx_word' id='word_1_266' title='bbox 720 2570 791 2595; x_wconf 87' lang='lat' dir='ltr'>nee</span> <span class='ocrx_word' id='word_1_267' title='bbox 824 2554 1000 2608; x_wconf 85' lang='lat' dir='ltr'>denique</span> <span class='ocrx_word' id='word_1_268' title='bbox 1031 2569 1182 2595; x_wconf 84' lang='lat' dir='ltr'>nomen</span> <span class='ocrx_word' id='word_1_269' title='bbox 1220 2554 1404 2593; x_wconf 80' lang='lat' dir='ltr'>Neaerae</span> <span class='ocrx_word' id='word_1_270' title='bbox 1442 2551 1612 2593; x_wconf 87' lang='lat' dir='ltr'>eandem</span> 
     </span>
    </p>
   </div>
   <div class='ocr_carea' id='block_1_3' title="bbox 269 2628 1610 2683">
    <p class='ocr_par' dir='ltr' id='par_1_3' title="bbox 269 2628 1610 2683">
     <span class='ocr_line' id='line_1_33' title="bbox 269 2628 1610 2683; baseline -0.002 -12"><span class='ocrx_word' id='word_1_271' title='bbox 269 2634 389 2671; x_wconf 78' lang='lat' dir='ltr'>habet</span> <span class='ocrx_word' id='word_1_272' title='bbox 432 2632 680 2683; x_wconf 65' lang='lat' dir='ltr'>syllabarum</span> <span class='ocrx_word' id='word_1_273' title='bbox 714 2632 933 2670; x_wconf 81' lang='lat' dir='ltr'>rationem.</span> <span class='ocrx_word' id='word_1_274' title='bbox 980 2643 1102 2682; x_wconf 85' lang='lat' dir='ltr'>quam</span> <span class='ocrx_word' id='word_1_275' title='bbox 1141 2628 1282 2668; x_wconf 82' lang='lat' dir='ltr'>Deliae</span> <span class='ocrx_word' id='word_1_276' title='bbox 1325 2636 1391 2667; x_wconf 85' lang='lat' dir='ltr'>aut</span> <span class='ocrx_word' id='word_1_277' title='bbox 1432 2628 1610 2668; x_wconf 76' lang='lat' dir='ltr'>Plantae.</span> 
     </span>
    </p>
   </div>
  </div>
 </body>
</html>
