1721 2953
489 113 729 160 TIBULLI
775 114 885 160 LIB.
914 115 990 162 Ill.
1016 124 1050 162 6.
1379 120 1441 165 75

101 238 252 285 45Nee
287 255 363 285 vos
400 248 476 284 aut
511 236 690 301 capiant
723 238 964 302 pendentia
994 239 1180 287 brachia
1216 239 1329 287 collo

217 323 308 369 Aut
340 322 464 369 fallat
498 322 666 369 blanda
699 324 884 370 sordida
919 324 1073 388 lingua
1101 344 1245 391 prece.

151 408 245 453 Etsi
282 426 450 472 perque
482 426 586 454 suos
626 407 759 455 fallax
794 409 956 456 iuravit
988 411 1151 457 ocellos

206 493 516 558 Iunonemque
553 513 678 540 suam
715 513 884 559 perque
917 515 1043 542 suam
1079 500 1325 553 Venerem,

158 577 292 624 Nulla
323 577 436 625 fides
472 579 626 626 inerit:
673 580 870 644 periuria
908 581 1024 628 ridet
1059 595 1284 630 amantum

99 674 146 708 50
225 664 428 729 Iuppiter
464 676 504 712 et
535 677 688 712 ventos
724 666 850 713 irrita
886 667 1002 714 ferre
1038 667 1172 714 iubet.

153 749 275 812 Ergo
309 749 419 814 quid
454 751 614 797 totiens
650 750 820 798 fallacis
852 753 987 799 verba
1017 753 1192 817 puellae

228 835 521 899 Conqueror?
552 836 609 883 ite
640 855 662 883 a
699 856 798 896 me⁷
841 838 956 884 seria
990 838 1152 895 verba,
1197 838 1368 903 procul.

157 919 306 982 Quam
342 921 497 969 vellem
531 934 675 969 tecum
711 922 870 986 longas
906 924 1184 988 requiescere
1217 935 1369 971 noctes

209 1006 266 1052 Et
300 1018 446 1054 tecum
479 1007 640 1071 longos
677 1009 944 1074 pervigilare
981 1009 1101 1068 dies⁷

102 1090 341 1138 55Perf1da
376 1111 458 1139 nee
494 1094 653 1140 merito
688 1094 821 1141 nobis
858 1095 1040 1142 inimica
1077 1095 1288 1151 merenti,

221 1175 422 1235 Perfida,
463 1178 565 1236 sed⁷
608 1179 808 1244 quamvis
844 1179 1044 1244 perfida,
1093 1198 1195 1227 cara
1228 1182 1399 1226 tamen!

153 1262 300 1309 Naida
335 1263 542 1310 Bacchus
578 1276 718 1311 amat:
764 1283 934 1322 cessas,
980 1284 1005 1311 ο
1041 1265 1156 1311 lente
1192 1267 1425 1313 minister?

218 1348 455 1411 Temperet
487 1367 708 1395 annosum
744 1350 915 1396 Mareia
952 1349 1137 1417 lympha
1174 1370 1358 1398 merum.

147 1433 251 1480 Non
288 1452 395 1497 ego,
444 1434 481 1480 si
515 1434 660 1498 fugiat
694 1447 872 1482 nostrae
911 1436 1110 1483 convivia
1146 1456 1326 1485 mensae

101 1529 147 1563 60
224 1520 434 1582 Ignotum
467 1520 651 1585 cupiens
687 1541 802 1568 vana
837 1521 985 1587 puella
1018 1534 1191 1581 torum,

150 1604 375 1652 Sollicitus
410 1618 608 1671 repetam
642 1619 731 1653 tota
767 1608 961 1672 suspiria
996 1620 1139 1655 nocte.

226 1691 297 1735 Tu
325 1709 462 1754 puer,
507 1691 546 1747 i,
588 1691 810 1756 liquidum
843 1692 1003 1739 fortius
1043 1693 1158 1738 adde
1194 1712 1379 1739 merum.

152 1777 246 1821 Iam
284 1775 457 1822 dudum
492 1776 624 1843 Syrio
660 1777 937 1823 madefactus
974 1789 1176 1843 tempora
1211 1779 1356 1825 nardo

222 1862 478 1909 Debueram
512 1863 637 1909 sertis
675 1863 946 1928 implicuisse
985 1882 1149 1910 eomas.

194 1986 235 2019 V.
253 1988 308 2020 47.
342 1987 456 2029 Vulgo
490 1986 622 2019 iurarit
652 1987 694 2020 de
727 1989 922 2021 coniectura
951 1988 1146 2022 FRUTERII.
1198 1988 1345 2025 Quidam
1378 1989 1453 2022 libri

100 2048 253 2092 iurabit,
290 2052 485 2085 nominatim
512 2053 714 2086 Pamsmns.
765 2054 834 2086 Sed
861 2064 976 2087 verum
1010 2055 1106 2088 iura
1134 2055 1199 2088 vit
1231 2054 1323 2098 quod
1349 2055 1454 2088 ceteri

101 2126 218 2148 omnes
251 2115 386 2148 habent.

197 2181 238 2214 V.
257 2183 313 2213 52.
348 2181 494 2214 Codices
529 2182 600 2215 fere
632 2195 775 2226 precor,
813 2185 914 2217 etiam
948 2185 1121 2230 Excerpta
1154 2187 1320 2219 Fmsnw.
1380 2187 1450 2219 Sed

102 2246 262 2288 procul
295 2247 463 2281 Puccms.
524 2247 693 2281 Consusae
728 2260 828 2282 voces
866 2251 967 2283 etiam
1002 2252 1053 2292 11,
1080 2254 1120 2292 1,
1146 2254 1203 2284 82.
1227 2270 1274 2276 —
1333 2252 1372 2285 V.
1392 2254 1449 2285 53.

103 2311 218 2353 Vulgo
252 2310 377 2357 longas
403 2318 515 2344 tecum
543 2323 586 2345 ex
612 2314 714 2346 Anno
744 2317 845 2348 1515.
865 2334 910 2339 —
959 2317 1002 2350 V.
1017 2319 1074 2350 55.
1103 2316 1289 2349 inimica
1321 2318 1451 2360 optimi,

103 2379 208 2410 recte.
257 2387 319 2407 nec
347 2376 460 2407 amica
490 2377 691 2411 Rsscfflivsxs
720 2379 873 2422 aliaeque
906 2384 1049 2415 veteres,
1092 2381 1191 2415 Conf.
1216 2382 1379 2416 Husclnc.

199 2440 239 2473 V.
255 2443 310 2474 62.
336 2442 492 2474 Puccws
519 2443 604 2475 male
630 2444 669 2478 I,
699 2443 859 2486 quidquid
882 2444 972 2478 dicat
991 2446 1210 2480 Huscnxms.
1259 2448 1452 2480 Pronomen

106 2505 136 2537 T
148 2515 178 2545 u7
204 2507 292 2548 quod
316 2517 432 2540 omnes
455 2506 589 2549 habent,
616 2511 852 2542 necessarium.
894 2511 974 2543 Mox
999 2510 1106 2545 iCm.
1135 2522 1214 2545 vn'r.
1259 2513 1322 2545 Alii
1337 2519 1382 2553 et,
1408 2524 1454 2545 es.

587 2596 993 2614 rw—
