1721 2953
309 553 762 627 ALBII
872 560 1551 632 TIBULLI

451 692 800 743 LIBER
878 696 1399 746 TERTIUS.

702 997 1045 1038 ELEGIA
1112 1001 1146 1039 Ι.

303 1052 508 1162 Biantis
544 1117 740 1166 Romani
772 1121 909 1167 festae
945 1140 1104 1168 venere
1140 1120 1356 1169 kalendae

370 1200 616 1265 (Exorieus
653 1206 818 1254 nostris
855 1206 929 1255 hic
964 1207 1050 1255 fuit
1085 1226 1231 1255 annus
1264 1208 1415 1267 avis),

341 1349 596 1391 „VmcEN'rms
621 1355 918 1392 Rumonem-sm
943 1370 1175 1403 quoscumque
1202 1370 1320 1393 versus
1357 1369 1400 1392 ex
1425 1357 1488 1392 hoc
1513 1357 1600 1391 libro

247 1413 373 1454 petitos
398 1416 517 1459 affert,
545 1419 631 1453 libro
657 1412 807 1456 secundo
832 1423 973 1456 Tibullii
996 1425 1145 1458 ascribit.
1196 1425 1283 1458 ‘Hic
1308 1424 1394 1457 liber
1417 1424 1598 1466 inscriptus

246 1476 365 1519 [inimo
390 1481 558 1526 scriptus]
593 1485 728 1519 videtur
759 1487 929 1529 Lygdami
964 1491 1118 1531 nomine,
1155 1490 1213 1532 qui
1246 1489 1381 1522 amabat
1414 1488 1596 1521 Neaeram.

245 1544 372 1587 alioqui
398 1548 524 1581 amicas
549 1549 677 1584 Tibulli
712 1553 802 1585 solas
829 1553 933 1597 duas,
968 1554 1103 1587 Deliam
1138 1559 1173 1587 et
1209 1554 1403 1595 Nemesim,
1442 1553 1598 1595 agiiosscit

245 1610 407 1645 Ovidius'
431 1614 601 1649 Pucch.
660 1617 757 1651 Haec
783 1621 930 1652 carmina
965 1621 1021 1663 qui
1056 1621 1230 1653 Tibullum
1264 1620 1435 1663 Lygdami
1461 1620 1597 1652 nomine

243 1679 476 1720 composuisse
511 1688 670 1725 censent,
715 1685 776 1718 sed
811 1686 1064 1720 adolescentem
1105 1688 1250 1721 necdum
1286 1688 1329 1720 ad
1362 1699 1456 1729 eam,
1495 1698 1597 1730 quam

243 1741 330 1774 libro
367 1745 476 1786 primo
509 1748 675 1791 ostendit,
712 1750 871 1784 virtutem
906 1752 1057 1793 enisum,
1093 1763 1152 1785 eos
1184 1751 1262 1786 huic
1288 1757 1411 1796 poetae
1437 1753 1594 1785 iniuriam

242 1808 356 1843 facere
384 1812 562 1855 existimo,
600 1826 719 1858 quem,
753 1822 831 1851 ante
857 1829 981 1851 anuum
1007 1820 1049 1852 ab
1075 1830 1108 1853 u.
1135 1831 1164 1853 c.
1192 1822 1273 1853 723.
1312 1820 1364 1862 (iu
1390 1818 1478 1853 hune
1504 1820 1593 1853 enim

241 1878 375 1917 partem
401 1877 476 1910 libri
502 1880 600 1922 primi
626 1881 838 1916 referendam
864 1894 939 1917 esse
971 1886 1122 1927 constat)
1149 1886 1374 1926 scribentem,
1413 1886 1512 1918 nimis
1539 1886 1593 1918 in·-

241 1944 323 1983 epto
348 1943 490 1975 consilio
517 1946 674 1978 maritum
700 1946 856 1981 Neaerae
882 1953 996 1982 natum
1023 1951 1161 1983 finxisse
1188 1951 1292 1983 velint
1318 1950 1397 1983 belli
1418 1952 1592 1984 Mutinen-

240 2005 288 2038 sis
312 2010 464 2050 tempore
491 2009 551 2051 (5,
580 2011 663 2053 18),
689 2011 752 2045 lioc
779 2018 831 2046 est
856 2018 927 2047 tum
957 2015 999 2047 ad
1025 2026 1190 2048 summum
1217 2016 1461 2049 undecennem.
1483 2018 1592 2050 multo

241 2071 292 2105 his
319 2074 445 2107 rectius
472 2075 641 2118 iudicant,
674 2078 730 2120 qui
756 2077 840 2112 llaec
864 2081 1010 2113 carmina
1038 2091 1103 2113 non
1129 2080 1268 2114 Tibullo
1296 2082 1355 2123 sed
1385 2083 1439 2115 alii
1466 2086 1590 2125 poetae

241 2139 424 2174 ascribunt.
458 2141 488 2173 ei
516 2142 739 2186 Lygdammn
776 2148 810 2176 et
846 2145 955 2178 amico
987 2145 1115 2178 Tibulli
1153 2145 1351 2178 Cerinthum
1384 2158 1504 2181 nomen
1538 2148 1593 2181 fe·-

240 2205 328 2238 cisse
361 2210 443 2249 puto
478 2208 533 2249 qui
568 2206 656 2241 huuc
689 2209 811 2242 librum
845 2221 922 2244 cum
957 2212 1108 2245 secundo
1142 2216 1176 2245 et
1202 2217 1322 2255 quarto
1348 2214 1473 2256 edidit,
1511 2218 1589 2258 post

241 2270 369 2303 obitum
395 2271 541 2314 Tibulli,
575 2274 639 2306 nisi
668 2274 782 2308 fallor:
824 2280 916 2309 certe
942 2277 1083 2310 Ovidius
1109 2288 1218 2321 neque
1241 2279 1272 2311 in
1299 2279 1452 2322 epistolis
1477 2289 1586 2321 neque

240 2336 273 2368 iu
312 2336 466 2379 epicedio
503 2336 629 2371 Tibulli
665 2349 708 2372 ex
742 2341 790 2372 eis
826 2341 1004 2384 quicquam
1047 2342 1196 2376 imitatus
1233 2348 1303 2385 est,
1345 2343 1435 2386 quod
1475 2347 1586 2376 tamen

240 2405 359 2444 postea
385 2412 486 2444 saepe
513 2402 600 2435 feeit.
640 2404 699 2437 sed
727 2404 780 2437 liic
807 2406 1027 2448 Lygdamus,
1055 2409 1207 2450 quisquis
1233 2408 1313 2449 fuit,
1353 2409 1384 2441 in
1410 2418 1472 2441 usu
1499 2419 1586 2451 quo-

239 2466 379 2499 rundam
406 2467 645 2501 vocabulorum
673 2481 692 2502 a
721 2470 858 2504 Tibullo
885 2475 1037 2506 secessit.
1074 2474 1146 2505 eius
1173 2473 1262 2506 modi
1289 2477 1357 2514 est,
1384 2474 1472 2515 quod
1499 2475 1586 2507 alter

241 2542 259 2561 0
283 2538 401 2574 pereat
430 2532 533 2573 (lixit,
559 2533 644 2565 aller
670 2534 714 2564 ull
737 2544 880 2578 pereat,
906 2536 958 2569 liic
989 2539 1152 2580 particula
1177 2543 1296 2568 malem
1320 2539 1446 2579 utitur,
1472 2550 1490 2571 a
1517 2551 1583 2582 qua

240 2597 295 2629 ille
321 2596 466 2629 abstinet
492 2595 591 2638 (llaec
621 2598 708 2630 enim
739 2599 945 2633 {fiscum-s
974 2613 1005 2644 p.
1034 2605 1101 2634 335
1129 2606 1161 2634 et
1190 2602 1332 2634 Vos.st
1367 2615 1398 2646 p.
1425 2606 1492 2637 475
1520 2604 1582 2637 ob-
