1721 2953
516 131 660 175 LlBR.
688 132 741 172 ΙΙ.
797 130 959 172 ELEG.
989 133 1061 174 ΠΙ.
1381 139 1462 175 253

117 261 262 294 nequam
289 253 390 291 esset,
419 258 522 291 saepe
548 245 735 280 redhibitus
761 248 795 278 et
821 245 975 279 venditus
1001 251 1063 289 est,
1088 251 1126 280 ut
1152 247 1237 281 bene
1262 247 1347 281 vidit
1371 249 1462 282 Sex-

116 328 241 351 LIGER.
291 317 403 358 Atque
428 314 517 347 idem
543 311 596 345 hic
622 315 743 355 postea
767 311 959 344 libertatem
984 316 1103 346 nactus
1128 313 1280 346 militiam
1305 314 1458 357 capessi-

116 389 229 425 verat,
257 388 291 417 et
316 393 359 415 ex
384 380 509 425 praeda
535 379 656 423 opibus
690 378 838 422 paratis,
873 389 960 411 nunc
985 389 1088 422 agros
1122 384 1157 413 et
1181 380 1278 413 villas
1302 381 1460 423 posside-

114 452 183 485 bat.
210 468 254 477 —
294 451 475 483 Postremo
500 447 542 481 ad
567 451 676 480 totum
702 444 871 479 distichon
896 446 1082 480 Smmerm
1107 447 1331 491 fragmentum
1359 449 1437 481 Am

114 527 291 550 cnssoiwrs
315 521 490 560 comparat
514 525 569 558 ap.
593 515 738 547 ATHEN-
762 512 842 554 XII,
869 524 901 556 p.
925 516 1005 546 533.
1033 514 1073 546 F.
1098 532 1143 538 —

206 584 247 616 V.
273 585 414 616 61—78.
473 580 666 614 Medium
700 590 891 613 carmen.
949 581 1057 614 Pars
1093 582 1247 615 tertia.
1294 581 1459 626 Exagi-

112 653 206 683 tata
239 649 419 682 luxuria
455 647 660 681 Nemesis
693 646 775 678 iam
811 645 993 679 deorum
1026 648 1276 689 agrestium
1301 649 1458 691 copias

113 716 290 748 rurales
316 717 521 755 accusat,
548 716 591 746 et
615 712 816 756 periisse
840 711 985 753 malit,
1010 722 1120 754 quae
1145 723 1259 746 nunc
1286 714 1459 747 allexe-

112 785 213 814 runt
245 781 460 824 puellam‚
494 782 536 812 et
567 782 727 812 contra
760 777 917 810 laudat
942 778 1083 821 prisci
1115 781 1211 812 aevi
1238 780 1459 823 simplici-

112 850 269 888 tatem,
304 846 379 879 ubi
415 845 659 888 glandibus
695 848 738 878 et
774 854 887 887 aqua
924 846 1134 878 contenti
1175 844 1377 881 homines
1416 848 1458 881 in

110 915 230 947 valle
276 913 484 946 umbrosa
531 912 678 946 libere
724 912 887 945 amoris
933 911 1114 954 gaudiis
1164 912 1457 955 fruebantur,

111 982 235 1015 nullo
271 980 482 1022 custode,
517 981 643 1013 nulla
677 980 811 1012 ianua
846 979 1121 1013 excludente
1156 984 1382 1014 amantem.

203 1049 245 1081 V.
266 1052 308 1082 61
336 1060 387 1091 sq.
437 1048 489 1080 At
514 1047 598 1080 tibi
632 1047 740 1079 dura
767 1046 916 1080 Ceres.
966 1046 1145 1079 Transitus
1170 1047 1300 1087 clarus,
1337 1047 1457 1079 lacuna

108 1112 161 1146 hic
185 1114 285 1146 nulla.
333 1113 445 1146 Etiam
471 1112 516 1145 dii
542 1116 697 1154 agrestes
721 1111 881 1144 adiuvant
905 1112 1032 1144 saeculi
1058 1111 1211 1145 hodierni
1232 1122 1343 1144 mores
1368 1112 1456 1144 alla-

106 1182 149 1214 tis
174 1181 326 1214 lautioris
351 1181 440 1214 vitae
466 1180 638 1213 subsidiis.
686 1180 736 1212 Ac
761 1190 849 1212 nuuc
875 1179 1046 1212 Nemesim
1072 1179 1304 1220 abduxerunt,
1337 1183 1375 1212 ut
1401 1179 1454 1212 di-

106 1247 207 1279 vitem
234 1246 468 1290 praedatorem
493 1247 526 1278 in
555 1256 611 1278 rus
635 1248 847 1287 sequeretur.
897 1245 988 1277 Dicit
1020 1245 1144 1287 igitur:
1186 1246 1291 1279 Vobis
1324 1249 1449 1285 autem,

106 1312 164 1354 qui
189 1322 264 1343 curn
290 1321 399 1343 messe
425 1314 536 1343 vestra
563 1310 709 1342 maxime
735 1313 894 1341 auctores
920 1311 1001 1342 estis
1027 1309 1124 1342 huius
1151 1311 1337 1351 discessus,
1372 1321 1454 1354 per-

107 1380 186 1409 eant
216 1376 301 1409 istae
332 1375 465 1418 copiae.
514 1375 593 1407 Vox
622 1375 720 1405 Ceres
746 1376 798 1406 est
823 1373 1013 1406 emendatio
1039 1374 1190 1408 HEINsn
1217 1386 1266 1419 pr.
1292 1381 1455 1420 corrupto

104 1453 212 1486 seges.
263 1440 367 1474 Addit
385 1440 564 1474 Venulus:
590 1437 800 1482 „Epitheton
822 1438 913 1471 dura
933 1449 1136 1482 quamquam
1158 1439 1221 1473 hoc
1246 1442 1321 1473 loco
1345 1441 1455 1483 signi-

105 1509 185 1541 ficat
211 1505 382 1542 crudelis,
420 1509 622 1549 perpetuum
655 1515 731 1538 esse
764 1508 889 1548 potest.
940 1505 1045 1538 Ceres
1074 1506 1161 1538 enim
1188 1516 1324 1549 semper
1350 1517 1453 1539 occu-

104 1579 183 1618 pata
216 1575 249 1607 in
283 1583 387 1617 opere
413 1573 538 1605 rustico
565 1567 744 1603 dura‘dea
779 1574 830 1602 est
865 1574 898 1602 et
930 1570 1110 1605 laboriosa.
1160 1572 1313 1615 Opponit
1339 1576 1452 1604 autem

103 1644 206 1684 poeta
241 1639 346 1672 durae
380 1637 497 1669 Cereri
532 1635 702 1668 Bacchum
737 1635 926 1667 tenerum.“
983 1636 1124 1668 Minime
1146 1647 1247 1677 vero,
1284 1648 1358 1669 nam
1387 1648 1450 1670 nec

103 1706 168 1739 dici
201 1706 289 1738 solet
325 1704 493 1737 laboriosa
529 1702 634 1735 Ceres
669 1713 732 1734 nec
765 1706 882 1744 aptum
919 1705 971 1735 est
1006 1703 1074 1734 tale
1109 1701 1282 1745 epitheton
1319 1704 1351 1735 in
1386 1703 1451 1736 hoc

103 1771 230 1803 affectu
253 1769 415 1811 elegiaco.
463 1767 572 1809 Igitur
598 1767 690 1810 prius
714 1771 802 1799 tene.
821 1786 866 1792 —
892 1766 1017 1799 nulla
1046 1766 1160 1809 fide,
1187 1779 1253 1801 non
1280 1770 1452 1811 persoliat

102 1847 179 1870 cum
204 1835 280 1868 fide.
331 1833 465 1877 Accipit
495 1843 575 1865 vero
609 1836 699 1865 terra
733 1842 870 1873 semen,
909 1835 948 1864 ut
982 1843 1058 1865 cum
1094 1834 1202 1865 usuris
1228 1834 1347 1866 reddat
1373 1845 1449 1868 sor-

102 1908 193 1943 tem,
231 1901 407 1934 notissimo
442 1910 568 1942 genere
595 1898 739 1931 dicendi.
792 1897 912 1930 Tellus
938 1898 1052 1941 infida
1080 1898 1217 1932 anm.
1243 1898 1394 1932 Pharsal.
1423 1900 1449 1941 I,

101 1970 181 2001 647.
213 1967 346 2000 dicitur.
397 1965 482 1998 Add.
508 1965 593 1997 infra
617 1963 661 2004 ΙΙ,
687 1967 719 2005 6,
744 1965 800 1996 22.
850 1963 1172 1997 Wuwnssnmcnms
1199 1965 1331 1998 confert
1356 1967 1445 1999 Plin.

99 2033 144 2075 Il,
170 2036 233 2066 63:
270 2033 385 2076 Quam
419 2030 508 2063 bona
532 2031 610 2074 fide
636 2037 733 2063 terra
760 2029 931 2063 creditum
956 2030 1091 2075 foenus
1127 2031 1267 2064 reddit!
1289 2051 1336 2057 ——-
1375 2034 1450 2066 Re-

100 2103 191 2133 stant
215 2099 334 2132 verba:
373 2097 596 2131 Nemesim
631 2108 741 2140 qnae
775 2097 964 2130 abducis
991 2097 1041 2129 ab
1067 2097 1186 2130 urbe.
1236 2098 1329 2131 Male
1355 2099 1449 2131 Vosu

100 2175 174 2198 sms
200 2175 243 2198 ex
267 2164 363 2197 malis
389 2163 487 2196 codd.
514 2173 690 2196 nervosam
725 2163 947 2196 locutionem:
987 2160 1134 2194 abducis
1162 2161 1207 2193 ab
1233 2161 1316 2195 urbe
1342 2163 1446 2206 fregit

99 2233 324 2265 substituens:
359 2231 455 2264 ducis
487 2231 528 2263 ab
563 2231 657 2263 urbe.
707 2230 887 2263 Refntavit
918 2231 1020 2262 etiam
1047 2230 1272 2264 Hnscnxms.
1323 2231 1449 2275 Impri-

99 2299 162 2331 mis
195 2308 275 2330 vero
309 2296 487 2329 illustravit
522 2307 618 2329 usum
645 2297 737 2329 verbi
762 2297 954 2328 DRAKENB.
981 2295 1023 2328 ad
1048 2295 1123 2328 Liv.
1150 2296 1297 2338 XXVII,
1324 2299 1381 2329 29.
1413 2301 1448 2330 et

99 2364 276 2397 Hssmsms
302 2364 334 2395 in
359 2363 492 2403 Syllog.
525 2361 568 2395 T.
594 2361 637 2403 ΙΙ,
664 2373 697 2404 p.
724 2363 804 2394 349.
853 2361 947 2393 Inest
973 2371 1061 2394 nunc
1087 2360 1168 2394 hoe:
1205 2372 1291 2404 quae
1320 2362 1447 2395 Neme-

99 2429 160 2461 sim
187 2428 264 2461 mihi
290 2428 404 2471 eripis.
453 2428 563 2460 Porro
590 2437 703 2460 errare
738 2425 881 2459 eundem
916 2426 1153 2468 manifestum,
1187 2428 1244 2470 qui
1272 2427 1447 2460 Nemesim

98 2493 133 2525 in
158 2495 264 2526 altera
290 2497 386 2536 parte
411 2492 555 2534 Augusti
587 2492 618 2524 in
654 2501 710 2524 rus
737 2492 868 2524 venisse
902 2495 1054 2524 statuens
1082 2493 1253 2526 semina
1279 2494 1448 2536 intelligat

100 2559 247 2591 instante
272 2563 453 2592 auctumno
480 2558 675 2600 condenda3
702 2558 884 2602 permirum
912 2558 1000 2591 enim
1026 2558 1088 2600 sit,
1116 2559 1143 2591 si
1171 2559 1276 2591 Ceres
1302 2560 1449 2602 puellam

99 2629 137 2658 ut
162 2626 305 2659 sementi
329 2626 521 2668 interesset,
547 2622 728 2660 abdux'erit
754 2627 786 2660 in
813 2635 881 2659 rus.
905 2644 950 2650 —-
975 2626 1156 2659 Postremo
1186 2626 1228 2660 de
1253 2626 1318 2660 alia
1345 2626 1450 2660 totius
