1721 2953
499 195 643 234 LIBR.
672 195 743 233 111.
806 195 962 234 ELEG.
993 197 1066 236 VI.
1357 203 1436 237 :⁷373

99 309 267 343 obnoxius
301 309 437 343 dolores
472 311 543 343 eins
569 310 703 344 sensisti
729 313 764 343 et
790 310 894 344 sentis
921 321 1046 354 eosque
1074 312 1200 356 pariter
1225 312 1301 344 vino
1327 311 1437 345 diluis.

97 374 266 407 Obsecrat
289 375 394 417 igitur
417 386 493 408 eum
518 386 578 419 per
602 376 727 408 similes
753 384 883 417 sensus,
909 377 1049 410 similem
1076 377 1254 417 fortunam,
1282 381 1318 409 ut
1340 377 1436 409 Pno-

97 449 202 471 1’1311'1'.
228 439 289 480 ΙΙΙ,
318 442 372 480 17,
401 442 422 471 5
449 451 521 482 sqq.
556 440 599 473 de
626 438 782 473 Baccho:
820 441 889 471 Per
915 445 948 472 te
973 441 1195 486 iunguntur,
1215 454 1279 485 pet·
1306 448 1339 473 te
1365 440 1436 473 sol-

99 509 230 535 vuntur
261 510 444 540 «uiantes,
483 507 534 537 Tu
570 505 695 537 vilium
721 517 763 536 ex
789 504 902 537 (mimo
936 505 1029 538 dilue
1065 508 1203 538 Bacche
1239 518 1321 538 meo.
1389 508 1435 537 'J'e

94 579 230 613 quoque
255 568 345 600 euim
371 582 438 602 non
463 581 534 602 esse
562 569 683 601 rudem
709 575 868 602 {eslalur
895 570 931 601 in
957 571 1065 603 astris
1093 570 1272 615 Lyncibus
1296 571 1332 602 in
1358 581 1436 602 cae-

97 633 170 664 lum
197 640 297 666 recta
322 635 488 667 Ariadna
516 636 611 673 tuis,
648 636 678 670 li.
705 647 734 670 e.
770 641 805 670 tu
840 638 912 680 ipse
938 638 1036 670 etiam
1063 648 1209 670 amorem
1237 637 1335 670 nosti.
1386 639 1436 670 Ac

94 708 180 731 nunc
205 699 340 741 quidem
366 706 497 744 errant,
534 703 590 745 qui
624 703 666 736 ad
697 704 789 736 solos
823 703 954 746 priores
988 714 1122 736 amores
1153 703 1206 737 dei
1239 707 1434 746 provocant,

92 774 168 797 cuni
210 766 408 808 Lygdamus
446 767 489 800 de
533 768 702 811 praesenti
743 771 897 811 tempore
936 768 1101 809 loquatur.
1170 768 1301 811 Nempe
1344 771 1434 800 amat

96 829 250 863 Bacchus
276 832 468 865 etiamnunc
493 836 528 865 et
554 833 642 865 curis
669 834 793 866 amoris
820 833 1035 867 conflictatur
1060 838 1096 866 ut
1123 835 1223 875 olim;
1250 844 1325 866 nam
1353 843 1432 876 per-

92 902 214 940 petuus
238 899 303 932 vini
327 900 439 932 socius
463 910 568 933 amor.
619 901 779 933 Ceterum
807 901 968 934 librorum
1004 902 1105 934 lectio
1133 899 1333 932 medicando
1364 910 1431 932 nou

89 963 196 996 solum
224 969 341 997 contra
368 969 510 998 metrum
538 972 611 1008 est,
637 977 714 999 cum
740 977 825 999 aevo
852 968 1000 1009 Augusti
1027 967 1197 1009 incognita
1223 966 1323 998 fuerit
1349 964 1431 998 haee

87 1031 270 1074 correptio,
295 1031 373 1064 vide
396 1042 482 1074 quos
506 1032 644 1065 laudant
669 1033 842 1066 HssYmus
875 1037 910 1066 et
933 1033 1106 1074 Eremos,
1135 1033 1194 1065 sed
1222 1033 1320 1065 etiam
1347 1041 1432 1065 con-

88 1098 140 1128 tra
165 1107 320 1139 sensum,
356 1108 433 1131 cum
458 1099 561 1131 verba
586 1098 659 1142 ipse
680 1099 820 1143 pariter
845 1100 895 1134 sie
928 1099 1091 1143 explicari
1124 1110 1189 1132 non
1216 1099 1355 1142 possint.
1381 1116 1428 1123 —

89 1164 138 1196 Ad
175 1165 276 1197 verba
310 1165 485 1198 cecidit
520 1176 641 1198 amor
675 1166 994 1200 Wuxnssnmcmus
1029 1177 1104 1200 cum
1131 1166 1359 1198 Liminis-xo
1386 1165 1428 1197 ad

90 1229 243 1272 Propert.
270 1241 303 1273 p.
328 1232 384 1262 52.
419 1230 552 1263 confert
577 1231 740 1265 CATULL.
765 1231 826 1272 XI,
852 1234 913 1264 21:
954 1232 1026 1263 Nec
1051 1244 1160 1263 meum
1187 1237 1360 1274 respectat
1386 1236 1427 1261 ut

86 1301 169 1326 ante
206 1307 375 1330 amorem,
424 1295 494 1339 Qui
533 1295 631 1328 illius
667 1295 773 1340 culpa
814 1296 950 1328 cecidit.
1008 1297 1101 1330 Idem
1140 1303 1252 1330 mouet
1293 1297 1426 1339 saepius

86 1362 195 1392 iuncta
234 1371 286 1394 vv.
321 1360 437 1392 victus
475 1360 589 1395 cadit,
626 1364 663 1392 ut
698 1361 837 1394 Vnam.
862 1361 993 1394 FLAcc.
1019 1362 1046 1402 Ι,
1072 1365 1152 1394 300.
1214 1361 1426 1394 Sententiam

81 1429 268 1461 Pnopssm.
294 1427 314 1459 Ι.
342 1427 397 1459 cit.
424 1437 455 1458 v.
481 1428 512 1458 4.
543 1426 591 1459 sic
617 1427 796 1470 exprimit:
827 1428 1069 1471 Cararumque
1095 1433 1156 1458 tuo
1174 1427 1225 1469 fit
1252 1426 1423 1457 medicina

81 1506 183 1526 mero.
220 1512 267 1518 —
315 1493 355 1526 V.
382 1496 403 1525 5
428 1503 478 1535 sq.
529 1493 641 1526 Care
680 1503 797 1536 puer.
858 1493 1042 1536 Comparat
1082 1493 1291 1525 Huscnxms
1332 1492 1420 1524 Stat.

80 1559 163 1592 Silv.
189 1559 251 1601 ΠΙ,
283 1561 316 1600 4,
349 1563 416 1592 60:
463 1561 549 1591 Care
580 1571 691 1603 puer,
731 1560 868 1604 superis
907 1560 968 1605 qui
1001 1558 1199 1603 praelibare
1240 1558 1423 1590 verendum

81 1625 214 1657 Nectar
238 1630 273 1657 et
308 1624 481 1669 ingentem
507 1624 611 1656 toties
641 1617 838 1669 eontingere
865 1624 1025 1655 dextram
1051 1623 1208 1656 Electus.
1267 1624 1422 1666 „Solitos

80 1695 192 1724 autem
228 1702 352 1734 pueros
385 1690 426 1723 ad
463 1689 604 1732 cyathos
639 1691 720 1732 eligi
756 1689 1000 1733 pulcherrimos
1038 1689 1249 1731 dominisque
1285 1689 1422 1722 carissi-

80 1759 188 1791 mos.“
236 1757 313 1790 Non
339 1757 536 1790 incredibile
561 1762 613 1790 est
638 1757 743 1790 fuisse
769 1757 959 1798 formulam,
987 1767 1051 1799 qua
1074 1757 1159 1788 tales
1186 1765 1309 1798 pueros
1334 1755 1419 1787 allo-

79 1827 273 1866 querentur.
323 1823 392 1855 Sed
417 1821 633 1855 nihilominus
659 1833 794 1863 verum,
829 1821 881 1854 liic
907 1822 1043 1864 quidem
1071 1822 1160 1854 exile
1187 1831 1260 1853 esse
1287 1824 1322 1853 et
1347 1820 1420 1852 lau-

78 1899 184 1930 guere
218 1899 316 1922 care,
353 1892 391 1920 ut
422 1889 528 1921 sensit
552 1889 679 1931 optime
706 1888 1052 1921 Mmscnssmmnms
1078 1887 1119 1920 ad
1146 1887 1266 1920 Horat.
1291 1886 1335 1928 ΙΙ,
1364 1888 1419 1926 11,

83 1956 158 1994 18.;
193 1964 303 1996 neque
329 1957 439 1986 tamen
466 1953 638 1986 emendari
663 1953 766 1986 debet
791 1964 865 1986 enm
893 1953 1010 1986 eodem
1039 1957 1072 1985 et
1099 1953 1219 1985 mutari
1244 1953 1277 1985 in
1302 1951 1418 1996 larga,

76 2021 136 2053 sed
175 2021 320 2064 relinqui
359 2020 483 2054 iudicio
522 2021 702 2063 Lygdami.
737 2039 779 2044 —
829 2019 1045 2053 madeant.
1105 2020 1276 2052 Hermus
1314 2019 1415 2051 alium

76 2090 211 2129 poetam
245 2092 405 2130 spument
439 2091 498 2119 aut
530 2087 639 2120 simile
671 2087 860 2130 positurum
894 2086 999 2119 fuisse
1031 2086 1096 2126 ait,
1133 2089 1167 2118 et
1201 2085 1415 2117 Mrrscussn-

75 2162 221 2185 Licinus
246 2153 279 2185 in
305 2152 446 2186 eandem
472 2154 673 2186 sententiam
699 2152 803 2197 larga
828 2152 985 2186 coniecit.
1036 2153 1127 2185 Sane
1152 2152 1287 2184 omnino
1311 2153 1416 2185 lenior

76 2222 111 2251 et
136 2219 245 2250 minus
268 2217 378 2250 vivida
403 2228 443 2251 ae
468 2228 609 2251 nervosa
635 2222 687 2251 est
713 2218 823 2251 oratio
849 2216 1035 2259 Lygdami‚
1061 2227 1148 2250 nunc
1173 2220 1286 2250 tamen
1312 2217 1413 2249 etiam

73 2283 156 2316 illud
180 2283 333 2324 notabis,
370 2283 403 2315 in
429 2287 642 2326 pentametro
668 2282 820 2315 additum
847 2279 1036 2315 huiusmodi
1063 2282 1154 2324 quid.
1180 2301 1225 2307 —
1261 2292 1413 2325 prona.

73 2349 169 2382 Bene
194 2349 377 2382 Vnm’ms:
413 2349 550 2389 „Prona
584 2358 702 2380 manus
735 2352 788 2381 est
821 2347 862 2381 ad
893 2348 1116 2391 pocillandum
1152 2353 1187 2381 et
1221 2348 1412 2380 ministran-

74 2415 153 2448 dum
178 2416 349 2456 inclinata,
375 2425 463 2457 quae
491 2415 672 2457 largiorem
698 2415 766 2448 vini
792 2419 910 2458 potum
938 2424 1004 2446 nou
1030 2415 1189 2455 invideat,
1215 2414 1275 2447 sed
1300 2410 1412 2452 α’ᾳθύ-

72 2493 136 2517 νως
163 2481 314 2514 fundat.“
363 2481 522 2513 Ceterum
549 2484 643 2524 patet
669 2491 744 2513 esse
770 2484 814 2513 et
837 2480 1040 2520 tenenslum3
1067 2479 1129 2512 lioc
1154 2480 1290 2523 scripsit
1314 2480 1413 2522 Ly„-

74 2546 214 2587 damus,
260 2547 401 2580 vividius
441 2546 454 2577 i
491 2548 678 2580 Sumam
718 2548 841 2580 intulit.
913 2549 962 2579 Ac
1003 2547 1155 2588 sequitur
1193 2547 1306 2579 statim
1345 2548 1412 2578 Ile.

72 2611 284 2645 Huscnxms
315 2614 365 2644 Tu
394 2612 494 2645 infert
519 2624 561 2645 ex
588 2623 618 2645 v.
637 2615 706 2648 62..
733 2613 842 2653 male3
868 2612 958 2644 nulla
981 2613 1067 2644 enim
1094 2611 1146 2646 liic
1171 2614 1411 2656 oppositio.—

75 2678 114 2710 V.
131 2682 238 2720 75qq.
265 2677 415 2711 durum
440 2688 592 2720 genus.
643 2677 727 2709 (jum
752 2678 899 2710 Vossius
924 2676 1036 2709 dirum
1060 2678 1239 2721 receperit,
1266 2678 1411 2711 Huscn-
