1721 2953
276 135 354 174 ‚145
585 124 956 169 COMMENTAR.
986 124 1045 168 IN
1077 125 1303 168 TIBULLI

278 247 411 280 Graece
444 242 596 282 πίπτειν,
632 240 674 275 cf.
710 251 772 276 nos
804 241 848 275 ad
875 242 1032 276 Pmnm.
1060 241 1116 276 Ol.
1144 241 1219 285 VII,
1244 244 1302 276 69,
1329 246 1362 277 et
1388 242 1622 280 Bnommsnn.

277 312 319 345 ad
347 308 465 345 Aescli.
494 310 613 351 Agam.
648 310 690 341 31
725 318 800 351 sqq.
849 308 1049 354 Comparari
1084 308 1233 353 denique
1264 312 1378 353 potest
1412 320 1494 344 usus
1528 311 1623 345 verbi

276 374 487 417 βάλλεσθαι,
517 374 611 408 Hom.
638 373 763 417 odyss.
790 373 818 416 Ι,
840 375 922 409 234.
949 393 993 399 -
1019 380 1213 417 stemus,
1246 386 1314 409 vox
1339 375 1623 419 significationem

276 441 492 475 immutabilis
513 440 742 474 diuturnitatis
768 439 892 483 habet,
917 440 960 475 cf.
985 440 1129 476 Herm«.
1159 444 1231 476 Art.
1257 442 1357 476 Poet.
1385 453 1417 475 v.
1441 446 1499 477 70.
1550 444 1622 478 Sed

278 507 410 541 videtur
437 505 630 541 emendatio
658 516 731 540 esse
759 516 808 550 pr.
835 505 1032 551 simpliciori
1061 505 1189 542 simus.
1218 517 1304 550 quae
1330 509 1436 543 altera
1463 509 1574 544 lectio=

610 1009 645 1054 E
692 1010 725 1054 1,
775 1007 812 1053 E
863 1009 902 1052 G
952 1007 970 1051 l
1020 1008 1057 1051 A
1156 1006 1267 1052 Vll.

797 1189 840 1195 w,
855 1187 1087 1194 amq-..m

750 1331 1159 1376 INTRODUCTIO.

275 1481 367 1542 Μ.
400 1501 556 1535 Valerius
588 1500 738 1534 Messala
763 1500 950 1542 Corvinus,
986 1499 1030 1533 de
1055 1508 1123 1542 quo
1149 1497 1238 1533 conf.
1264 1498 1477 1534 Emeum-11
1502 1501 1623 1537 Prole-

273 1578 366 1610 gom.
392 1567 434 1600 ad
461 1568 618 1601 Ciceron.
643 1566 741 1599 Brut.
768 1577 800 1609 p.
829 1563 978 1598 CXXXI
1002 1575 1099 1607 sqq.,
1131 1574 1220 1598 anno
1246 1567 1325 1598 723.
1352 1570 1430 1609 post
1455 1569 1621 1610 proelium

274 1635 449 1669 Actiacum
481 1635 603 1668 missus
636 1637 710 1666 erat
744 1632 788 1665 ab
821 1633 979 1674 Augusto
1012 1630 1054 1664 ad
1081 1632 1290 1674 Aquitanos,
1325 1634 1383 1676 qui
1417 1633 1623 1679 defecerant,

273 1702 506 1742 debellandos,
531 1700 599 1734 vid.
625 1700 778 1734 APPIAN.
805 1699 848 1732 de
873 1699 952 1732 bell.
978 1698 1068 1731 civil·
1092 1698 1153 1740 IV,
1172 1700 1251 1740 38.;
1277 1709 1376 1741 quem
1402 1704 1530 1735 motum
1556 1713 1622 1736 non

273 1767 436 1810 exiguum
462 1767 566 1800 fuisse
592 1770 626 1800 et
655 1766 860 1810 pertinuisse
895 1774 957 1809 per
992 1775 1148 1808 magnam
1184 1769 1315 1809 partem
1341 1767 1476 1801 Galliae
1501 1768 1624 1803 Tibul-

273 1835 326 1867 lus
351 1844 412 1867 nos
437 1834 558 1876 docet,
585 1834 708 1867 multas
733 1833 893 1876 regiones
917 1842 1119 1865 enumerans
1144 1842 1163 1864 a
1186 1831 1334 1865 Messala
1360 1836 1431 1866 tum
1454 1834 1623 1869 subactas.

274 1902 357 1935 Fnsi
382 1905 459 1934 sunt
484 1900 539 1933 isti
564 1900 680 1944 populi
705 1900 801 1943 gravi
827 1900 957 1944 proelio
983 1899 1024 1932 ad
1053 1900 1215 1939 Atacem,
1252 1902 1291 1931 ut
1315 1908 1334 1931 e
1360 1898 1498 1932 Tibullo
1522 1899 1625 1934 disci-

274 1977 349 2000 mus
374 1965 431 2008 qui
457 1964 676 2006 interfuerat,
710 1968 746 1997 et
776 1970 898 2008 pacata
923 1968 975 1997 est
1000 1964 1126 1997 Gallia.
1187 1963 1316 1997 Deinde
1340 1969 1502 1998 evocatus
1528 1965 1625 1999 Mes-

274 2034 346 2066 sala
379 2033 422 2066 ab
448 2033 605 2075 Augusto
629 2030 671 2064 ad
697 2031 849 2064 Orientis
881 2041 936 2064 res
970 2029 1244 2073 componendam,
1281 2031 1442 2064 continuo
1467 2041 1486 2064 e
1511 2032 1626 2066 Gallia

275 2099 309 2132 in
335 2099 449 2131 Asiam
478 2097 653 2141 profectus
679 2100 752 2138 est,
785 2099 915 2129 aestate
945 2100 1098 2129 extrema
1123 2105 1200 2129 ann.
1224 2097 1306 2128 724.
1341 2096 1623 2138 quemadmodum

275 2164 318 2197 ad
344 2164 432 2206 eleg.
459 2163 520 2196 llI.
547 2162 702 2204 vidimus,
726 2162 974 2204 ordinavitque,
1005 2165 1043 2194 ut
1068 2161 1226 2195 Tibullus
1253 2161 1433 2204 significat,
1460 2163 1623 2206 Ciliciam,

276 2229 423 2271 Syriam,
448 2229 656 2273 Aegyptum,
681 2229 913 2262 consentiente
938 2228 1047 2261 DzoN.
1073 2228 1172 2264 CASS.
1199 2228 1272 2261 libr.
1301 2228 1360 2270 LI,
1385 2239 1414 2262 c.
1436 2233 1470 2264 7.
1495 2231 1623 2271 Stura,

277 2306 310 2337 p.
337 2297 419 2327 638.
451 2294 564 2327 Reim.
599 2294 655 2327 ubi
681 2293 801 2326 saltem
827 2293 860 2326 in
885 2293 987 2335 Syria
1015 2292 1168 2326 videmus
1194 2293 1389 2328 Messalam.
1441 2295 1624 2328 Constituit

276 2363 390 2392 autem
418 2357 476 2391 lias
501 2369 555 2392 rcs
578 2360 650 2394 sine
677 2361 852 2403 Angusto,
887 2360 943 2403 qui
970 2365 1150 2404 postquam
1175 2370 1251 2393 ann.
1277 2362 1356 2394 724.
1384 2360 1564 2394 Antonium
1590 2362 1621 2394 in

279 2428 438 2469 Aegypto
464 2426 609 2468 vicerat,
633 2431 703 2461 tum
730 2426 872 2461 hiemem
900 2428 933 2460 in
960 2428 1037 2460 Asia
1064 2431 1297 2471 transegerat,
1321 2427 1364 2460 cf.
1392 2427 1495 2460 Dmx.
1524 2428 1621 2462 CAss.

280 2493 354 2525 libr.
380 2493 437 2533 Ll,
465 2495 519 2525 18.
546 2497 580 2526 et
603 2496 660 2527 20.
686 2495 754 2536 fin„
781 2497 912 2528 aestate
938 2505 1015 2527 ann.
1036 2496 1115 2541 725.
1144 2494 1175 2527 in
1201 2493 1330 2526 Italiam
1357 2492 1466 2534 rediit,
1492 2492 1534 2527 cs.
1555 2494 1623 2527 Dio

280 2560 377 2591 (uss.
405 2558 478 2592 libr.
504 2558 562 2599 LI,
594 2561 649 2592 21.
677 2571 710 2603 p.
736 2563 815 2594 653.
844 2560 976 2601 Reim.‚
1004 2559 1150 2592 Messala
1175 2567 1255 2591 vero
1279 2567 1354 2591 ann.
1384 2559 1463 2590 727.
1489 2557 1622 2593 demum

281 2633 434 2658 reversus
460 2628 509 2658 est
535 2624 701 2661 Romam:
738 2630 808 2660 tum
835 2625 922 2659 enim
949 2621 1152 2667 triumphum
1183 2623 1252 2666 egit
1279 2624 1535 2666 Aquitanicam,
1571 2624 1620 2658 di-
