1721 2953
252 114 326 148 100
557 98 927 143 COMMENTAR.
956 101 1014 144 IN
1045 102 1272 144 'rmum

244 236 388 273 regnum
416 217 603 255 Numidiae
637 216 683 250 ab
715 223 841 251 senatu
873 223 998 262 petat,
1033 218 1191 253 laudante
1225 218 1521 254 Wnn-nssnmcmo
1558 226 1592 253 et

245 293 456 330 Huscnxro,
493 285 552 329 qui
586 284 708 318 iniuria
741 285 853 319 locum
888 286 961 319 vitii
994 290 1192 330 suspectum
1228 284 1341 321 habet.
1367 305 1412 311 -
1463 297 1590 328 auro,

244 360 350 392 Ovm.
384 351 527 387 Heroid.
552 349 615 392 IX,
639 351 707 384 59:
748 360 818 382 non
846 347 981 394 puduit
1006 349 1129 396 fortes
1164 361 1254 383 auro
1289 348 1444 384 cohibere
1477 350 1589 385 lacer-

243 430 309 456 tos.
334 438 380 444 —-
414 419 525 452 Porro
555 415 697 458 Tyrio
728 414 828 449 sinu
862 415 972 459 qnid?
1021 415 1155 461 Nempe
1190 416 1336 452 habebat
1370 419 1484 452 tunica
1509 429 1590 452 can·

242 491 322 524 «lida
353 487 534 521 mulierum
568 484 601 517 in
636 486 778 528 pectore
811 483 986 527 patagium
1019 494 1048 517 s·
1081 485 1214 519 clavum
1247 496 1456 530 purpureum
1488 490 1591 530 atque

241 558 343 591 etiam
367 554 516 588 infimam
540 560 636 584 oram
661 547 780 582 obibat
803 558 995 592 purpureus
1020 549 1165 592 limbus,
1193 550 1237 584 cf.
1264 550 1445 585 Bonm'me.
1472 550 1589 585 Sabin.

240 621 341 656 1111.
368 632 400 664 p.
421 621 478 652 95.
501 619 560 652 96.
608 614 714 650 Vides
735 615 842 658 igitur
859 615 1035 649 Tibullum
1057 616 1200 659 Tyrium
1225 617 1334 651 sinum
1359 616 1590 663 (pm-pumen

247 681 554 726 Faltensclzmuck)
589 680 703 715 dicere
736 690 788 725 pr.
823 680 938 714 tunica
968 691 1142 726 purpureo
1167 682 1409 727 conspicienda
1433 683 1518 718 sinu.
1543 703 1589 708 —

239 765 258 786 a
273 756 369 797 pta,
393 751 478 784 bene
503 748 615 782 vincta
641 749 677 780 et
701 749 832 780 ornata.
880 746 989 789 Iunge
1014 757 1046 781 c.
1070 746 1164 782 sinu.
1186 766 1230 772 —
1257 748 1458 793 prodeat.
1508 750 1592 783 Usi-

239 823 347 852 tatum
373 816 415 850 de
435 813 633 849 mulieribus
655 812 798 847 verbum
821 816 860 846 ut
884 817 1037 856 constat,
1069 814 1113 848 cf.
1143 815 1277 851 Hssms.
1301 815 1344 849 ad
1369 815 1470 850 Ovid.
1495 816 1591 851 Fast.

242 885 300 927 lV,
325 887 407 918 309.
429 900 475 906 —
509 882 760 922 Devoveat,
786 881 883 914 cuius
909 891 1025 914 amore
1049 881 1137 915 adeo
1161 882 1305 924 insanit,
1330 886 1368 916 ut
1393 893 1464 916 rem
1490 882 1590 917 fami--

238 951 356 985 liarem
382 953 417 983 et
440 951 547 982 totam
571 946 707 980 domum
732 950 825 980 tuam
851 947 924 980 eius
949 947 1060 990 gratia
1088 947 1232 992 perdere
1257 949 1349 984 velit.
1398 948 1590 993 Iunguntur

240 1028 312 1052 res
347 1021 381 1051 et
415 1015 569 1050 domus
601 1024 705 1057 saepe
739 1014 836 1056 quasi
867 1024 911 1047 ex
936 1013 1101 1056 formula,
1135 1014 1200 1048 vid.
1232 1014 1373 1048 ssssmr..
1398 1014 1440 1048 ad
1467 1015 1587 1048 Horat.

238 1084 349 1128 Epist.
374 1082 402 1125 I,
428 1084 462 1125 4,
487 1083 542 1114 11.
575 1081 778 1114 ΒυΗΝΚΕΝ.
806 1081 930 1114 Dictat.
955 1080 998 1114 ad
1022 1081 1122 1114 Ovid.
1147 1080 1289 1114 Heroid.
1307 1081 1420 1123 XVII,
1447 1084 1526 1116 159.
1543 1101 1587 1107 -

238 1152 374 1192 vitio,
412 1159 479 1183 non
513 1148 681 1193 pravitate
715 1147 838 1190 animi,
871 1149 939 1191 ait,
977 1147 1038 1182 sed
1073 1147 1153 1182 odio
1187 1148 1300 1181 mariti
1333 1147 1512 1192 podagrici
1548 1158 1588 1181 ac

238 1217 333 1251 senio
361 1214 536 1259 decrepiti.

332 1282 374 1315 V.
397 1279 525 1314 75—ad
544 1279 656 1312 finem.
705 1277 880 1312 Exitus.
927 1278 1134 1312 Tertium
1161 1277 1394 1313 invehitur
1418 1281 1460 1313 in
1486 1289 1586 1323 pue-

239 1358 329 1381 rum
356 1346 623 1388 obiurgans,
658 1347 793 1386 atque
828 1343 964 1376 etiam
1000 1342 1050 1376 de
1086 1354 1229 1386 poena
1262 1344 1427 1378 iterum
1461 1344 1586 1385 dicit,

238 1414 353 1458 quod
381 1422 515 1456 supra
539 1411 700 1444 abesse
728 1419 822 1443 eum
847 1410 986 1442 iussit
1011 1409 1054 1442 in
1081 1413 1330 1454 posterum,
1365 1408 1496 1444 huius
1522 1412 1586 1443 rei

238 1481 482 1517 tristitiam
508 1488 619 1512 nunc
645 1477 855 1522 pluribus
881 1477 1131 1520 explicans.

335 1547 374 1581 V.
399 1549 446 1580 75
470 1556 544 1588 sqq.
581 1542 811 1584 accubuit,
838 1546 939 1575 notus
959 1541 1052 1575 verbi
1079 1551 1181 1584 usus,
1205 1543 1249 1577 cf.
1271 1543 1457 1576 Pnopmw.
1483 1543 1527 1585 ΙΙ,
1553 1546 1587 1583 3,

236 1619 295 1650 30.
319 1631 366 1638 -
391 1613 610 1647 Venerem
634 1610 840 1651 iungere.
889 1608 1093 1641 Locutionis
1119 1609 1278 1652 exempla
1302 1613 1355 1642 sat
1378 1611 1485 1643 multa
1509 1611 1586 1645 vide

236 1694 291 1726 ap.
317 1680 450 1714 Hssms.
481 1677 525 1711 ad
560 1675 663 1710 Ovid.
696 1675 841 1709 Remed.
867 1676 944 1710 Am.
969 1677 1052 1709 407.
1077 1694 1124 1700 —
1161 1675 1426 1710 Blanditias
1459 1687 1587 1719 meaS‚

239 1747 319 1782 mihi
342 1745 486 1787 debitas,
509 1748 548 1777 ut
571 1753 652 1777 mox
677 1744 841 1777 oscula
865 1753 966 1777 mea.
1015 1743 1074 1776 Sic
1100 1742 1246 1776 Homw.
1265 1742 1328 1786 ΙΙΙ,
1348 1747 1382 1786 7,
1407 1746 1469 1777 11:
1493 1742 1589 1790 igni-

239 1814 302 1847 bus
321 1811 406 1851 tuis,
431 1810 490 1844 ubi
509 1810 552 1844 cf.
570 1810 806 1844 Mrrscnssun.
820 1828 866 1836 —
891 1811 927 1844 al
940 1811 1008 1845 iis.
1033 1810 1180 1844 Pluralis
1197 1821 1273 1843 cum
1296 1808 1459 1854 emphasi,
1483 1812 1588 1845 veluti

237 1880 359 1923 tragici
387 1877 512 1911 Graeci
545 1887 648 1921 saepe
682 1876 803 1920 plurali
837 1880 998 1918 utuntur,
1037 1875 1082 1911 cf.
1110 1875 1234 1909 Hssmu.
1260 1875 1302 1909 ad
1329 1876 1408 1919 Vig.
1445 1888 1478 1920 p.
1503 1880 1585 1912 739.

237 1949 348 1981 Porro
373 1953 486 1989 puer
511 1943 633 1976 alter
666 1941 741 1985 (ein
766 1941 946 1985 zweiter),
970 1942 1075 1984 alius,
1102 1942 1159 1974 ubi
1185 1941 1253 1974 duo
1277 1942 1482 1984 cogitantur.
1533 1943 1586 1977 Cf.

238 2015 453 2047 Scamnum
473 2009 516 2042 ad
539 2009 662 2042 Horat.
683 2008 794 2052 Epist.
807 2008 834 2051 Ι,
847 2012 880 2051 6,
892 2012 1010 2042 32.-
1034 2008 1121 2042 Mox
1146 2008 1202 2041 Et
1225 2011 1358 2051 geret
1381 2008 1421 2041 in
1446 2018 1586 2051 regno

241 2089 382 2122 regna
416 2074 609 2120 superba
643 2078 739 2115 tuo,
777 2078 891 2117 potest
924 2074 1031 2107 videri
1064 2084 1141 2108 cum
1176 2074 1332 2107 acumine
1367 2073 1515 2116 dictum,
1550 2078 1587 2106 ut

238 2151 329 2180 amat
362 2154 504 2178 acumen
538 2151 738 2180 sarcasmus,
787 2141 921 2175 Tamen
955 2141 1066 2175 simile
1101 2140 1182 2174 nihil
1215 2141 1306 2185 apud
1331 2141 1506 2175 Tibullum
1532 2152 1587 2174 re-

240 2213 354 2257 perio,
388 2209 478 2243 uude
504 2208 611 2253 probo
638 2207 729 2250 quod
755 2207 859 2249 vulgo
885 2211 1084 2251 receptum,
1113 2206 1256 2252 gremio.
1305 2206 1370 2240 Est
1394 2216 1474 2240 vero
1500 2212 1586 2238 tuus

236 2277 410 2324 gremius,
435 2276 492 2308 ubi
518 2279 554 2308 tn
580 2275 758 2317 regnabas.
786 2293 830 2299 -—-
865 2275 1026 2309 Veneri
1063 2275 1255 2308 merenti
1295 2273 1424 2307 dictum
1447 2283 1490 2306 ex
1514 2272 1585 2305 sor-

239 2345 330 2379 mula
364 2354 413 2388 pr.
447 2342 644 2384 seru-atrici,
682 2353 768 2385 quae
802 2342 889 2376 bene
923 2343 1068 2384 meruit,
1105 2346 1143 2375 ut
1168 2341 1315 2374 merenti
1338 2344 1390 2374 est
1415 2339 1499 2372 infra
1523 2339 1585 2377 lli.

240 2413 273 2452 6,
299 2413 357 2443 55.
421 2408 528 2442 Moris
553 2412 667 2441 autem
695 2412 768 2441 erat
792 2412 830 2440 ut
866 2408 922 2451 qui
949 2418 967 2441 e
998 2408 1150 2451 periculo
1175 2407 1288 2449 aliquo
1314 2414 1436 2446 magno
1461 2404 1585 2437 servati

240 2480 374 2517 essent,
409 2474 475 2507 deo
503 2474 666 2506 servatori
693 2473 854 2506 tabellam
883 2472 1130 2516 suspenderent
1156 2473 1186 2504 in
1214 2471 1343 2514 pariete
1368 2469 1484 2512 templi
1509 2479 1585 2502 cum

238 2542 477 2585 inscriptione,
513 2539 680 2572 interdum
717 2540 818 2572 etiam
853 2539 1004 2582 pictura,
1041 2548 1110 2571 rem
1137 2536 1327 2575 indicante,
1361 2535 1403 2567 cs.
1430 2545 1531 2576 snpra
1562 2534 1585 2574 l,

238 2610 271 2649 3,
296 2609 354 2641 28.
404 2605 502 2639 Nunc
538 2615 696 2648 compara
732 2604 930 2638 Homrmnr
968 2604 992 2645 1,
1019 2606 1051 2642 5,
1084 2603 1138 2634 fin.
1166 2618 1211 2626 -
1257 2610 1390 2633 aurea
1427 2600 1583 2643 palma,
