1721 2953
288 149 376 175 xxx
842 134 916 173 DE
948 134 1082 174 VITA

285 251 588 295 incommodam
619 265 725 300 esse,
768 265 871 304 quae
901 254 1005 292 bene
1036 250 1171 304 posita
1198 251 1241 289 in
1270 249 1418 290 tradita
1446 250 1633 289 lectione.

286 333 478 373 Ceterum
501 331 621 371 etiam
649 330 913 382 Ayrmannus
945 329 1043 370 olim
1071 331 1177 368 cessit
1203 329 1454 380 reponebat,
1481 327 1633 366 intelli-

285 424 386 465 gens
415 424 511 449 ann.
544 410 636 448 urb.
665 421 697 446 c.
731 411 827 447 705.
861 406 934 447 ubi
965 406 1009 447 C.
1041 405 1238 446 Claudius
1266 405 1489 445 Marcellus
1517 412 1557 443 et
1584 403 1635 442 L.

286 486 504 526 Cornelius
546 482 748 522 Lentulus
792 481 908 522 Coss.
956 481 1317 535 appropinquante
1362 480 1536 521 Caesare
1583 493 1637 520 ex

285 564 389 602 urbe
420 569 459 600 et
488 560 604 599 Italia
634 573 728 599 cum
754 559 953 611 Pompeio
984 567 1214 610 cesserunt3
1257 557 1328 598 sed
1357 558 1469 598 hunc
1500 556 1635 610 Spoh-

285 638 377 678 nius
405 636 602 677 refutavit
632 643 669 674 et
697 635 930 676 Passovius.
1001 633 1130 675 Vides
1160 649 1284 689 quam
1318 636 1555 686 ambiguum
1585 634 1637 674 sit

283 729 323 754 v.
349 717 468 753 cessit.
523 710 686 751 Deinde
714 709 896 762 Oebeke,
926 719 970 750 ut
997 711 1185 752 ostendat
1215 714 1266 752 ab
1283 712 1450 752 Tibullo
1471 710 1636 765 Lygda-

288 804 402 830 mum
432 802 697 842 expressum,
733 790 883 828 multos
911 790 1025 829 locos
1064 789 1246 839 confert,
1288 802 1468 843 quorum
1505 802 1636 829 unum

289 866 525 919 exemplum
557 878 777 918 apponam.
835 866 948 905 Dicit
975 865 1212 919 Lygdamus
1241 867 1312 916 ΙΙΙ,
1349 868 1385 915 1,
1416 871 1438 904 7
1453 880 1463 905 :

456 940 649 982 Carmine
682 942 908 992 formosae,
938 942 1073 995 pretio
1104 941 1324 994 capiuntur
1352 955 1522 982 avarae:

572 1016 759 1058 Gaudeat
784 1025 831 1057 ut
866 1016 987 1068 digna
1015 1025 1075 1057 est
1101 1017 1290 1057 versibus
1318 1016 1389 1055 illa
1421 1016 1535 1055 meis.

286 1096 377 1135 Huc
406 1094 636 1148 respexisse
665 1095 878 1134 Tibullum
909 1096 939 1145 I,
968 1096 1006 1145 4,
1033 1098 1100 1134 61.
1131 1098 1197 1134 62.
1225 1093 1300 1134 ubi
1333 1093 1527 1144 legimus:

456 1169 640 1211 Pieridas
669 1169 790 1222 pueri
819 1167 961 1208 doctos
992 1177 1031 1207 et
1064 1176 1195 1208 amate
1224 1175 1379 1220 poetas,

567 1247 705 1285 Aurea
737 1260 812 1285 nec
847 1253 1043 1298 superent
1071 1259 1246 1285 munera
1273 1241 1470 1283 Pieridas.

287 1322 483 1364 Eiusdem
516 1322 675 1373 generis
705 1329 803 1360 sunt
835 1321 936 1360 aliae
974 1320 1303 1372 comparationes
1333 1321 1506 1367 multae,
1547 1318 1639 1371 qui-

287 1405 366 1442 bus
394 1398 596 1453 Lygdami
635 1399 754 1452 quasi
791 1399 946 1437 semina
986 1406 1025 1436 et
1054 1397 1272 1436 simulacra
1302 1396 1347 1434 in
1387 1393 1537 1436 Ovidio
1569 1393 1639 1432 de-

288 1476 492 1531 prehendi
519 1477 698 1530 probare
732 1476 842 1525 vult,
877 1474 1007 1514 veluti
1041 1488 1134 1513 cum
1165 1470 1402 1526 Lygdamus
1433 1470 1540 1510 dicat
1568 1471 1640 1520 ΙΙΙ,

291 1561 328 1606 2,
360 1560 406 1595 5:
922 1540 925 1542 v

458 1629 556 1670 Non
584 1642 658 1680 ego
686 1628 829 1668 firmus
858 1628 901 1666 in
929 1628 1021 1675 hoc,
1050 1639 1136 1665 non
1160 1627 1261 1666 haec
1282 1624 1479 1678 patientia
1499 1633 1640 1664 nostro

572 1704 767 1756 Ingenio:
797 1704 947 1755 frangit
976 1703 1100 1744 fortia
1129 1700 1254 1742 corda
1283 1700 1414 1749 dolor,

287 1783 382 1820 hinc
411 1782 616 1820 lucratum
648 1777 844 1821 Ovidium
873 1779 916 1817 in
940 1777 1106 1816 Amorr.
1134 1778 1206 1826 III,
1238 1780 1302 1826 11,
1335 1780 1374 1815 1.
1404 1780 1454 1814 2:

458 1856 594 1894 Multa
624 1854 779 1908 diuque
808 1854 910 1894 tuli:
937 1855 1045 1894 vitiis
1075 1854 1272 1905 patientia
1304 1852 1411 1893 victa
1439 1860 1511 1891 est.

574 1928 684 1969 Cede
713 1930 879 1980 fatigato
914 1936 1100 1981 pectore,
1130 1928 1261 1980 turpis
1289 1929 1433 1967 Amor.

289 2005 415 2047 Vides
442 2006 579 2046 virum
609 2004 775 2045 doctum
803 2004 970 2043 inanem
1001 2016 1170 2055 operam
1202 2002 1525 2055 consumpsisse,
1570 2016 1640 2041 cu-

292 2081 426 2132 pidius
469 2095 594 2134 quam
631 2081 784 2119 'rectius
825 2087 1132 2135 comparantem
1169 2093 1274 2132 quae
1315 2080 1371 2118 sie
1412 2079 1642 2131 comparari

293 2170 376 2195 non
405 2164 592 2209 possunt.
649 2156 780 2195 Porro
814 2168 907 2195 cum
928 2153 1164 2208 Lygdamus
1192 2154 1408 2205 religiosus
1440 2153 1546 2193 dicat
1574 2155 1643 2203 ΙΙΙ,

296 2236 332 2279 5,
367 2237 405 2270 7.
441 2237 487 2271 s:

462 2306 556 2346 Non
590 2321 662 2358 ego
693 2306 850 2347 tentavi
876 2307 980 2346 nulli
1008 2305 1247 2346 temeranda
1275 2305 1463 2347 virorum

575 2379 734 2421 Audax*
751 2381 982 2422 laudandae
1013 2396 1129 2422 sacra
1158 2381 1304 2422 docere
1333 2381 1443 2430 deae,

296 2459 484 2497 Tibullus
515 2466 650 2497 autem
680 2461 710 2508 Ι,
743 2463 780 2508 6,
813 2463 864 2497 21
898 2473 1012 2512 sqq.:

468 2532 603 2571 Exibit
637 2547 760 2585 quam
793 2548 912 2587 saepe
941 2536 1050 2583 time,
1083 2548 1157 2574 seu
1185 2534 1318 2574 visere
1350 2532 1456 2573 dicet

578 2609 699 2649 Sacra
731 2612 868 2650 Bonae
899 2612 1081 2650 maribus
1113 2625 1195 2651 non
1228 2609 1414 2650 adeunda
1447 2608 1558 2649 deae.
