1721 2953
273 137 389 165 xxxn
829 120 901 159 DE
934 118 1065 159 VITA

275 242 397 283 etiam
433 241 597 281 tertium
627 247 663 278 et
707 245 898 291 quartum
939 237 1113 290 addidit,
1160 238 1203 277 in
1235 237 1349 277 cuius
1380 235 1460 276 fine
1489 236 1620 274 mani-

277 319 380 359 sesto
419 316 654 357 Tibulliana
689 315 815 365 elegia
845 329 908 354 nr.
941 319 1006 354 13.
1073 315 1131 354 Ac
1170 312 1406 366 Lygdamus
1442 309 1620 365 quidem,

275 393 390 434 cuius
419 406 565 434 verum
594 403 745 430 nomen
774 389 998 440 ignoratur,
1028 389 1161 442 potuit
1190 389 1343 428 amicus
1371 400 1458 427 esse
1483 385 1623 425 iunior

275 469 453 519 Tibulli,
494 467 647 520 quippe
670 471 819 516 natus,
849 472 895 504 ut
923 464 1010 517 ipse
1041 464 1157 516 dicit,
1197 479 1292 504 ann.
1323 467 1439 513 711„
1479 462 1552 516 qui
1580 476 1621 502 se

275 545 327 585 ad
356 543 625 583 imitationem
653 540 766 582 Albii
794 549 1103 593 composuerat,
1151 547 1352 594 quantum
1380 546 1519 591 posset
1546 551 1623 590 pro

275 621 428 675 ingenii
456 621 629 660 ratione.
699 616 851 658 Credas
889 616 1192 670 propemodum
1228 625 1410 670 repertas
1439 617 1513 655 has
1543 616 1623 654 ele-

276 700 360 751 gias
390 699 433 738 in
464 696 587 736 domo
618 694 794 743 Tibulli,
834 693 906 747 qui
945 693 1118 732 sortasse
1156 693 1243 745 ipse
1273 706 1340 732 eas
1371 690 1624 731 emendatius

278 775 399 815 edere
438 775 646 822 voluerat,
689 771 724 810 si
763 769 877 824 quod
915 770 1122 822 suspicor,
1166 776 1356 809 mortuus
1387 777 1474 807 erat
1502 775 1625 820 poeta

275 857 559 904 praemature:
605 861 700 886 uam
730 859 824 886 cum
854 859 997 886 omnes
1026 845 1286 898 imperfectae
1317 844 1420 894 sint,
1450 856 1536 882 non
1565 850 1625 882 est

276 935 416 967 tamen
445 924 631 965 omnium
660 923 815 975 pariter
845 922 1054 961 elaborata
1089 919 1344 972 compositio.
1416 919 1502 957 Iam
1530 916 1624 959 vide

278 1001 379 1056 quid
419 1002 546 1053 egisse
587 1007 729 1052 putem
773 997 991 1038 editorem:
1037 996 1194 1035 Tibulli
1233 1008 1300 1034 eas
1340 1008 1424 1034 11011
1464 1007 1550 1034 esse
1581 1001 1626 1033 ut

277 1076 486 1126 crederet,
531 1073 728 1114 suadebat
768 1085 901 1111 annus
945 1072 1090 1110 natalis
1132 1070 1317 1111 diversus
1359 1078 1396 1108 et
1440 1070 1625 1108 tractatio

276 1152 414 1193 multis
442 1150 576 1191 modis
603 1149 844 1201 imperfecta
883 1155 922 1188 et
960 1147 1130 1197 vitiosa,
1171 1154 1316 1185 contra
1353 1153 1446 1184 ante
1485 1145 1626 1183 oculos

279 1235 366 1268 erat
396 1227 511 1267 color
541 1223 710 1278 quidam
739 1223 1022 1272 Tibullianus,
1063 1230 1103 1261 et
1130 1221 1264 1262 videri
1291 1229 1453 1274 poterat
1482 1220 1628 1260 Tibul-

278 1306 342 1343 lus
373 1302 449 1341 sub
490 1299 570 1339 alio
611 1298 778 1337 nomine
819 1297 1011 1336 cecinisse
1039 1297 1258 1350 positoque
1288 1298 1381 1336 ficto
1413 1310 1522 1336 anno
1554 1310 1627 1335 na-

278 1380 362 1429 tali,
393 1377 464 1418 sed
493 1389 578 1417 non
610 1374 838 1414 admovisse
861 1373 1046 1413 ultimam
1068 1386 1248 1423 manum,
1278 1372 1626 1426 quemadmodum

279 1457 401 1496 etiam
438 1452 562 1494 hodie
603 1452 737 1493 visum
779 1459 837 1491 est
877 1449 1148 1504 quibusdam3
1187 1451 1243 1489 ita
1280 1450 1370 1490 fieri
1407 1450 1544 1502 potuit
1583 1458 1628 1489 ut

281 1532 486 1572 dubitaret
523 1531 674 1579 homo,
720 1536 906 1568 essentne
948 1541 1018 1566 eae
1061 1527 1164 1567 alius
1199 1535 1345 1579 poetae
1376 1541 1430 1566 an
1459 1527 1626 1567 Tibulli.

278 1607 418 1658 Quare
449 1620 541 1647 cum
571 1605 751 1659 relinqui
781 1618 867 1644 11011
895 1612 1076 1656 possent,
1106 1603 1261 1656 placuit
1290 1602 1422 1643 deleto
1448 1602 1628 1651 nomine,

278 1685 393 1739 quod
422 1686 521 1735 eleg.
549 1684 600 1731 II,
623 1686 691 1722 29.
720 1683 765 1720 in
795 1683 984 1734 exemplo
1014 1681 1223 1734 primitivo
1251 1680 1464 1732 legebatur
1493 1694 1627 1732 neque

277 1775 377 1802 vero
409 1761 623 1801 constabat
652 1771 796 1800 verum
827 1766 933 1797 esset
971 1772 1024 1796 an
1064 1756 1224 1807 fictum',
1263 1756 1523 1809 Lygdamum
1552 1768 1629 1795 110-

279 1852 375 1878 men
415 1837 664 1877 substituere
705 1842 744 1873 et
775 1847 867 1872 cum
897 1834 977 1872 hoc
1007 1832 1175 1871 nomine
1207 1846 1273 1871 eas
1304 1831 1454 1871 addere
1483 1831 1628 1870 Tibul·

279 1911 412 1952 lianis.
467 1909 694 1950 Verissima
723 1907 833 1946 enim
861 1906 964 1945 mihi
993 1920 1086 1946 cum
1114 1906 1312 1946 Passovio
1342 1904 1405 1960 (in
1435 1905 1630 1946 Seebodii

279 1984 463 2041 I‘Iorreo)
505 1998 650 2025 eorum
679 1982 844 2025 videtur
872 1983 1093 2032 sententia,
1143 1982 1215 2036 qui
1243 1983 1322 2022 1100
1352 1995 1506 2021 nomen
1535 1994 1629 2020 cum

232 2058 239 2063 ”
280 2064 401 2104 Albio
443 2061 610 2102 nomine
639 2067 966 2111 -compararunt,
1015 2072 1107 2098 cum
1147 2057 1200 2097 sit
1236 2050 1396 2112 λύγδος
1435 2057 1551 2095 albus
1591 2064 1629 2094 et

280 2137 494 2190 Lygdinus
525 2149 640 2187 onyx
669 2134 847 2187 indeque
880 2132 1076 2172 deductae
1098 2131 1150 2172 ad
1171 2131 1391 2172 candorem
1413 2130 1629 2182 designan-

283 2212 381 2252 dum
420 2210 732 2261 significationes
771 2217 894 2248 notae
935 2217 1071 2248 essent
1109 2209 1328 2260 Romanis,
1391 2221 1527 2261 neque
1566 2215 1628 2247 ta-

283 2303 378 2328 men
417 2287 606 2326 Tibullus
650 2300 771 2326 suum
809 2300 963 2325 nomen
1001 2287 1056 2325 sic
1102 2287 1282 2334 obtexit,
1327 2292 1371 2323 ut
1413 2296 1629 2335 perperam

284 2371 523 2412 statuerunt,
553 2362 623 2401 sed
655 2362 787 2402 editor
810 2363 917 2410 libri,
948 2370 1064 2402 acute
1093 2363 1324 2415 suspicante
1348 2360 1629 2405 Ladmmnuo,

285 2440 342 2479 ita
371 2439 589 2491 rescripsit,
621 2441 771 2491 optime
802 2440 858 2478 sic
888 2440 1106 2479 nominans
1139 2455 1245 2490 eum,
1278 2438 1351 2492 qui
1380 2452 1453 2477 uec
1483 2437 1627 2476 Albius

286 2515 504 2557 videbatur
534 2522 644 2554 certo
676 2514 755 2554 dic-i
784 2529 915 2567 posse,
946 2529 1020 2554 nec
1052 2529 1137 2555 non
1168 2515 1248 2555 dici
1269 2514 1427 2562 Albius,
1457 2520 1495 2551 et
1526 2520 1629 2551 esset

287 2592 403 2645 quasi
433 2592 510 2632 alia
540 2590 740 2643 quaedam
782 2605 957 2643 persona
995 2591 1118 2632 dubia
1149 2589 1277 2632 Albii.
1343 2589 1489 2643 Neque
1530 2603 1627 2630 vero
