1721 2953
515 165 658 207 LIBR.
687 164 718 204 I.
775 162 935 204 ELEG.
965 164 1018 204 ΙΙ.
1380 163 1430 199 57

94 291 185 327 Num
220 291 367 326 fortasse
402 289 505 324 etiam
541 288 584 323 de
619 298 674 322 me
710 286 800 322 fama
824 287 902 322 talis
927 287 1006 322 est?
1053 286 1132 332 Ipse
1155 285 1245 320 enlm
1270 293 1335 319 non
1361 293 1434 318 me-

93 359 184 394 mini.
234 356 365 395 Quodsi
390 366 472 391 vero
499 359 552 389 est
574 359 610 389 et
636 353 719 389 vidit
742 352 807 388 hoc
830 354 963 398 aliquis,
982 355 1160 398 promptus
1183 361 1258 386 sum
1282 349 1324 383 ad
1347 359 1432 392 sup-

93 423 319 467 plicationem.
345 437 389 448 —
429 421 634 454 incestus
673 417 703 452 h.
735 429 766 452 e.
802 418 996 462 improbus,
1035 418 1221 460 scelestus,
1259 414 1350 459 quod
1389 413 1432 448 nd

92 489 202 533 ipsum
235 490 368 532 raptum
403 490 572 521 sertorum
605 485 792 531 pertineat,
829 483 913 518 dicit
947 484 1276 518 thnnnmcmtss.
1338 481 1435 515 Alius

91 553 206 587 malit=
242 562 307 586 non
341 562 426 597 pure
456 555 639 594 casteque,
676 549 842 594 neglectis
867 549 920 591 iis,
944 559 1031 592 quae
1058 549 1242 583 observare
1265 546 1436 581 debebant

91 619 148 662 qui
172 619 299 663 templa
323 618 463 653 deorum
489 617 642 660 adirent,
679 617 724 651 cf.
749 627 781 650 ν.
809 627 837 650 c.
864 615 908 658 ΙΙ,
934 617 966 657 1,
992 617 1036 648 11
1062 626 1135 658 sqq.
1185 612 1257 648 Sed
1279 611 1344 647 hoc
1367 621 1435 645 non

92 684 239 727 sufficit;
274 684 424 728 loquitur
447 683 491 718 de
515 694 582 718 uno
608 686 772 728 peccato,
804 686 844 716 ut
869 680 1019 715 ostendit
1043 680 1166 726 copula
1190 690 1269 726 que·
1318 679 1435 714 Quare

89 749 246 783 incestus
270 753 323 783 est
346 748 500 794 improba
525 753 658 791 mente,
692 746 862 781 meditans
886 746 1010 780 malam
1033 756 1117 780 rem.
1175 745 1245 782 Qui
1269 743 1435 787 sanguine

93 825 133 849 ac
157 815 262 850 caede
287 816 551 849 contaminatum
581 814 634 849 hic
662 815 933 859 interpretantur
964 812 1150 855 incestum,
1185 823 1248 846 nec
1273 810 1436 845 credibile

90 880 124 914 in
148 880 287 914 Tibullo
311 880 474 915 delictum
499 883 648 924 ponunt,
680 889 745 913 nec
769 881 930 922 reputant
954 878 1061 911 maius
1091 878 1218 911 crimen
1243 886 1310 911 non
1337 884 1437 920 posse

91 950 171 980 ante
191 947 301 980 minus
317 945 495 988 nominari,
521 945 555 978 id
580 944 672 988 quod
697 954 786 978 nunc
810 943 941 977 faceret
960 947 1074 987 poeta.
1095 959 1134 967 —
1161 941 1436 985 deripuisse,

89 1017 128 1047 ut
151 1013 290 1047 PnAu'r.
315 1012 407 1047 Rud.
436 1012 498 1054 111,
521 1015 555 1054 5,
580 1014 627 1046 5:
667 1010 709 1044 de
742 1021 810 1043 ara
843 1008 1018 1053 deripere,
1054 1007 1214 1043 laudante
1246 1007 1436 1041 messn-

91 1089 215 1113 memo
242 1083 277 1113 et
299 1079 511 1122 Huscmuo,
535 1078 594 1112 ubi
619 1079 716 1123 plura
741 1077 829 1111 vide.
878 1077 1012 1110 Dicitur
1033 1075 1174 1110 verbum
1198 1074 1242 1108 de
1267 1084 1320 1116 eo,
1345 1071 1436 1116 quod

90 1143 297 1180 abstrahitur
320 1145 362 1179 ab
387 1146 500 1188 aliqua
525 1156 580 1187 re,
620 1149 656 1179 et
689 1144 898 1178 construitur
924 1154 954 1179 c.
980 1142 1094 1177 dativo
1129 1145 1188 1176 aut
1223 1152 1251 1175 c.
1278 1149 1436 1186 praepos

91 1210 155 1247 ab,
180 1222 244 1249 ex,
269 1212 329 1249 de,
362 1211 451 1246 conf.
478 1211 619 1244 Zumwr.
645 1209 687 1243 ad
711 1210 824 1244 Cicer.
848 1209 982 1244 Verrin.
1008 1220 1042 1252 p.
1066 1209 1148 1241 254.
1196 1206 1244 1240 Et
1268 1207 1436 1250 repetitae

91 1278 353 1322 praepositionis
378 1278 533 1322 exempla
570 1277 647 1311 vide
681 1288 736 1321 ap.
761 1277 953 1320 interprett.
985 1275 1028 1308 ad
1056 1275 1242 1308 Pnorrm'r.
1267 1272 1295 1314 Ι,
1319 1274 1353 1313 3,
1377 1273 1433 1304 36,

90 1355 145 1389 ap.
171 1343 406 1377 Bnoucmws.
432 1342 519 1376 infra
544 1341 588 1375 ad
613 1342 640 1383 I,
665 1345 699 1384 5,
725 1342 781 1374 40.
808 1344 843 1374 et
867 1340 1089 1373 Huscmmm
1112 1337 1155 1371 ad
1180 1337 1223 1377 11,
1251 1340 1282 1379 l,
1306 1339 1364 1369 24.
1394 1350 1437 1361 -

91 1409 132 1443 V.
158 1411 217 1442 85.
242 1409 278 1442 si
302 1409 464 1451 merui,
499 1409 531 1442 in
556 1396 681 1442 malam
706 1411 859 1452 partem,
884 1417 928 1440 ex
953 1416 1027 1439 usu.
1053 1406 1240 1439 Pnorssn’r.
1267 1404 1295 1445 1,
1320 1405 1378 1445 18,
1402 1404 1436 1435 9.

91 1476 198 1510 Ovm.
224 1475 311 1509 Met.
335 1475 380 1517 II,
405 1477 487 1509 279.
522 1474 615 1507 Fast.
645 1473 706 1515 IV,
730 1475 813 1507 239.
854 1470 998 1506 Heroid.
1024 1470 1102 1512 VII,
1127 1472 1185 1504 71.
1218 1479 1305 1512 quae
1329 1467 1437 1501 Hm-

90 1552 174 1576 Nms
199 1541 315 1574 laudat
338 1540 425 1574 infra
449 1539 492 1573 ad
517 1539 562 1581 ΙΙ,
589 1540 622 1581 4,
646 1540 682 1572 5.
711 1554 751 1564 -·
789 1537 1091 1582 procumbere
1116 1535 1319 1580 templis,
1344 1533 1376 1569 h.
1404 1544 1434 1568 e.

90 1608 132 1642 ad
157 1607 294 1652 templa.
343 1606 529 1650 Comparat
552 1604 726 1638 Hermus
751 1604 897 1637 Sunmc.
923 1604 997 1637 Sat.
1024 1613 1056 1635 v.
1081 1604 1145 1636 17:
1171 1611 1287 1646 purae
1312 1611 1438 1634 rursus

87 1673 309 1720 procumbere
333 1672 507 1718 lymphae.
557 1672 617 1705 Sic
640 1672 828 1705 Pnorfflvr.
854 1670 918 1711 111,
940 1672 995 1711 17,
1022 1671 1060 1701 1:
1099 1666 1321 1700 advolvimur
1353 1665 1439 1701 aris.

89 1742 276 1776 Praeterea
299 1743 415 1773 notum
440 1736 573 1770 dicendi
599 1745 726 1779 genus,
751 1739 867 1767 terrae
890 1733 1022 1775 sterni,
1041 1732 1240 1777 prosterni,
1277 1742 1442 1776 procum-

91 1805 180 1842 bere,
214 1804 391 1849 deponere,
416 1801 541 1837 iacere,
565 1801 608 1835 de
633 1811 701 1843 quo
727 1798 792 1833 vid.
819 1798 941 1833 Eunu.
966 1798 1009 1832 ad
1034 1797 1134 1832 Ovid.
1161 1798 1292 1832 Amorr.
1315 1797 1378 1840 ΙΙΙ,
1402 1799 1437 1839 2,

90 1875 148 1906 25.
175 1876 210 1906 et
233 1871 441 1905 Wnrmssm..
467 1869 510 1903 ad
537 1868 569 1903 11.
597 1869 709 1902 locum
736 1866 876 1901 Tibulli.
925 1865 1022 1900 Adde
1057 1863 1132 1898 rivo
1154 1863 1290 1910 fluenti
1323 1863 1436 1897 iacere

90 1940 200 1974 Vmc.
225 1937 348 1981 Eclog.
373 1936 468 1978 VllI,
494 1938 576 1969 101.
606 1945 657 1980 pr.
682 1935 716 1968 in
742 1935 860 1968 rivum.
911 1932 963 1967 Ad
988 1932 1187 1966 sententiam
1213 1930 1359 1973 denique
1397 1929 1441 1964 cf.

91 2007 258 2040 Lucum.
281 2004 324 2046 V,
352 2005 464 2037 1202:
502 2014 564 2035 nec
594 1998 820 2046 procumbere
851 1997 950 2031 humi
977 2003 1202 2043 prostratum
1226 2002 1262 2029 et
1281 1995 1438 2040 pandere

86 2071 229 2118 palmae
253 2076 337 2104 ante
362 2068 463 2101 deum
488 2066 645 2101 delubra.
669 2086 716 2091 —-
753 2066 866 2100 Porro
899 2068 1016 2098 notum
1054 2063 1162 2105 dare
1200 2063 1355 2096 oscula
1388 2062 1440 2095 li-

91 2137 302 2179 minibus,
337 2136 380 2170 cf.
405 2136 506 2169 st.
530 2134 682 2169 Elector.
709 2133 754 2176 ΙΙ,
779 2136 814 2168 6.
851 2132 1020 2166 Kssm’ws
1058 2130 1100 2163 de
1133 2130 1274 2163 Osculis
1306 2130 1440 2163 dissert.

92 2202 168 2245 VII,
191 2205 249 2235 23.
275 2220 320 2225 —
365 2201 579 2234 tellurem
611 2208 879 2244 perrepere,
914 2196 1052 2231 humum
1098 2200 1316 2241 perreptare,
1354 2197 1439 2230 ritus

90 2269 346 2314 superstitiosus
379 2267 422 2300 ad
455 2266 640 2311 placandos
672 2265 766 2301 deos.
826 2264 979 2299 Contulit
1002 2264 1189 2298 Scimessn
1226 2263 1342 2297 luven.
1367 2262 1440 2295 Sat.

93 2336 152 2377 VI,
176 2337 258 2369 528.
296 2338 331 2368 et
363 2334 429 2367 alia
462 2344 505 2366 ex
537 2334 638 2368 Dion.
674 2333 807 2367 Cassio.
868 2331 958 2366 vide
992 2331 1094 2364 etiam
1127 2329 1264 2363 Samso.
1290 2328 1333 2362 de
1367 2330 1435 2363 Vit.

91 2401 191 2434 beata
216 2411 245 2434 c.
272 2402 329 2433 27.
378 2398 523 2433 Videtur
547 2408 603 2431 res
629 2408 673 2431 ex
698 2395 892 2442 peregrinis
914 2395 1136 2439 religionibus
1161 2394 1294 2438 hausta,
1320 2405 1438 2438 quein-

92 2466 272 2500 admodum
307 2476 394 2509 quae
428 2466 542 2499 statim
578 2465 714 2499 additur
744 2462 925 2508 percussio
957 2461 1085 2507 capitis
1097 2474 1110 2500 ;
1147 2466 1183 2496 at
1217 2463 1438 2506 procumbere

93 2534 171 2564 ante
195 2531 320 2575 templa
349 2535 383 2564 et
408 2532 554 2564 osculari
582 2531 697 2564 limina
723 2529 902 2563 domestici
928 2529 1031 2562 moris
1057 2528 1130 2562 suit.
1157 2547 1203 2553 *-
1228 2530 1437 2563 miserum

93 2600 247 2641 caput,
285 2598 470 2630 cruciatum
497 2597 623 2630 amoris
650 2605 767 2641 parum
792 2594 933 2629 secundi
958 2594 1154 2636 doloribus,
1180 2593 1332 2638 epitheto
1359 2605 1436 2639 per-

94 2674 195 2698 sonae
221 2663 262 2697 ad
290 2668 419 2708 partem
444 2664 596 2710 corporis
623 2664 752 2705 relato,
776 2665 814 2696 ut
839 2671 961 2706 saepe,
985 2660 1027 2694 cs.
1054 2659 1096 2695 ad
1124 2660 1149 2702 l,
1180 2662 1208 2702 1,
1230 2661 1285 2693 46.
