1721 2953
649 143 895 186 TIBULLI.
1351 167 1443 193 cxm

98 261 188 300 libro
211 261 334 300 huius
359 258 606 299 collectionis
629 259 801 299 verbum
823 259 1008 301 addatur.
1063 263 1122 302 Ac
1141 264 1319 317 primum
1350 268 1443 321 qni-

100 335 192 374 dem
216 335 439 375 carminum
471 347 627 384 eorum,
658 335 808 387 quibus
832 335 1035 389 Sulpiciae
1058 347 1097 378 et
1118 339 1304 382 Cerinthi
1330 358 1444 385 amo-

97 424 162 449 res
193 417 416 459 canuntur,
452 423 517 448 me
548 410 762 449 Tibullum
788 407 1012 452 ¹auctorem
1051 414 1203 455 habere
1232 432 1324 458 cum
1354 420 1443 460 aliis

98 498 220 536 supra
250 483 398 524 vidisti.
455 482 717 538 Quamquam
746 485 870 536 igitur
898 487 998 527 haec
1028 490 1169 530 brevia
1202 503 1443 544 argumenta

96 559 364 600 divisionibus
402 573 546 599 rerum
583 560 628 599 in
661 568 798 613 partes
835 562 1120 616 frequentibus
1158 569 1294 609 minus
1336 580 1442 624 apta,

95 644 227 674 tamen
257 635 336 674 hoc
369 635 584 674 artificium
613 636 894 676 Tibullianum
932 641 1083 691 passim
1120 644 1239 684 etiam
1269 646 1336 685 hic
1370 648 1441 688 ad-

93 709 269 748 hibitum
300 708 439 750 videas
467 710 707 760 manifesto,
743 712 817 751 ubi
846 713 1121 755 commodum.

92 803 216 853 1V‚2.
244 804 358 843 Illius
391 817 442 842 ex
472 804 625 854 oculis,
663 818 755 845 cum
786 806 874 845 vult
908 820 1083 846 exurere
1114 807 1256 860 divos,

260 878 457 917 Accendit
485 880 664 930 geminas
691 879 900 932 lampadas
930 896 1022 922 acer
1049 883 1195 925 Amor.

200 954 337 1003 Illam,
373 953 574 1007 quidquid
605 955 704 1006 agit,
742 969 914 1010 quoquo
946 960 1115 1010 vestigia
1142 963 1291 1014 movit,

259 1028 481 1080 Componit
511 1029 652 1068 furtim
683 1031 1030 1086 subsequiturque
1061 1035 1215 1076 Decor.

204 1102 286 1142 Seu
312 1104 433 1143 solvit
464 1105 615 1154 crines,
653 1105 752 1144 susis
783 1105 898 1146 decet
927 1122 1011 1148 esse
1041 1111 1218 1162 capillis:

259 1178 342 1217 Seu
373 1179 567 1230 compsit,
599 1181 780 1231 ‘comptis
812 1190 870 1220 est
899 1185 1136 1224 veneranda
1166 1189 1303 1229 comis.

202 1251 313 1301 Urit,
349 1267 421 1292 seu
451 1254 579 1306 Tyria
608 1254 739 1293 voluit
767 1256 992 1306 procedere
1018 1260 1152 1310 palla:

258 1327 374 1376 Urit,
415 1342 487 1366 seu
517 1329 637 1368 nivea
669 1328 840 1368 candida
871 1339 981 1372 veste
1011 1333 1139 1373 venit.

87 1435 160 1487 IV,
173 1436 212 1476 4.
241 1436 407 1486 Sancte,
438 1438 553 1487 veni,
584 1446 800 1492 tecumque
830 1440 957 1491 seras,
988 1443 1226 1496 quicunque
1256 1459 1437 1498 sapores,

260 1509 507 1565 Quicunque
539 1521 579 1553 et
609 1522 750 1553 cantus
781 1528 956 1568 corpora
986 1518 1093 1557 fessa
1121 1520 1274 1560 levant.

87 1621 208 1671 IV,3.
237 1623 363 1661 Parce
392 1637 484 1663 meo
515 1624 675 1675 iuveni,
717 1640 789 1664 seu
824 1626 914 1678 quis
946 1628 1056 1666 bona
1084 1642 1236 1680 pascua
1264 1634 1396 1686 campi

258 1697 340 1736 Seu
370 1700 468 1738 colis
498 1700 685 1739 umbrosi
715 1699 834 1739 devia
862 1701 1012 1740 montis
1042 1716 1154 1754 aper.

88 1808 191 1848 Ibid.
221 1806 324 1856 Quis
355 1809 474 1847 furor
502 1817 579 1858 est,
610 1823 715 1862 quae
745 1824 880 1860 mens,
913 1810 1061 1851 densos
1089 1812 1281 1865 indagine
1312 1820 1434 1859 colles

257 1882 526 1921 Claudentem
558 1891 720 1923 teneras
749 1884 910 1923 laedere
942 1888 1044 1926 velle
1074 1891 1237 1929 manus?

200 1956 361 2006 Quidve
389 1958 503 1997 iuvat
533 1958 677 1996 furtim
705 1960 881 1999 latebras
914 1961 1068 1999 intrare
1101 1963 1284 2003 serarum

257 2032 525 2087 Candidaque
555 2034 728 2074 hamatis
762 2050 878 2074 crura
907 2044 1051 2075 notare
1081 2036 1227 2078 rubis?

88 2108 230 2151 Collat.
251 2109 344 2149 Tib.
358 2110 518 2159 1‚4‚47:
548 2108 689 2149 Necte
710 2111 914 2162 paeniteat
935 2110 1060 2151 duros
1081 2114 1254 2154 subiisse
1271 2116 1433 2156 labores

250 2184 333 2223 Aut
363 2197 490 2235 opera
517 2184 696 2224 insuetas
727 2187 939 2224 alteruisse
969 2201 1123 2237 manus,

198 2258 305 2309 Nec,
334 2259 431 2299 velit
459 2258 618 2298 insidiis
648 2261 746 2299 altas
775 2260 809 2299 si
842 2260 1032 2301 claudere
1062 2263 1212 2312 valles,

159 2314 178 2334 ⁰
252 2334 367 2373 Dum
395 2335 578 2386 placeas,
616 2336 761 2374 humeri
786 2336 888 2375 retia
918 2337 1024 2375 serre
1054 2346 1213 2388 negent.

86 2425 209 2475 Quod
250 2427 359 2466 enim
403 2427 525 2466 simul
573 2428 671 2467 bina
723 2442 873 2479 genera
919 2430 1200 2469 membrorum
1248 2433 1433 2483 corporis

86 2503 294 2543 nominata
336 2511 432 2542 sunt
478 2503 521 2541 in
564 2503 627 2543 his
671 2504 823 2542 ultimis
865 2505 1096 2554 sententiis,
1149 2520 1233 2546 non
1279 2516 1431 2548 temere

85 2576 236 2616 factum
263 2586 381 2630 puta,
411 2576 482 2617 sed
505 2586 678 2632 propter
703 2578 1018 2618 concinnitatem
1042 2579 1273 2632 divisionis,
1309 2597 1431 2636 quam
