1721 2953
256 167 354 192 inv
796 154 872 196 DE
903 153 1060 197 POESI

256 276 375 315 lectio
408 273 524 314 docet
563 274 757 314 varietate
797 276 1018 316 affectuum
1056 285 1168 317 tanta
1204 278 1470 332 conspicuum
1502 292 1599 320 esse,

257 353 387 406 qualis
418 349 526 403 apud
562 351 720 388 nullum
756 351 880 392 alium
911 352 1234 407 deprehenditur
1261 364 1426 407 poetam
1456 355 1600 407 elegia·
1657 402 1663 408 .

257 442 361 468 cum.
418 427 516 465 Erat
546 423 769 464 admodum
794 426 998 478 vividum,
1026 427 1234 468 fervidum
1264 430 1350 470 eius
1378 429 1601 482 ingenium,

258 513 302 544 ut
330 505 409 543 iam
439 516 564 554 supra
593 499 782 551 vidimus,
811 511 850 542 et
880 517 973 543 cum
1003 511 1090 544 toto
1120 512 1286 557 pectore
1317 507 1497 555 sentiret,
1528 505 1601 545 do-

254 581 377 627 leret,
418 584 605 630 cuperet,
645 586 819 626 amaret,
862 585 902 617 et
931 580 965 618 si
995 578 1108 632 quod
1145 587 1311 631 urgeret
1339 579 1601 627 desiderium,

254 668 396 696 omnes
426 653 469 693 id
499 666 642 693 sensus
671 666 768 694 suos
801 663 839 694 et
868 656 1133 707 cogitationes
1161 656 1375 708 impleret,
1415 664 1506 696 orta
1543 665 1603 695 est

253 732 308 774 sic
337 735 407 773 illa
436 731 605 784 insignis
643 731 854 771 fluctuatio
895 732 1043 783 animi,
1078 733 1147 772 ille
1181 733 1320 774 varius
1357 741 1492 772 motus
1521 733 1602 771 huc

251 812 348 850 illuc
378 823 419 849 se
448 816 634 856 vertens,
665 815 704 845 et
734 807 873 846 omnia
903 809 1079 859 agitans,
1110 821 1382 860 percurrens,
1414 821 1519 860 quae
1551 806 1600 846 ad

255 886 376 925 [inem
417 884 674 936 propositum
716 881 866 921 ducere
906 882 1162 923 viderentur.
1239 882 1362 923 Nunc
1403 884 1603 936 queritur,

254 975 363 999 nunc
401 959 613 1007 irascitur,
652 965 909 1008 exsecratur,
948 959 1046 997 alias
1084 967 1298 1011 precatur,
1339 972 1440 999 mox
1477 966 1604 998 terret

252 1037 370 1076 minis
403 1047 634 1087 poenarum
676 1034 932 1083 coelestimn,
978 1041 1017 1072 et
1055 1047 1166 1073 nunc
1205 1034 1373 1074 ianuam
1413 1035 1602 1086 appellat,

254 1125 361 1149 nunc
391 1108 571 1161 puellam
599 1108 810 1157 hortatur,
841 1121 952 1146 nunc
982 1121 1025 1147 se
1056 1109 1303 1161 alloquitur,
1343 1123 1455 1148 nunc
1487 1107 1601 1148 deni-

253 1199 332 1237 ‹fue
363 1190 673 1237 praetereuntes
702 1181 909 1232 admonet,
939 1190 977 1221 et
1003 1195 1108 1236 quae
1131 1191 1228 1222 sunt
1248 1184 1326 1222 alia
1353 1183 1604 1224 huiusmodi.

252 1261 332 1302 Sed
364 1261 413 1300 de
442 1259 638 1301 varietate
676 1272 816 1297 rerum
852 1266 892 1298 et
922 1260 1144 1299 affectuum
1176 1258 1288 1312 apud
1316 1259 1529 1298 Tibullum
1559 1259 1600 1297 in

252 1342 491 1379 universum
521 1343 679 1375 constat
708 1335 816 1374 inter
845 1348 999 1385 omnes,
1031 1350 1124 1375 cum
1149 1350 1250 1376 vero
1280 1335 1384 1374 illud
1413 1349 1498 1374 non
1530 1350 1602 1374 ex-

250 1417 448 1468 plicarent
469 1413 725 1464 interpretes,
755 1411 965 1464 quomodo
996 1420 1081 1451 tota
1107 1413 1207 1451 haec
1235 1412 1410 1452 varietas
1434 1411 1485 1450 ad
1508 1414 1601 1451 uni-

252 1500 373 1530 tatem
412 1489 613 1542 poeticam
653 1488 877 1540 composita
917 1488 989 1538 sit,
1029 1489 1151 1539 vulgo
1196 1488 1292 1527 artis
1332 1488 1521 1538 ignarum
1563 1497 1603 1526 et

252 1582 373 1608 coeco
404 1568 561 1619 impetu
590 1564 727 1616 vagari
748 1564 919 1604 credunt
941 1563 1060 1603 multi
1088 1565 1291 1616 optimum
1311 1573 1498 1616 poetam,
1531 1565 1601 1616 qui

254 1646 365 1683 nullo
398 1657 482 1683 uon
511 1642 556 1681 in
587 1641 764 1682 carmine
794 1641 1015 1692 pulchrum
1047 1639 1237 1680 ordinem
1277 1648 1317 1678 et
1355 1648 1599 1679 concentum

251 1736 388 1761 rvi-um
430 1721 570 1771 finxit,
620 1715 968 1772 quemadmodum
1007 1716 1255 1758 videbimus.
1324 1716 1600 1756 Procedamus

251 1797 409 1836 ordine.

366 1872 438 1910 Est
476 1871 599 1921 vulgo
641 1869 810 1909 omniuo
851 1869 977 1920 elegia
1013 1868 1091 1907 alia
1129 1867 1285 1919 lenior,
1326 1868 1601 1920 tranquillior,

249 1946 481 1994 remissior,
521 1946 598 1983 alia
636 1946 872 1994 nervosior,
915 1944 1144 1993 incitatior,
1185 1944 1491 1989 vehementior,
1531 1943 1598 1983 sed

252 2024 364 2061 nulla
397 2021 482 2060 sine
512 2019 716 2061 vividiore
752 2020 930 2073 quodam
963 2034 1100 2060 sensu.
1165 2019 1318 2060 Earum
1361 2029 1495 2060 autem
1535 2034 1599 2058 rc-

250 2112 365 2146 rum,
399 2109 542 2136 eorum
573 2086 768 2135 sensuum
801 2104 838 2135 et
869 2096 1114 2145 affectuum,
1149 2096 1254 2148 quos
1284 2109 1447 2137 carmen
1478 2096 1601 2134 habet

251 2173 361 2213 aliud
397 2172 518 2221 alios,
561 2170 906 2223 quemadmodum
945 2171 989 2209 in
1029 2170 1193 2210 musicis
1235 2169 1600 2222 compositionibus

249 2250 493 2302 primarium
534 2248 701 2288 modum
737 2256 775 2286 et
815 2246 1072 2286 harmoniam
1113 2246 1276 2295 dicunt,
1321 2247 1376 2285 sic
1413 2250 1448 2285 in
1485 2248 1600 2295 elegia

250 2326 407 2377 affin-tus
437 2325 589 2377 qnidam
621 2333 670 2362 es!
698 2322 900 2377 primaria}
926 2332 991 2362 aut
1017 2326 1192 2363 sententia
1217 2337 1377 2362 summa.
1432 2323 1490 2360 Ac
1512 2323 1599 2373 ple-

253 2416 425 2455 rumque
465 2401 627 2454 quidem
668 2402 857 2440 affectum
901 2401 1079 2453 aliquem
1119 2414 1292 2452 regnare
1332 2399 1493 2447 videas,
1533 2399 1599 2437 cui

251 2487 382 2516 cetera
426 2478 563 2515 onmia
605 2479 784 2516 subiecta
826 2477 929 2527 sint,
974 2476 1064 2516 dico
1096 2485 1233 2516 autem
1264 2476 1454 2518 affectum
1486 2489 1596 2513 nunc

249 2554 469 2604 generatim
505 2552 703 2604 quidquid
736 2554 932 2601 laetitiae,
963 2552 1139 2599 doloris,
1170 2559 1322 2599 metus,
1354 2549 1598 2601 cupiditatis,

250 2630 460 2671 desiderii.
494 2643 681 2680 precum,
723 2632 827 2679 irae,
869 2630 1071 2668 minarum
1105 2628 1228 2679 elegia
1259 2628 1404 2675 habet,
1447 2633 1484 2664 et
1516 2625 1599 2677 pri-
