1721 2953
518 137 662 179 LlBR.
692 137 744 178 II.
802 136 961 179 ELEG.
991 139 1021 178 1.
1354 141 1432 178 217

90 255 272 292 admodum
294 256 328 290 in
352 253 608 289 Introductione
634 251 847 294 monuimus,
871 251 913 286 ad
938 263 1041 286 unum
1066 260 1232 286 summum
1257 251 1433 285 consilium

90 324 231 369 pulchre
254 321 535 367 conspirantibus.
584 318 803 366 Agrestibus
834 318 901 352 diis
933 318 1094 353 cultioris
1128 317 1224 353 vitae
1255 317 1350 351 razio
1376 317 1435 349 de*

91 390 204 425 betur.
252 391 302 424 Ae
325 388 471 432 primum
495 384 634 428 quidem
672 383 713 416 cle
746 382 845 417 victu
881 390 1078 419 monstrato
1114 383 1252 417 meliore
1285 382 1369 417 dicit
1403 393 1437 416 v.

90 459 229 490 37-50.
255 455 400 499 primum
424 451 614 495 generatim
638 459 832 494 proponens
854 447 967 483 thema
986 451 1117 485 verbist
1144 450 1212 484 his
1238 451 1333 484 vita
1356 460 1435 484 ma·

90 520 256 564 gistris
279 523 359 561 etc„
389 522 461 551 tum
487 528 549 561 per
567 520 683 562 partes
708 526 911 560 exsequens.
929 534 975 541 --
999 518 1114 560 vita,
1139 516 1302 560 homines,
1330 526 1440 560 genus

91 585 291 627 humanum,
330 585 374 619 cf.
409 585 530 618 Bumu.
565 583 609 617 ad
641 582 790 618 Phaedr.
823 583 851 626 Ι,
886 584 1028 627 Prolog.
1054 587 1087 618 4.
1143 584 1313 628 Imprimis
1347 584 1439 628 apud

91 654 268 688 SssNsscAM
290 655 324 686 et
345 653 511 686 Prummu
531 653 579 686 ita
597 651 665 685 dici
685 651 902 685 observatum
922 655 984 693 est,
1005 651 1289 694 quemadmodum
1305 651 1441 684 Graece

91 722 184 761 βίος,
219 718 263 753 cf.
289 719 490 753 Csssmzon.
517 718 560 752 ad
585 717 709 752 Athen.
733 719 813 760 XV,
838 721 872 752 5.
930 717 984 751 Ad
1009 722 1159 751 nostrum
1185 718 1297 751 locum
1321 727 1442 750 exem-

92 785 149 828 pla
174 785 334 819 Vumus
357 785 483 818 attulit.
509 801 554 809 —
578 785 622 819 V.
644 786 690 817 39
715 794 790 827 sqq.
817 784 1096 827 compositis
1120 784 1305 826 tigillis,
1353 784 1443 817 Sunt

91 852 186 894 tigna
215 862 319 895 parva
344 862 371 885 s.
396 851 568 895 perticae,
605 851 728 894 quibus
753 851 954 895 pectinatim
979 851 1100 894 positis
1125 852 1322 885 intexuntur
1345 850 1442 884 fron-

92 916 174 958 ἀρε,
211 918 294 950 alias
328 917 508 950 arundines
542 920 602 950 aut
633 917 817 957 stramina,
853 920 956 959 atque
988 917 1036 949 ita
1068 918 1108 950 fit
1140 921 1267 951 tectum
1304 916 1442 959 tugurii.

92 984 264 1017 Describit
281 995 376 1017 casas
399 988 553 1027 agrestes
576 994 603 1018 s.
622 985 760 1027 tuguria
783 983 989 1027 (lc'inclliclzej
1003 984 1202 1027 Sclzoppen)
1225 985 1376 1018 Vossms
1400 981 1444 1015 ad

93 1050 191 1092 Virg.
206 1049 330 1092 Eclog.
342 1051 369 1092 Ι,
391 1062 424 1094 p.
439 1052 496 1084 41.
523 1050 612 1083 Nam
631 1050 673 1083 ab
690 1049 741 1082 his
759 1049 862 1083 initiis
877 1049 1032 1093 profecta
1049 1049 1226 1083 domorum
1245 1048 1445 1089 exstructio,

94 1127 172 1150 cum
206 1115 351 1160 primum
383 1117 419 1150 iu
449 1118 555 1150 antris
580 1116 788 1150 habitassent
812 1115 977 1150 homines.
1028 1116 1198 1150 domum
1231 1125 1312 1148 vero
1338 1118 1442 1157 poeta

93 1193 184 1216 nunc
215 1192 328 1216 casam
361 1183 464 1215 talem
497 1183 648 1226 appellat
682 1181 876 1215 honestiore
907 1182 1073 1216 vocabulo
1099 1193 1200 1224 usus,
1236 1185 1275 1215 ut
1299 1181 1447 1217 Horma

93 1247 156 1289 III,
183 1250 216 1290 1,
237 1250 304 1281 22:
340 1259 482 1280 somnus
514 1247 711 1292 agrestium
748 1246 837 1280 lenis
869 1247 1026 1280 virorum
1059 1259 1128 1280 non,
1151 1246 1302 1279 humiles
1328 1246 1447 1279 domos

91 1314 260 1360 fastidit.
283 1333 331 1339 —
355 1315 441 1347 Mox
466 1315 501 1347 in
520 1314 655 1347 verbis:
680 1314 757 1347 Illi
781 1318 940 1347 tauros
965 1314 1178 1347 docuisse
1202 1313 1446 1347 servitium

95 1383 137 1412 et
162 1379 372 1422 plaustro
398 1382 542 1412 rotam
567 1379 876 1423 supposuisse
901 1379 1142 1422 seruntur,
1169 1389 1275 1422 aegre
1301 1384 1448 1423 exputes

94 1445 176 1488 quid
209 1445 440 1487 ambiguitatis
473 1444 573 1486 insit,
614 1443 903 1487 quemadmodum
932 1443 1081 1478 Vossms
1115 1448 1150 1478 et
1181 1444 1344 1478 Bicmus
1371 1446 1448 1489 opi-

93 1515 237 1553 nantur,
271 1511 329 1553 qui
354 1509 526 1543 domuisse
551 1526 597 1536 —
620 1509 766 1543 servitio
791 1515 1000 1554 posuerunt,
1035 1510 1127 1553 quod
1152 1511 1450 1545 commendaverat

95 1577 338 1610 GEBHARDUS.
396 1576 630 1619 Quisquamne
646 1578 730 1608 'tam
764 1576 902 1619 ineptus
926 1577 971 1609 sit
995 1580 1033 1609 ut
1057 1581 1252 1610 construat:
1289 1576 1449 1610 docuisse

94 1641 349 1688 supposuisse?
397 1644 627 1676 GEBIIARDUS
647 1643 864 1686 praeferebat
890 1642 1064 1675 domuisse
1084 1654 1104 1676 e
1129 1642 1343 1685 quibusdam,
1369 1643 1449 1685 quia

95 1708 199 1741 modo
230 1708 472 1751 praecessisset
497 1707 665 1744 docuere,
703 1711 739 1740 et
763 1708 917 1741 mutabat
941 1708 991 1741 sic
1023 1708 1208 1740 servilium
1233 1709 1268 1741 in
1292 1707 1451 1740 servitio.

97 1775 169 1809 Sed
202 1776 359 1809 consulto
392 1774 504 1819 potuit
534 1774 692 1808 Tibullus
726 1779 886 1819 repetere
919 1785 952 1808 v.
983 1773 1114 1809 docere.
1138 1793 1185 1799 ——
1225 1776 1450 1819 plaustro,

98 1853 166 1887 quo
191 1842 328 1876 domum
353 1840 520 1875 vehuntur
544 1841 666 1884 copiae
692 1840 792 1874 ruris.
819 1859 867 1865 —
906 1840 1062 1883 Denique
1096 1850 1158 1873 cur
1187 1841 1324 1874 omnino
1351 1850 1450 1874 orsus

98 1910 143 1942 sit
179 1909 338 1942 Tibullus
381 1908 642 1952 descriptionem
687 1908 730 1941 ab
770 1906 821 1941 his
860 1907 995 1941 duobus
1034 1906 1188 1940 distichis
1227 1906 1303 1951 ipse
1341 1907 1451 1941 vides.

99 1974 278 2008 Habitatio
304 1975 431 2007 rustica
463 1977 499 2007 et
531 1973 726 2007 animalium
758 1973 910 2006 domatio
942 1977 1021 2006 sunt
1044 1973 1154 2017 prima
1178 1973 1274 2006 initia
1298 1973 1453 2007 cultiorIS

99 2042 208 2083 vitae,
246 2041 461 2075 emendatum
492 2040 620 2074 victum
645 2051 732 2084 quae
762 2045 1035 2085 praecesserunt.
1084 2041 1151 2075 His
1176 2041 1281 2084 igitur
1304 2042 1450 2085 primum

100 2107 277 2149 indicatis,
312 2108 378 2140 iam
412 2106 454 2140 ad
487 2117 520 2140 v.
546 2110 604 2140 38.
637 2107 762 2140 redibit
795 2112 829 2142 et
854 2108 934 2141 data
959 2118 1065 2152 opera
1090 2107 1133 2141 de
1158 2108 1251 2141 victu
1276 2108 1380 2142 dicet.
1406 2125 1450 2132 ——

101 2173 145 2206 V.
171 2175 215 2205 43
241 2183 315 2215 sqq.
355 2176 461 2205 tunc
486 2173 668 2205 consita
692 2183 858 2216 pomus.
907 2173 994 2206 Cum
1019 2177 1099 2207 ante
1123 2175 1256 2207 nonnisi
1280 2175 1454 2207 silvestres

102 2241 138 2271 et
164 2237 257 2271 ferae
282 2238 421 2271 arbores
447 2238 589 2271 fuissent
612 2242 734 2282 sponte
760 2243 880 2281 natae,
918 2249 1007 2273 nunc
1033 2240 1186 2283 plantata
1211 2243 1291 2273 sunt
1322 2239 1365 2272 ab
1391 2238 1457 2272 ho-

103 2305 250 2340 minibus
283 2305 317 2338 in
351 2306 444 2338 culto
479 2306 553 2339 solo
587 2316 688 2350 poma
724 2310 760 2339 et
793 2310 912 2340 curata
947 2306 1142 2349 diligenter.
1198 2307 1260 2340 Sic
1293 2305 1456 2339 defendas

104 2373 286 2406 lectionem
313 2371 467 2407 consita,
505 2382 567 2415 pro
603 2382 670 2415 qua
704 2371 848 2405 Lmsms
882 2371 995 2404 insita
1029 2372 1241 2415 emendavit,
1276 2374 1457 2417 probatum

105 2437 388 2480 Bnoucrfflusio,
414 2439 572 2480 Ῡεωηο,
597 2440 739 2473 Vossxo.
788 2440 979 2482 Vulgatum
1003 2439 1176 2473 Ham-ms
1201 2443 1337 2482 tuetur,
1362 2443 1456 2473 recte

106 2512 248 2536 monens
272 2503 411 2538 arbores
435 2505 610 2537 silvestres
635 2504 780 2548 primum
805 2506 957 2548 satione,
990 2506 1234 2548 translatione,
1269 2516 1351 2539 cura
1376 2505 1457 2538 feri-

110 2572 215 2602 tatem
240 2570 389 2604 exuisse.
439 2570 582 2605 Accedit
607 2570 832 2605 Huscnxms.
859 2591 905 2597 -
940 2572 1065 2606 Tunc
1098 2572 1218 2606 bibit
1252 2573 1457 2616 irriguas

110 2633 161 2668 lio
174 2638 266 2669 rtus
291 2647 440 2680 aquas.
490 2637 660 2672 Amabant
679 2638 866 2682 paullulum
889 2638 1036 2673 declives
1057 2637 1174 2673 hortos
1193 2640 1226 2673 iu
1245 2638 1360 2684 aprico
1384 2638 1457 2672 solo
