1721 2953
253 99 333 137 24⁸
560 94 935 137 COMMENTAR.
968 99 1027 138 IN
1058 99 1285 139 TIBULLI

258 211 429 254 permisit,
457 210 555 243 aliam
584 211 694 253 legem
721 212 770 244 rei
797 211 889 246 Nero
916 216 952 246 nt
978 212 1111 245 videtur
1139 214 1294 257 scripsit,
1327 218 1398 248 tum
1423 216 1600 258 Traianus,

254 278 384 309 nonnisi
419 275 524 319 pedes
555 279 602 309 60
637 276 849 319 concedens,
883 278 926 312 cf.
953 278 1051 311 st.
1087 278 1131 311 ad
1157 279 1267 314 Tacit.
1295 280 1414 314 Annal.
1437 281 1515 322 XV,
1540 285 1600 316 43.

254 341 300 374 Et
324 342 518 385 superiores
541 342 679 385 quidem
714 345 829 386 partes
854 341 925 375 fere
952 343 1086 385 ligneae
1112 348 1219 378 erant.
1271 345 1403 380 Quodsi
1427 345 1598 380 addideris

254 408 323 439 vias
348 412 508 450 angustas
533 408 657 451 fuisse,
688 410 788 452 plane
821 409 947 443 senties
972 421 1072 453 quam
1108 421 1188 444 vere
1214 411 1371 444 Tibullus
1396 412 1497 446 dicat.
1548 413 1598 447 M.

253 474 400 507 SENECA
428 475 590 508 Controv.
618 479 658 509 9:
702 477 823 508 Tanta
855 475 1013 509 altitudo
1045 464 1372 521 aedificiormn'est
1405 484 1600 524 tantaeque

251 539 390 572 viarum
412 541 621 587 angustiae,
647 547 689 575 ut
713 554 824 588 neque
849 542 1021 576 adversus
1045 543 1159 589 ignem
1179 543 1395 588 praesidium
1422 555 1531 590 neque
1556 555 1599 575 ex

249 604 363 637 ruinis
387 606 500 639 ullum
525 607 636 640 ullam
659 609 695 641 in
714 615 854 653 partem
879 609 1055 655 effugiam
1081 609 1140 644 sit.
1157 628 1203 634 —-
1232 611 1272 644 V.
1301 613 1358 643 45.
1384 613 1442 644 46.
1469 611 1600 643 Clau-

251 668 315 703 dit
348 673 486 705 moles
520 684 647 708 mare.
696 675 867 718 Loquitur
901 675 945 709 de
981 675 1119 719 piscinis
1145 676 1304 717 marinis,
1341 686 1427 718 quae
1453 676 1599 709 molibus

252 736 286 768 in
320 737 426 770 altum
462 739 559 771 iactis
585 740 836 783 condebantur,
872 745 909 774 ut
941 741 1186 784 exquisitorum
1222 742 1362 785 piscium
1395 742 1600 774 marinorum

251 802 371 843 quovis
404 807 559 848 tempore
583 811 784 850 suppeteret
809 808 908 851 copia
934 818 997 841 nec
1030 812 1273 851 tempestatum
1308 808 1458 852 pericula
1492 809 1602 842 adiret

251 868 342 910 gula.
401 869 517 904 Locus
553 872 716 905 classicus
753 878 805 906 est
840 884 895 916 ap.
930 874 1098 907 Vanaois‘.
1136 873 1178 906 de
1215 873 1269 906 Re
1307 873 1408 906 Rust.
1444 873 1506 915 111,
1543 878 1599 908 17.

250 935 435 969 Praeterea
461 938 537 972 vide
564 939 707 973 HORAT.
734 940 796 981 ΠΙ,
825 943 857 982 1,
883 943 939 973 33.
969 945 1004 973 et
1030 941 1073 982 ll,
1101 943 1157 982 15,
1181 943 1214 973 3.
1248 951 1402 983 quaeque
1433 941 1478 974 ibi
1504 942 1602 975 ΜΙΤ-

251 1010 513 1036 scnnnmcmus
540 1004 674 1046 laudat,
700 1009 735 1038 et
760 1005 1048 1038 Bnoncmmsmm
1076 1005 1316 1047 Vntmuzuque
1342 1006 1384 1038 ad
1411 1007 1599 1049 Tibullum,

251 1066 342 1099 illum
369 1069 504 1110 quidem
538 1069 580 1102 ad
606 1070 650 1111 ΙΙ,
675 1073 708 1111 6,
733 1072 790 1102 27.
840 1070 936 1102 Dixit
960 1069 1002 1101 de
1028 1068 1091 1102 hoc
1118 1070 1194 1102 loco
1221 1071 1324 1103 etiam
1350 1072 1594 1106 Gnssmnnus.

252 1131 413 1167 Ceterum
448 1145 492 1168 ex
527 1134 590 1168 hoc
622 1145 750 1177 genere
784 1134 885 1166 etiam
917 1133 1085 1167 Lucrinus
1111 1139 1204 1177 erat,
1246 1135 1288 1168 de
1313 1146 1380 1178 quo
1406 1137 1438 1169 in
1466 1142 1600 1181 portum

252 1198 375 1233 lulium
408 1211 574 1235 converso
610 1202 688 1235 vide
723 1201 906 1234 Hmmnm
941 1205 976 1234 et
1011 1202 1170 1234 Vossmn
1204 1202 1245 1234 ad
1282 1203 1376 1245 Virg.
1402 1204 1531 1245 Georg.
1557 1204 1602 1245 Π,

253 1267 318 1297 161
337 1276 412 1309 sqq.
459 1268 664 1302 Abundabat
688 1269 836 1301 maxime
861 1269 996 1309 ostreis,
1023 1269 1160 1302 STRAB.
1178 1269 1219 1302 V.
1243 1281 1276 1312 p.
1296 1271 1376 1302 374.
1402 1275 1435 1302 et
1459 1270 1601 1305 Hom.

252 1331 364 1375 Epod.
390 1332 434 1376 11,
456 1337 512 1367 49.
547 1335 629 1377 ibiq.
662 1335 917 1376 Mrrscnmrn„
955 1345 1054 1377 quem
1089 1335 1192 1367 etiarn
1226 1335 1268 1367 ad
1294 1335 1339 1376 Π,
1370 1338 1423 1376 15,
1449 1338 1481 1368 3.
1518 1347 1602 1368 con-

252 1397 313 1430 fer.
340 1418 385 1422 —
411 1400 586 1441 lentus,
609 1401 722 1434 animo
746 1402 791 1434 nil
818 1406 1010 1441 commoto,
1034 1410 1186 1433 securus.
1214 1418 1256 1424 —
1283 1400 1504 1443 Negligat
1529 1401 1602 1434 ad-

252 1473 373 1506 esse,
409 1465 560 1508 pleniore
585 1467 738 1500 oratione
764 1477 814 1511 pr.
838 1467 980 1511 simplici
1010 1468 1173 1509 negligat.
1201 1485 1248 1490 —-
1280 1466 1500 1500 hibernas
1526 1469 1602 1500 mi-

253 1539 345 1570 nas,
372 1530 414 1564 cf.
441 1531 583 1565 Honff.
607 1533 635 1574 I,
665 1535 719 1574 12,
745 1536 812 1566 312
837 1532 956 1564 minax
983 1532 1091 1566 unda.
1118 1534 1224 1566 VmG.
1246 1534 1329 1566 Aen.
1349 1534 1408 1575 VI,
1430 1536 1516 1568 113:
1540 1547 1602 1578 [fe-

252 1594 395 1640 lagique
417 1596 529 1629 minae
550 1598 717 1644 caelique.
736 1617 778 1623 —
805 1599 901 1632 Haec
920 1597 1093 1631 hactenus.
1143 1598 1267 1630 Forma
1289 1598 1354 1631 loci
1372 1599 1604 1633 antecedentis

253 1662 365 1694 suavis
391 1666 464 1702 cst3
499 1663 617 1695 nititur
641 1667 713 1696 tota
739 1663 1033 1707 oppositionibus,
1060 1667 1096 1695 ut
1121 1663 1255 1706 saepius
1279 1664 1317 1696 fit
1341 1664 1374 1696 in
1400 1664 1603 1708 descriptio-

254 1727 362 1760 nibus.
414 1729 566 1772 Opponit
591 1730 678 1763 enim
706 1730 850 1774 primum
877 1730 941 1763 sibi
966 1731 1140 1764 terrestria
1168 1735 1203 1763 et
1228 1732 1358 1765 navalia
1383 1732 1482 1766 bella.
1533 1734 1603 1766 Ad-

255 1794 303 1826 ‹lit
328 1793 450 1828 deinde
485 1800 522 1828 ut
547 1796 730 1839 praedator
764 1806 903 1840 campos
940 1797 1122 1830 immensos
1158 1802 1291 1830 coemat
1316 1801 1351 1830 et
1374 1798 1407 1831 in
1431 1799 1516 1832 urbe
1541 1799 1603 1832 do-

254 1871 326 1893 mos
351 1863 546 1904 magnificas
568 1867 739 1904 exstruat,
765 1864 886 1906 quibus
912 1864 1131 1896 terrestribus
1157 1864 1259 1897 rebus
1285 1864 1431 1907 denique
1456 1865 1603 1909 piscinas

255 1928 287 1960 in
323 1929 406 1961 mari
440 1929 592 1962 conditas
623 1931 774 1973 opponit.
835 1931 923 1963 Sunt
957 1931 1064 1973 igitur
1101 1932 1245 1973 primum
1281 1931 1349 1963 duo
1373 1930 1515 1964 disticha
1540 1932 1605 1965 sibi

256 1997 432 2039 opposita,
473 1996 626 2030 ultimum
654 2008 734 2030 vero
761 1997 928 2031 distichon
953 2002 1006 2031 est
1031 1998 1163 2031 duobus
1188 1998 1468 2031 antecedentibus
1493 2008 1603 2042 oppo-

253 2062 366 2096 situm.
418 2064 529 2105 Atque
563 2064 608 2095 ita
644 2062 727 2096 llaec
756 2064 940 2108 descriptio
975 2065 1061 2097 bene
1088 2063 1287 2096 absolvitur.
1309 2082 1354 2087 —
1390 2064 1432 2097 V.
1458 2065 1502 2096 47
1528 2075 1603 2106 sqq.

258 2129 370 2161 Minus
403 2128 546 2162 fortasse
580 2130 670 2162 clara
696 2131 804 2174 primo
831 2131 994 2174 adspectu
1020 2130 1192 2173 sequentis
1219 2130 1284 2163 loci
1311 2133 1365 2162 est
1390 2129 1604 2173 compositio,

254 2194 297 2227 de
322 2204 388 2236 qua
414 2195 527 2227 statim
555 2194 607 2227 hic
632 2178 920 2238 praemonendum
948 2196 1070 2237 video,
1109 2199 1289 2238 antequam
1316 2194 1358 2226 ad
1383 2194 1517 2236 singula
1541 2194 1606 2227 ὀθ-

254 2262 464 2296 scendamus.
526 2262 665 2295 Dixerat
703 2263 746 2296 de
786 2263 866 2295 viris
906 2261 1004 2295 huius
1043 2263 1171 2295 saeculi
1212 2262 1320 2304 magis
1359 2261 1402 2293 ad
1444 2260 1602 2304 praedam

255 2338 356 2370 quam
383 2328 424 2361 ad
451 2339 601 2362 amorem
626 2330 823 2373 propensis,
851 2340 938 2362 nunc
964 2329 1172 2373 procedente
1199 2329 1352 2362 oratione
1378 2328 1477 2360 etiam
1505 2326 1605 2369 puel-

254 2393 304 2425 las
339 2393 492 2435 queritur
529 2404 630 2437 opum
666 2399 700 2427 et
741 2395 895 2427 luxuriae
934 2404 1011 2427 esse
1047 2394 1229 2428 studiosas.
1299 2394 1409 2428 Quam
1449 2402 1517 2424 rem
1557 2392 1604 2424 ita

254 2457 433 2491 adornavit
458 2464 514 2501 ut,
540 2471 607 2502 quo
634 2462 794 2494 maiorem
822 2461 888 2494 vim
914 2461 990 2494 loco
1017 2461 1177 2502 inferret,
1204 2459 1390 2493 mutatione
1414 2459 1605 2491 sententiae

255 2526 417 2556 uteretur.
477 2524 621 2557 Simulat
660 2526 763 2569 igitur
801 2526 943 2569 prinlum
984 2526 1190 2558 contrarium
1229 2535 1265 2557 se
1305 2523 1468 2564 credere,
1508 2523 1603 2566 quasi

260 2589 391 2630 puellae
427 2594 519 2623 cerie
555 2592 673 2624 inclius
709 2591 817 2624 adbuc
854 2593 1009 2625 sentiant.
1063 2592 1244 2633 alloquens·
1274 2590 1464 2631 Nemesim,
1499 2594 1528 2622 al
1559 2596 1605 2627 tn,
