1721 2953
658 136 899 178 TIBULLL
1377 152 1415 175 υ
1432 151 1458 174 u

108 258 222 295 thum
264 252 569 308 quodammodo
613 252 805 307 excipiat.
875 252 983 294 Nam
1023 253 1102 294 hoc
1145 265 1297 304 genus,
1345 251 1455 306 quod¹

105 332 243 383 pueris
264 329 473 383 scriptum,
504 329 668 370 credam
696 344 819 371 suum
847 331 926 370 sibi
953 331 1171 384 proprium
1198 344 1356 371 morem
1385 331 1458 368 ha—

106 407 264 456 buisse3
310 414 358 445 ut·
394 406 603 447 lasciviam
642 407 768 446 habet
807 406 886 446 sibi
925 407 1161 459 propriam,
1203 420 1296 445 cum
1334 406 1459 456 vulgo

105 483 225 522 Musa
254 482 409 522 Tibulli
436 482 586 535 pudica
614 483 687 535 sit,
730 483 786 523 sic
829 484 951 523 etiam
990 485 1053 522 ira
1093 492 1133 523 et
1172 482 1293 523 dolor
1325 479 1460 522 'videri

104 566 237 611 potest
271 558 338 597 hic
377 567 461 598 arte
498 559 782 599 vehementior
813 560 864 598 ab
896 573 945 598 eo
977 571 1196 611 expressus
1228 571 1352 612 quam
1380 569 1459 608 pro

104 648 217 676 vero.
272 636 409 689 Atque
440 645 569 676 artem
598 635 738 690 prodit
767 636 889 676 etiam
919 636 1120 688 elegantia
1139 648 1286 686 magna
1307 633 1459 673 horum

104 714 346 754 carminum.
400 713 560 768 Nempe
599 710 828 767 Puerorum
868 726 984 753 amor
1022 720 1243 765 postquam
1277 723 1298 749 e
1329 709 1459 748 Grae«

105 791 166 830 cia
195 788 248 829 ad
276 790 487 831 Romanos
522 792 743 830 translatus
782 798 889 840 erat,
930 789 995 829 usi
1035 788 1157 828 etiam
1196 794 1342 840 poetae
1382 787 1484 842 hae.

104 881 149 907 re
190 876 286 907 sunt
324 867 375 908 ad
415 869 529 908 lusus
570 869 773 919 elegantes
812 866 972 906 Musae.
1034 864 1157 904 Nunc
1197 864 1361 904 immitis
1402 872 1461 902 est

104 945 312 985 formosus
335 945 503 999 quidam
523 959 628 998 puer
653 945 837 996 amatori,
862 957 973 984 nunc
995 944 1045 983 ab
1066 944 1146 983 alio
1168 943 1459 995 corrumpitur.

106 1035 215 1062 nunc
246 1037 270 1062 a
297 1021 492 1062 libertina
531 1021 728 1072 allicitur,
767 1029 856 1060 tum
894 1020 1071 1073 superbe
1109 1019 1308 1069 habetur,
1348 1026 1387 1056 et
1427 1018 1461 1056 si

108 1112 189 1151 qua
219 1099 298 1139 alia
325 1099 432 1138 ratio
462 1107 656 1138 ornatum
686 1097 937 1137 admittebat.
1000 1096 1215 1145 Tibullus,
1254 1108 1333 1148 pro
1365 1095 1460 1134 sim-

106 1175 283 1226 plicitate
323 1188 398 1213 sua
436 1175 594 1214 alienus
630 1175 664 1213 si
695 1174 787 1227 quis
827 1173 931 1213 alius
973 1174 1022 1212 ab
1062 1173 1178 1212 inani
1216 1173 1333 1221 lusu,
1376 1185 1461 1210 non

109 1250 241 1302 potuit
277 1250 399 1302 plane
438 1250 532 1289 ficta
571 1257 801 1289 commenta
831 1262 977 1288 canere
989 1278 1000 1298 ,
1041 1246 1113 1287 sed
1144 1247 1294 1287 amavit
1321 1245 1461 1284 Mara-

107 1325 223 1363 thum
253 1333 292 1363 et
322 1325 473 1364 amavit
507 1323 656 1373 calide,
699 1330 745 1361 ut
785 1330 873 1361 erat
910 1322 1120 1373 ingenium
1166 1334 1312 1370 suum;
1368 1333 1459 1359 cum

109 1411 242 1440 tamen
272 1408 420 1439 natura
449 1399 626 1438 maxime
659 1398 711 1438 ad
748 1399 985 1450 puellarum
1027 1410 1185 1436 amores
1227 1397 1357 1435 faetus
1399 1410 1462 1435 es-

107 1485 187 1523 set,
226 1476 399 1515 sortasse
437 1483 523 1514 arte
564 1469 721 1513 colores
751 1475 891 1525 paullo
922 1472 1114 1511 fortiores
1142 1472 1258 1512 illati.
1325 1471 1462 1524 Atque

106 1554 206 1591 haec
236 1550 403 1604 quidem
434 1550 483 1589 de
509 1550 586 1589 his.
642 1551 861 1589 Praeterea
888 1556 1072 1599 exstant,
1102 1556 1150 1587 ut
1178 1561 1254 1600 par
1285 1555 1366 1596 cst,
1396 1547 1473 1585 hie

106 1627 187 1665 illic
219 1627 341 1666 etiam
374 1626 418 1665 in
451 1625 592 1665 ceteris
623 1624 873 1664 carminibus
904 1623 1073 1663 artificia
1101 1624 1263 1676 poetica
1294 1631 1332 1661 et
1361 1623 1461 1674 figu-

108 1717 178 1742 rae
208 1701 382 1751 dicendi,
413 1715 515 1754 quas
545 1714 631 1740 non
662 1699 823 1739 dubites
855 1698 992 1738 dedita
1022 1712 1149 1750 opera
1178 1699 1344 1750 positas,
1376 1711 1463 1736 non

110 1787 245 1817 tamen
274 1777 433 1815 lusibus
453 1775 614 1819 ‚iocosis
643 1774 868 1823 inservire,
898 1771 971 1811 sed
1001 1773 1108 1811 serio
1139 1773 1289 1811 affeetu
1317 1771 1465 1809 inferri

111 1862 150 1892 et
178 1866 344 1904 gravem
372 1865 538 1891 sensum
575 1852 787 1890 continere
825 1849 979 1890 videas.
1051 1847 1265 1897 Quaedam
1307 1862 1359 1887 ex
1398 1848 1463 1887 his

110 1929 242 1966 statim
270 1927 315 1965 in
353 1926 543 1979 sequenti
582 1926 713 1977 capite
756 1923 1052 1974 considerabo,
1093 1925 1171 1963 alia
1210 1925 1297 1963 aliis
1338 1924 1461 1978 locis;

110 2002 160 2042 ad
190 2003 426 2043 universam
456 2009 593 2041 autem
622 2001 908 2040 tractationem
932 2013 1074 2039 rerum
1098 2000 1202 2039 nihil
1223 1999 1461 2039 huiusmodi

111 2080 300 2131 pertinet,
329 2087 375 2117 ut
404 2078 534 2130 possis
566 2079 670 2117 male
700 2078 905 2117 intellecta
933 2092 978 2117 re
1010 2078 1124 2117 abuti
1153 2077 1205 2117 ad
1231 2079 1309 2117 alia
1334 2080 1462 2117 multa

111 2171 224 2196 secus
254 2155 579 2208 interpretanda.
641 2156 856 2195 Postremo
881 2155 962 2194 ioci
984 2154 1144 2194 ironica
1166 2155 1350 2194 hilaritas
1377 2169 1460 2195 non

112 2236 225 2273 abest
255 2233 421 2286 quidem
452 2247 475 2272 a
505 2233 685 2283 Tibullo,
717 2231 789 2272 sed
818 2233 986 2271 nonnisi
1015 2233 1058 2272 in
1090 2233 1259 2283 singulis
1291 2233 1460 2285 quibus·

111 2310 204 2347 dam
231 2309 330 2348 locis
360 2309 590 2361 reperitur,
620 2308 749 2349 veluti
777 2309 809 2360 I,
842 2312 879 2358 8,
912 2312 960 2347 71
995 2321 1086 2361 sqq.
1117 2309 1167 2359 II,
1201 2312 1237 2358 1,
1269 2312 1336 2348 61.
1347 2340 1357 2359 ,
1388 2324 1461 2349 nec

110 2385 267 2434 multis3
297 2397 385 2423 non
412 2383 577 2436 reperio
609 2382 723 2436 quod
751 2380 971 2422 Paldamus
1000 2384 1031 2433 Ι,
1062 2387 1101 2433 2,
1133 2385 1200 2423 55.
1233 2387 1270 2435 6,
1299 2385 1367 2424 47.
1394 2387 1460 2423 56.

112 2462 247 2512 Vulgo
287 2460 393 2500 seria
436 2468 522 2500 tota
560 2462 662 2500 haec
702 2460 852 2512 poesis.
930 2460 988 2499 Ac
1027 2459 1201 2500 Vossius
1244 2473 1462 2512 perperam

112 2540 206 2576 laxa
246 2538 585 2590 interpretatione
627 2538 757 2577 multa
798 2535 849 2576 ad
887 2537 998 2577 leves
1038 2535 1257 2576 sententias
1296 2543 1461 2576 revocat

113 2613 156 2650 iu
186 2612 249 2652 his
279 2613 540 2663 carminibus,
570 2627 621 2652 ne
654 2611 755 2666 quid
783 2612 946 2664 gravius
969 2611 1147 2664 dicatur,
1178 2620 1223 2651 tu
1246 2625 1345 2653 vero
1370 2625 1461 2650 cum
