1721 2953
495 102 738 150 TIBULLI
785 102 895 148 LIB.
925 103 999 150 III.
1027 113 1063 151 6.
1366 106 1430 152 73

142 229 284 276 Aufer
314 240 354 276 et
387 228 483 292 ipse
510 245 658 274 meum
694 225 862 292 pariter
894 226 1159 276 medieande
1186 226 1410 276 dolorem:

205 315 346 377 Saepe
386 325 463 359 tuo
500 313 661 360 cecidit
695 331 879 359 munere
915 314 1054 361 victus
1090 333 1226 362 amor.

111 400 256 444 5Ca1·e
286 415 423 462 puer,
468 398 679 445 madeant
712 416 929 461 generoso
962 399 1124 464 pocula
1159 399 1363 457 Baccho,

206 483 263 529 Et
291 483 423 529 nobis
459 502 605 548 prona
637 484 777 531 funde
813 484 1005 532 Falerna
1040 505 1189 532 manu.

145 569 207 613 Ite
239 568 399 632 procul
435 569 600 616 durum
634 588 766 617 curae
801 589 964 633 genus,
1010 571 1068 617 ite
1104 571 1307 619 labores:

208 652 404 700 Fulserit
437 653 510 701 hic
546 655 686 702 niveis
723 655 879 702 Delius
913 656 1104 703 alitibus.

142 740 233 783 Vos
270 738 406 785 modo
443 740 678 805 proposito
715 740 869 788 dulces
906 741 1088 788 faveatis
1121 741 1277 798 amici,

90 832 136 867 10
212 824 330 870 Neve
361 839 492 887 neget
529 825 766 891 quisquan]
801 845 872 873 me
907 826 1021 874 duce
1057 845 1103 873 se
1141 826 1370 873 comitem:

144 907 236 954 Aut
271 908 308 955 si
341 909 441 974 quis
473 910 565 956 vini
602 923 825 959 certamen
855 912 961 959 mite
996 924 1195 971 recusat,

206 994 351 1042 Fallat
385 1014 487 1043 eum
514 1008 628 1044 tecto
664 1017 767 1045 cara
800 998 949 1063 puella
982 997 1098 1045 dolo.

146 1079 223 1125 Ille
259 1080 366 1127 facit
401 1081 514 1129 dites
547 1082 719 1130 animos
755 1083 891 1141 deus,
930 1083 1003 1130 ille
1038 1084 1233 1131 ferocem

213 1165 428 1213 Contudit
458 1179 499 1214 et
533 1168 741 1216 dominae
776 1169 898 1216 misit
931 1169 979 1215 in
1012 1170 1269 1227 arbitrium,

94 1258 140 1293 15
154 1250 391 1298 Armenias
428 1253 563 1316 tigres
601 1266 643 1300 et
678 1254 820 1300 fulvas
858 1254 930 1300 ille
965 1254 1142 1301 leaenas

210 1337 328 1385 Vicit
361 1349 402 1384 et
429 1338 660 1385 indomitis
696 1338 847 1385 mollia
886 1340 1022 1386 corda
1060 1326 1194 1385 dedit.

144 1422 265 1469 Haec
297 1421 440 1470 Amor
475 1435 516 1471 et
548 1424 719 1471 maiora
754 1423 879 1471 valet.
915 1424 995 1471 sed
1026 1424 1195 1489 poscite
1231 1423 1400 1470 Bacchi

212 1509 428 1557 Munera:
466 1529 597 1575 quem
620 1523 828 1557 ·vest1·un1
864 1510 1026 1575 pocula
1062 1510 1179 1558 sicca
1214 1511 1397 1556 iuvant?

153 1595 370 1642 Convenit
406 1614 456 1642 ex
493 1615 635 1661 aequo
670 1616 752 1644 nec
790 1609 940 1643 torvus
976 1596 1113 1643 Liber
1146 1596 1193 1643 in
1226 1596 1336 1654 illis,

95 1691 141 1725 20
222 1680 315 1742 Qui
352 1699 397 1727 se
434 1682 600 1746 quique
637 1701 728 1728 una
760 1682 861 1728 vina
894 1682 1046 1728 iocosa
1083 1681 1256 1727 colunt:

153 1766 254 1811 Non
285 1766 405 1812 venit
438 1766 579 1813 iratus
613 1766 801 1813 nimium
838 1766 1116 1831 nimiumque
1151 1784 1353 1813 severus:

217 1850 309 1912 Qui
347 1851 470 1897 timet
504 1851 605 1898 irati
642 1852 829 1899 numina
862 1870 1051 1915 magna,
1098 1851 1236 1898 bibat.

194 1972 232 2005 V.
250 1974 284 2006 3.
316 1972 518 2005 medicando
552 1973 638 2007 libri.
688 1975 846 2007 STATIUS
880 1973 1160 2015 medicande‚
1195 1972 1285 2015 quod
1317 1972 1447 2016 recepit

96 2037 366 2071 Bnouxnnsms.
418 2039 468 2071 Ac
491 2038 618 2071 ducunt
643 2037 707 2072 huc
733 2039 856 2072 verba:
891 2039 963 2083 ipse
984 2038 1134 2082 pariter.
1192 2039 1445 2072 LAcHMANNUS

98 2104 259 2136 librorum
290 2104 469 2137 lectionem
501 2105 625 2148 posuit.
651 2124 696 2129 —
746 2106 787 2138 V.
804 2109 836 2138 6.
869 2106 963 2138 Libri
994 2104 1056 2139 Et.
1105 2106 1220 2148 Vulgo
1245 2107 1270 2137 I
1297 2106 1339 2139 de
1365 2116 1447 2138 con-

98 2170 226 2201 iectura
252 2169 464 2203 SCALIGERI.
514 2170 725 2203 Huscnxms
753 2172 841 2204 male
873 2173 924 2203 Τιι
954 2171 1078 2204 inferre
1111 2172 1192 2204 vult.

193 2233 235 2266 V.
257 2236 311 2267 15.
337 2233 595 2279 Armeniasque
623 2235 733 2279 tigres
758 2236 858 2278 pauci
883 2236 977 2277 libri,
1010 2236 1099 2278 quod
1126 2236 1311 2279 probarunt
1336 2235 1449 2268 wim-

101 2307 336 2339 nnnmcmus,
358 2299 521 2338 V0551US‚
542 2299 714 2341 Bicnms,
739 2302 837 2334 male.
887 2302 1002 2334 Altera
1024 2301 1126 2334 lectio
1147 2302 1246 2334 etiam
1265 2302 1448 2334 nervosior.

195 2363 308 2396 v.21.
343 2362 436 2395 Non
464 2364 590 2396 venit
622 2364 719 2397 codd.
747 2364 828 2397 fere.
885 2367 965 2397 Iam
993 2365 1089 2398 venit
1119 2377 1147 2399 e.
1183 2367 1285 2399 Anno
1320 2367 1450 2399 ScALI-

103 2436 188 2458 Gim-
238 2429 321 2458 Cam
348 2427 441 2459 venit
468 2428 582 2461 ΙΤΑῙΛ.
634 2429 885 2462 LACHMANNUS
912 2441 992 2463 vero
1018 2432 1145 2473 optime
1172 2432 1328 2465 coniicit:
1361 2434 1450 2463 Con-

102 2490 196 2521 venit
221 2510 267 2514 —
296 2503 441 2526 severos.
492 2493 587 2526 Libri
612 2505 811 2527 severus.
863 2495 913 2527 De
940 2496 1103 2529 Lunum
1129 2496 1323 2530 coniectura
1347 2497 1449 2539 vulgo

102 2555 226 2597 legitur
258 2555 397 2590 severis.
