1721 2953
324 121 405 156 260
642 109 1014 153 COMMENTAR.
1046 112 1103 153 ΙΝ
1125 111 1364 152 .TIBULL1

327 242 500 266 amaras
535 234 673 270 noctes,
710 233 748 262 ut
784 230 972 265 Pnomssn'r.
1007 231 1033 273 1,
1075 234 1104 272 1,
1139 233 1197 264 33.
1240 230 1284 272 11,
1312 232 1367 272 17,
1402 231 1435 264 3.
1473 230 1532 272 lv,
1557 233 1590 272 3,
1616 233 1673 263 29.

328 301 435 332 Ovm.
462 295 605 329 Heroid.
632 295 710 337 ΧΠ,
739 297 818 328 169·
866 297 1022 340 Denique
1060 297 1204 329 observa
1240 306 1341 339 quam
1378 299 1458 340 apte
1492 296 1593 328 etiam
1621 295 1674 328 liic

327 368 393 397 cst
430 364 578 406 positum
614 363 658 395 sit
694 366 771 405 post
811 360 935 394 umbra
977 363 1010 395 in
1048 363 1265 406 oppositione
1303 362 1371 395 diei
1409 365 1443 394 et
1481 361 1601 395 noctis.
1627 379 1668 385 —-

326 430 484 462 Omnia
518 439 612 462 nam
646 432 856 473 tempora
892 429 1004 463 felle
1038 430 1240 471 madent,
1277 428 1308 462 h.
1335 439 1364 462 c.
1399 439 1513 461 amara
1537 431 1674 461 suntet

326 496 426 539 plena
461 496 609 530 tristitia.
671 496 724 529 Ne
756 497 887 529 mireris
920 497 1146 539 locutionem,
1181 501 1220 530 ut
1245 497 1400 530 Ovmms
1427 497 1560 528 Amorr.
1587 493 1614 533 Ι,
1639 486 1673 534 6,

324 566 382 597 55.
407 564 512 597 dixit:
552 562 730 608 vitreoque
759 563 939 596 madentia
972 576 1048 597 rore
1075 569 1230 606 tempora
1255 561 1368 595 noctis
1393 567 1500 597 eunt,
1537 561 1586 594 sic
1609 561 1672 593 Ti-

324 629 436 662 bullus
469 630 599 673 tropice
627 628 720 673 Jelle
755 629 935 662 madentia
970 630 1082 674 potuit
1108 629 1223 662 dicere
1252 634 1420 672 tempora.
1467 627 1531 660 Est
1555 631 1670 660 autem

324 695 463 727 madere
487 697 624 739 saepius
650 695 692 728 de
718 706 841 737 magna
867 696 965 738 copia
994 699 1029 727 et
1055 695 1212 727 ubertate
1235 693 1362 726 dictum
1389 694 1422 725 in
1448 695 1549 726 variis
1575 694 1670 725 locu-

325 761 487 803 tionibus,
512 761 556 794 cf.
582 772 612 794 v.
640 772 668 794 c.
696 762 931 794 Mmscnmzn.
959 759 1002 793 ad
1028 760 1150 794 Horat.
1174 759 1236 801 lll,
1261 762 1320 802 21,
1343 763 1376 794 9.
1402 763 1542 793 notante
1566 759 1670 792 etiam

324 828 476 862 Baculo.
527 829 681 871 Denique
710 828 860 870 tristi,
888 832 926 861 ut
952 828 979 870 Ι,
1005 831 1038 870 5,
1064 831 1121 862 50.

416 894 459 928 V.
489 896 626 926 13-26.
688 893 881 927 Medium
920 904 1108 927 carmen.
1170 893 1318 926 Prima
1352 902 1466 936 pars.
1526 891 1669 924 Causa

321 961 536 994 miseriae
569 961 851 1004 principalis
876 963 945 993 est
975 959 1170 992 avaritia
1196 957 1486 991 insatiabilis
1511 956 1667 988 Nemc-

318 1027 401 1060 sis:
435 1027 592 1059 Musae
617 1029 658 1058 et
683 1025 876 1058 carmina
901 1024 1014 1058 nihil
1041 1027 1254 1068 prosunt,
1280 1023 1356 1056 sed
1384 1033 1460 1066 per
1484 1021 1667 1055 caedem

319 1096 362 1126 et
396 1092 575 1126 facinus
609 1097 840 1136 postremo
875 1096 1009 1125 erunt
1044 1092 1158 1125 dona
1193 1089 1466 1134 quaerenda.
1529 1089 1667 1131 Regnat

317 1169 380 1202 per
404 1163 513 1192 totum
539 1160 650 1192 locum
677 1170 801 1201 magna
825 1159 1027 1202 indignatio,

412 1226 454 1259 V.
477 1227 519 1257 13
544 1236 618 1267 sqq.
669 1225 759 1258 Nec
786 1229 981 1268 prosunt
1007 1224 1143 1266 elegi.
1193 1223 1396 1256 Accuratius
1421 1232 1509 1255 nunc
1533 1231 1664 1263 cogno-

323 1293 451 1326 scimus
482 1292 572 1325 unde
607 1293 714 1325 fastus
749 1293 902 1336 puellae:
942 1302 1044 1324 avara
1079 1295 1163 1324 erat.
1213 1291 1364 1323 Finitum
1400 1294 1452 1322 est
1476 1289 1665 1329 exordium,

315 1359 406 1393 redit
439 1359 651 1402 querimonia
687 1358 729 1391 ad
766 1358 876 1391 fontes
909 1359 1065 1391 miseriae
1104 1362 1139 1390 et
1176 1357 1237 1390 lios
1272 1342 1437 1398 exagitat.
1471 1374 1518 1379 -—
1557 1366 1666 1388 cava

316 1435 463 1467 manu,
489 1425 545 1466 qui
570 1428 687 1466 gestus
712 1424 890 1467 pecuniam
912 1423 1137 1466 poscentium,
1162 1422 1204 1455 cf.
1227 1422 1433 1454 CASAUBON.
1457 1421 1499 1454 ad
1521 1422 1664 1454 Sueton.

314 1491 405 1532 Aug.
438 1500 468 1522 c.
494 1492 550 1522 91.
577 1492 612 1521 et
638 1487 669 1521 h.
696 1488 716 1521 l.
744 1489 929 1522 Vunpmm.
977 1487 1089 1530 Igitur
1122 1488 1164 1520 ad
1199 1498 1319 1531 preces
1352 1488 1480 1520 Tibulli
1506 1487 1664 1520 Nemesis

314 1565 432 1588 cavam
470 1546 605 1588 manum
649 1555 872 1595 ostendebat,
921 1555 1017 1597 quasi
1053 1554 1136 1587 illud
1169 1550 1354 1598 χρήματα,
1394 1550 1546 1598 χρήματ’
1577 1551 1661 1597 {imm

318 1621 448 1663 (Pmn.
475 1620 592 1654 Isthm.
610 1621 674 1664 ll.)
700 1631 807 1662 usque
833 1620 987 1653 laudans.
1006 1639 1052 1644 —
1077 1620 1144 1653 Ite
1170 1621 1349 1663 procul,
1374 1620 1535 1653 Musae.
1583 1621 1662 1653 vim

314 1689 382 1721 loci
418 1687 495 1720 inde
530 1687 709 1728 aestimes,
747 1685 837 1729 quod
869 1685 990 1718 Musae
1023 1685 1263 1718 dilectissimae
1296 1689 1375 1718 sunt
1408 1685 1538 1729 poetis,
1580 1696 1663 1728 quas

317 1754 392 1796 quis
418 1753 548 1786 nonnisi
573 1754 605 1786 in
627 1763 750 1795 magno
776 1752 900 1785 affectu
925 1751 1020 1784 abire
1041 1751 1246 1784 iusserit.—
1273 1751 1364 1784 Non
1391 1761 1474 1793 ego
1500 1761 1574 1783 vos
1596 1755 1662 1785 etc.

312 1830 377 1853 nec
410 1819 500 1852 bella
535 1822 569 1851 et
602 1828 657 1851 res
690 1821 805 1860 gestas
839 1828 963 1850 canere
999 1818 1101 1861 cupio
1136 1817 1242 1861 epicis
1267 1820 1327 1849 aut
1353 1818 1466 1859 lyricis
1493 1818 1658 1858 versibus,

312 1896 378 1919 nec
412 1885 616 1917 didacticum
650 1883 693 1916 de
726 1893 839 1915 rerum
874 1886 993 1915 natura
1029 1893 1153 1926 poema
1180 1882 1313 1923 condo,
1350 1882 1440 1925 quod
1467 1893 1576 1925 genus
1601 1883 1659 1915 ubi

311 1951 506 1993 significare
532 1951 671 1990 volunt,
710 1950 874 1992 imprimis
901 1950 1048 1983 siderum
1081 1960 1201 1983 cursus
1231 1950 1489 1983 commemorari
1514 1954 1658 1991 constat,

308 2022 539 2059 notaruntque
566 2017 738 2050 Hermus
775 2021 810 2050 et
843 2019 1016 2059 Vossius,
1056 2019 1100 2051 cf.
1127 2019 1237 2052 VIRG.
1263 2019 1394 2060 Georg.
1419 2018 1462 2059 ΙΙ,
1489 2020 1558 2050 475
1584 2029 1657 2060 sqq.

308 2083 498 2116 Pnornn'r.
523 2083 585 2123 lll,
606 2086 639 2123 5,
665 2085 711 2114 25
737 2093 810 2124 sqq.
862 2083 958 2116 Adde
984 2088 1160 2126 praeterea
1190 2084 1299 2117 Vmc.
1325 2086 1409 2116 Aen.
1438 2083 1463 2124 I,
1491 2084 1560 2115 740
1583 2094 1656 2125 sqq.

308 2150 454 2184 Honvr.
490 2149 600 2193 Epist.
630 2150 661 2191 J,
699 2153 751 2191 12,
782 2153 826 2182 16
852 2161 925 2192 sqq.
980 2151 1120 2183 Minu..
1147 2151 1284 2183 Astron.
1316 2150 1343 2191 Ι,
1374 2152 1430 2183 99.
1457 2168 1504 2173 -—-
1543 2151 1656 2183 solis

311 2218 428 2257 vias,
461 2226 522 2259 per
555 2216 741 2248 Zodiacum
768 2216 879 2248 euntis
905 2220 938 2248 et
964 2215 1150 2248 redeuntis.
1201 2216 1344 2249 Confert
1371 2216 1532 2249 Vunmus
1557 2215 1654 2255 Virg.

309 2282 395 2314 Aen.
423 2281 481 2322 VI,
511 2283 592 2313 796.
619 2300 664 2305 —-
707 2286 750 2314 et
787 2283 937 2324 qualis
973 2287 1037 2315 ctc.
1075 2282 1105 2316 h.
1133 2293 1163 2315 e.
1200 2283 1289 2325 quali
1319 2282 1433 2315 habitu
1459 2293 1486 2316 s.
1514 2286 1550 2313 ut
1575 2281 1654 2313 luna

307 2347 417 2379 forma
443 2347 604 2390 paulatim
629 2347 868 2389 decrescente,
903 2353 1080 2391 postquam
1109 2349 1208 2391 plena
1244 2353 1297 2382 est
1323 2348 1431 2388 sacta,
1465 2346 1582 2379 redeat
1609 2346 1650 2378 ad

309 2415 452 2447 initium.
503 2414 664 2446 Ceterum
698 2414 796 2446 Luna
834 2414 967 2447 duobus
1005 2415 1101 2457 cquis
1138 2415 1264 2455 utitur,
1302 2414 1362 2446 Sol
1398 2416 1570 2454 quattuor.
1605 2431 1651 2436 —

313 2480 522 2513 recurrit.
573 2481 687 2513 Semel
722 2481 939 2514 indicativum
977 2483 1089 2525 posuit
1124 2482 1155 2514 in
1192 2481 1249 2514 tali
1284 2480 1557 2521 constructione,
1595 2481 1651 2522 qui

311 2557 392 2578 usus
421 2546 629 2587 frequentior
663 2546 750 2589 apud
781 2547 885 2588 alios,
920 2547 962 2579 cf.
996 2547 1217 2580 Licnnrmv.
1248 2545 1290 2577 ad
1322 2546 1480 2588 I‘ropert.
1506 2545 1532 2585 l,
1559 2547 1592 2585 2,
1617 2548 1649 2577 9.

310 2613 506 2647 lirnium-N.
534 2613 574 2646 ad
605 2614 697 2656 Virg.
724 2614 846 2658 Eclog.
873 2614 916 2656 11,
944 2617 998 2648 66.
1046 2614 1316 2647 Wunnunmcu.
1344 2615 1377 2645 ct
1402 2612 1582 2645 Wmssnn.
1609 2610 1649 2643 ad
