1721 2953
304 140 356 175 12
622 129 993 177 COMMENTAR.
1021 131 1081 174 IN
1109 131 1338 175 TIBULLI

302 248 388 284 infra
411 248 456 293 11,
480 252 514 293 6,
537 252 605 283 202
640 249 720 282 Iam
744 246 840 281 mala
856 246 1020 293 finissem
1042 247 1134 291 leto,
1167 247 1231 282 secl
1261 246 1404 282 credula
1433 248 1544 282 vitam
1572 259 1649 293 spes

298 317 404 363 fovet
428 322 464 349 et
480 315 566 362 sore
592 325 670 348 cras
693 326 826 360 semper
849 315 904 348 ait
928 314 1071 352 melius,
1105 314 1148 349 de
1171 315 1424 359 exspectatione
1448 315 1549 348 animi
1574 324 1650 348 cre-

305 382 384 415 dula
408 381 491 415 dicit
515 381 679 426 primum,
704 384 776 416 tum
802 392 884 416 vero
908 382 951 416 ad
977 382 1063 417 deae
1088 382 1331 425 cogitationem
1355 385 1531 416 crescente
1556 384 1650 415 motu

302 447 403 481 animi
429 447 561 490 transit,
584 458 660 482 nam
685 448 720 482 in
744 449 811 483 fine
835 449 902 483 loci
926 449 1034 493 ipsam
1060 449 1158 483 deam
1184 449 1342 493 appellat.
1392 447 1456 481 Est
1473 449 1551 482 talis
1570 458 1650 493 pro-

301 522 438 554 gressus
464 511 659 556 phantasiae
683 517 718 547 et
742 514 904 547 naturalis
929 514 1076 547 maxime
1102 517 1137 546 et
1161 524 1240 547 vere
1265 515 1431 558 poeticus.
1489 512 1538 546 Et
1561 524 1650 547 nunc

299 577 437 620 quidem
462 578 565 612 etiam
589 578 673 612 illud
699 579 852 621 accedit,
876 579 969 622 quod
992 579 1118 612 scimus
1143 579 1319 612 Romanos
1343 578 1480 621 frugum
1505 589 1650 623 proven-

301 647 373 677 tum
395 644 520 687 passim
543 654 563 676 a
585 644 657 688 Spe
677 645 869 688 repetiisse.
917 643 1060 677 Confert
1083 644 1366 677 Bnoucxuusms
1390 644 1536 688 lapidem
1561 644 1651 689 apud

303 711 524 746 Boissardum
547 712 648 746 Tom.
672 712 734 748 lv.
759 712 896 756 Antiqq.
923 723 955 756 p.
979 714 1058 746 130.
1092 711 1151 744 ubi
1177 721 1337 755 expressa
1361 715 1414 745 est
1437 713 1556 745 mulier
1579 717 1652 746 sto-

302 779 390 822 lata,
422 781 550 814 corolla
577 781 683 815 florea
715 780 842 814 crinem
867 779 1044 821 redimita,
1078 779 1214 812 sinistra
1243 789 1344 813 manu
1367 779 1478 823 spicas
1503 781 1652 824 quinque

299 845 440 889 gestans
463 856 541 880 cum
566 846 698 881 duobus
718 856 924 891 papaverum
947 844 1126 890 capitibus.
1174 844 1213 878 Iu
1234 844 1307 878 basi
1329 845 1432 878 verba
1454 844 1538 879 haec
1556 851 1650 880 suut:

299 922 338 946 Μ.
378 921 460 946 AVR.
498 923 666 946 Paconvs.
707 909 919 956 AEDIHTWS.
961 920 1136 944 smcmss.
1180 908 1368 953 VENEHRIS.
1415 919 1467 945 IN.
1506 921 1648 944 SALVST.

300 977 697 1024 Iron'nsHSPEIHARAM.
724 989 804 1013 cvm.
824 974 1191 1020 ΡΑΕΜΕΝΤΟΙΙεοΜΝΙο.
1213 986 1383 1009 MONITVS.
1403 974 1549 1020 svmfirv.
1576 986 1649 1010 svo.

297 1055 332 1080 ι).
352 1056 388 1079 D.
439 1045 538 1078 Conf.
562 1045 664 1078 etiam
689 1044 865 1078 Miinmssu
885 1042 1071 1087 Compend.
1095 1040 1319 1084 Archaeolog.
1343 1041 1396 1075 ed.
1418 1052 1486 1075 sec.
1513 1053 1546 1085 p.
1567 1044 1650 1075 626.

297 1111 411 1153 Atque
444 1109 527 1144 haec
559 1109 732 1144 hactenus.
759 1126 804 1135 —
842 1108 1041 1151 frugum,
1067 1106 1096 1140 h.
1133 1118 1164 1141 e.
1197 1117 1376 1150 pomorum
1409 1111 1444 1139 et
1479 1106 1650 1141 frumenti.

297 1177 386 1211 Nam
418 1188 519 1222 poma
547 1177 684 1220 quidem
719 1188 835 1211 versus
872 1175 1079 1209 antecedens
1113 1173 1234 1216 habet,
1269 1174 1475 1208 frumentum>
1499 1184 1581 1208 vero
1614 1178 1651 1207 ut

299 1243 462 1277 addamus
486 1254 518 1278 v.
544 1247 599 1277 15.
623 1247 739 1277 monet
763 1247 797 1276 et
822 1251 877 1275 res
902 1241 986 1285 ipsa.
1037 1239 1125 1273 Nam
1151 1250 1218 1273 non
1245 1250 1345 1284 poma
1371 1243 1406 1272 et
1430 1240 1565 1282 vinum,
1591 1239 1651 1273 sed

298 1310 512 1353 generaliore
543 1309 686 1342 formula
717 1309 833 1351 fruges
860 1313 895 1341 et
922 1309 998 1341 vina
1025 1317 1231 1351 componere
1260 1306 1396 1348 debuit'‚
1431 1306 1651 1349 quemadmo-

305 1376 385 1409 dum
410 1375 441 1408 in
466 1376 532 1408 fine
557 1374 624 1408 loci
655 1385 686 1408 v.
711 1376 770 1407 24.
797 1373 898 1406 dicit:
934 1373 967 1405 io
993 1384 1116 1405 messes
1143 1378 1179 1404 et
1205 1371 1295 1405 bona
1321 1372 1403 1405 vina
1427 1372 1510 1404 date
1536 1372 1654 1415 (Brocl

303 1442 379 1475 ancl
403 1441 540 1485 lVein).
565 1460 614 1468 -
646 1442 688 1475 V.
716 1443 771 1473 10.
807 1441 953 1484 pleno.
1003 1439 1163 1481 Vulgaris
1189 1439 1274 1472 ordo
1299 1441 1372 1471 erat
1395 1437 1467 1471 hic:
1494 1436 1652 1482 frugum

298 1518 439 1542 acervos
476 1511 511 1541 et
545 1513 664 1540 musta
697 1508 799 1551 pleno
833 1508 920 1541 lacu.
982 1506 1053 1539 Sed
1088 1516 1164 1539 cum
1199 1505 1302 1538 etiam
1337 1505 1457 1548 plenus
1489 1505 1582 1538 lacus
1617 1509 1652 1538 et

297 1574 411 1607 acervi
436 1573 499 1606 sibi
525 1574 653 1617 opponi
679 1572 828 1616 possint,
853 1576 948 1605 recte
974 1570 1067 1603 dicas
1092 1571 1193 1603 etiam
1219 1570 1288 1604 sic:
1326 1569 1503 1612 frugum
1528 1580 1651 1603 acer—

297 1650 372 1673 vos
397 1643 441 1673 et
465 1640 602 1682 pleno
628 1640 726 1672 lacu
751 1643 915 1680 musta,
949 1641 1009 1670 aut
1034 1637 1208 1680 frugum
1234 1646 1425 1669 acervos
1450 1640 1493 1670 et
1518 1637 1652 1680 pleno

298 1711 439 1741 musta
465 1708 586 1748 lacu,
611 1706 685 1740 solo
710 1705 877 1739 adiectivo
899 1705 1109 1749 praeposito.
1157 1703 1362 1737 Notabimus
1385 1704 1509 1747 passim
1534 1703 1652 1737 huius-2

298 1773 389 1806 modi
423 1772 665 1806 collocationes
699 1772 885 1814 elegantes.
911 1788 956 1795 --
994 1768 1187 1813 pinguia
1221 1772 1377 1802 musta.
1435 1767 1574 1801 Conmu.
1608 1768 1651 1802 de

297 1839 353 1873 Re
368 1839 470 1872 Rust.
488 1838 533 1879 X,
553 1839 633 1870 432.
659 1840 873 1880 comparatus
899 1846 919 1868 a
940 1834 1088 1878 Vulpio:
1113 1835 1266 1867 Fervent
1293 1839 1335 1865 ut
1360 1832 1461 1865 lacus
1485 1839 1519 1864 et
1540 1833 1651 1866 multo

301 1903 472 1947 completa
503 1901 655 1934 Falerno
692 1900 864 1933 exsudent
897 1898 1027 1944 pingui
1061 1897 1270 1943 spumantia
1297 1897 1391 1930 dolia
1416 1904 1543 1933 musto.
1592 1900 1652 1933 Sit:

293 1971 427 2018 pingue
453 1981 582 2002 merum
608 1969 750 2002 HonA'r.
777 1970 850 2002 Sat.
876 1968 921 2009 II,
946 1969 980 2008 4,
1006 1970 1062 2000 65.
1088 1967 1145 1999 ubi
1168 1966 1256 1999 conf.
1288 1966 1430 1999 Bfflvrn.
1461 1970 1496 1999 et
1518 1965 1651 2011 pingue

295 2037 416 2071 vinam
440 2037 548 2071 P121N.
574 2034 705 2076 XXIII,
730 2046 756 2068 s.
783 2037 841 2068 22.
871 2038 907 2067 et
931 2034 1038 2066 Cssns.
1065 2033 1110 2075 ΙΙ,
1137 2036 1192 2067 18.
1222 2044 1254 2067 n.
1274 2036 1331 2075 74,
1356 2033 1413 2065 ubi
1440 2033 1485 2066 cf.
1509 2032 1650 2065 TARGA.

303 2103 498 2146 Opponitur
522 2105 636 2134 autem
662 2102 696 2133 in
725 2100 788 2134 hoc
813 2111 876 2133 usu
901 2102 1027 2144 pingue
1053 2101 1157 2134 tenui.
1187 2117 1232 2125 —
1272 2101 1314 2134 V.
1343 2102 1384 2132 11
1411 2111 1484 2142 sqq.
1534 2099 1653 2132 Nexus

302 2169 424 2202 clarus.
481 2157 716 2209 Coniunctivi‚
755 2178 841 2209 quos
876 2167 1041 2209 vidimus,
1078 2171 1155 2200 sunt
1187 2167 1364 2210 sperantis.
1413 2167 1485 2199 Iam
1521 2165 1651 2209 pergit:

305 2233 395 2267 Nam
421 2234 497 2267 colo
522 2237 557 2267 et
582 2234 690 2267 colam
716 2234 972 2276 religiosissime
997 2234 1081 2268 deos
1106 2244 1223 2267 omnes
1248 2234 1404 2275 rusticos,
1428 2237 1465 2265 ut
1486 2232 1556 2265 iure
1574 2242 1651 2275 spe-

302 2309 378 2332 rare
403 2299 504 2332 liceat
529 2299 664 2333 felicem
690 2299 763 2342 agri
790 2303 1001 2342 proventum.
1029 2315 1074 2324 —
1099 2299 1296 2342 stipites
1320 2298 1353 2331 in
1378 2301 1501 2330 terram
1527 2296 1651 2329 defossi

300 2366 554 2411 lapidesque
589 2368 678 2401 sacri
714 2367 747 2401 in
783 2367 845 2401 viis
887 2367 1047 2410 agrisque
1089 2366 1219 2399 Italicis
1254 2365 1513 2409 reperiebantur
1545 2363 1653 2404 multi,

303 2436 445 2469 deorum
478 2435 664 2477 agrestium
690 2435 788 2478 signa
812 2434 929 2476 rudia,
962 2434 1066 2467 veluti
1093 2434 1247 2467 Ovrmus
1274 2432 1355 2465 dicit
1377 2431 1469 2464 Fast.
1495 2431 1538 2472 ll,
1563 2432 1652 2463 461:

304 2499 480 2537 Termine,
506 2500 580 2532 sit-e
605 2500 715 2544 lapis,
741 2500 814 2533 sive
842 2513 878 2533 es
907 2499 1071 2546 defossus
1096 2499 1133 2533 in
1157 2497 1254 2544 agris
1277 2497 1407 2541 stipes,
1433 2507 1518 2539 quos
1544 2506 1652 2540 popu-

304 2567 358 2600 lus
381 2567 527 2609 agrestis
554 2565 742 2600 honorabat
769 2568 917 2609 corollis,
942 2567 1067 2608 insulis,
1091 2568 1265 2609 unguento
1290 2564 1454 2605 delibuto,
1479 2563 1520 2597 cf.
1548 2563 1653 2596 Hur-

300 2643 354 2667 Nn
384 2633 647 2668 annotationem.
664 2652 707 2658 --
736 2633 969 2677 desertus,
995 2633 1176 2674 solitarius,
1203 2632 1235 2665 in
1260 2630 1464 2673 infrequenti
1490 2630 1563 2663 loco
1591 2638 1652 2671 po-
