1721 2953
262 150 314 186 56
579 143 950 187 COMMENTAR.
980 146 1039 186 IN
1071 145 1299 188 TIBULLI

264 270 321 293 sus
348 259 374 302 Ι,
400 262 433 301 4,
461 261 531 300 32.,
548 257 708 304 sundere
732 269 784 303 pr.
809 258 1013 304 perfundere
1039 260 1067 303 Ι,
1092 264 1125 303 7,
1149 264 1221 304 50.,
1251 271 1397 306 pressas
1421 261 1466 304 ΙΙ,
1493 263 1526 304 1,
1553 263 1611 295 45.

263 336 314 369 pr.
347 334 548 368 expressos,
576 323 720 357 misceat
744 324 791 367 ΙΙ,
818 327 851 366 4,
876 328 933 358 60.
964 335 1015 370 pr.
1040 325 1251 368 admisceat,
1285 325 1383 359 sedet
1407 336 1460 371 pr.
1485 325 1613 360 assidet

262 392 322 434 lv,
347 393 380 433 4,
404 393 461 424 20.
510 389 611 424 Adde
630 402 752 436 presso
776 402 826 437 pr.
853 392 1019 436 impresso
1042 393 1103 435 lv,
1132 395 1164 435 1,
1184 395 1329 426 161.—
1357 393 1397 427 V.
1423 394 1480 426 81.
1506 391 1612 425 Num

262 457 458 491 Veneris
483 467 671 501 magnae
696 469 768 502 sqq.
818 459 962 493 Dixerat
986 460 1028 493 in
1045 460 1165 493 Deliae
1191 469 1306 493 amore
1331 469 1390 501 se,
1413 457 1443 491 si
1469 466 1612 491 necesse

261 524 324 565 sit,
348 525 402 557 vel
429 528 666 569 paupertatem
691 526 838 560 tolerare
863 538 986 571 posse3
1021 538 1110 561 nunc·
1136 527 1238 561 etiam
1265 526 1465 571 expiatoriis
1490 525 1612 559 ritibus

261 592 448 626 durissimis
473 594 629 627 omnibus
654 593 839 628 subeundis
864 605 904 629 se
928 598 1083 639 paratum
1109 595 1203 637 dicit,
1228 595 1256 628 si
1284 594 1373 628 sorte
1397 593 1444 627 dii
1468 596 1612 638 peccato

259 661 374 703 aliquo
400 661 476 693 irati
501 660 724 695 adversentur
747 662 823 696 sibi.
882 662 989 696 Vides
1025 672 1149 696 nexum
1185 666 1317 696 certum
1349 665 1385 696 et
1416 662 1544 695 clarum
1577 664 1613 695 et

260 727 354 760 nullo
379 726 481 760 modo
508 727 662 760 lacunam
687 726 913 770 statuendam,
939 731 977 761 ut
1001 727 1201 771 quibusdam
1227 727 1357 769 visum3
1381 730 1434 761 est
1456 725 1510 760 hic
1531 736 1612 769 gra-

260 794 353 828 datio
378 794 615 839 pulcherrima,
642 800 756 840 poeta,
781 796 815 829 in
841 807 910 840 quo
936 800 989 829 est
1013 806 1137 839 magno
1163 795 1264 829 animi
1289 799 1395 838 motu,
1419 805 1509 828 nunc
1534 795 1610 828 lon-

260 860 338 902 gius
369 860 578 904 procedente
604 865 707 904 atque
732 862 834 895 etiam
860 859 1064 895 humillimas
1089 861 1357 906 supplicationes
1384 860 1547 903 deorum,
1580 859 1610 893 si

261 936 348 970 opus
368 927 422 968 sit,
447 927 624 969 offerente,
650 931 688 959 ut
714 926 780 960 iam
804 925 884 960 nihil
906 937 981 960 esse
1000 930 1175 971 appareat,
1201 926 1290 970 quod
1317 937 1380 970 pro
1405 925 1470 960 hoc
1494 935 1611 959 amore

261 992 350 1026 ferre
374 998 520 1027 recuset.
571 994 616 1026 At
637 992 815 1026 transitum
840 991 1027 1027 desideras,
1074 992 1267 1027 Particulas
1287 992 1486 1036 copulantes
1507 990 1611 1025 etiam

259 1069 291 1093 v,
318 1061 376 1093 67.
410 1069 479 1092 non
513 1059 646 1101 vidisti,
680 1062 801 1101 estque
825 1057 879 1092 hic
904 1056 1149 1102 pulcherrimus
1176 1057 1274 1090 huius
1299 1057 1432 1099 elegiae
1455 1056 1610 1098 affectus,

260 1127 299 1156 ut
317 1123 398 1157 talia
421 1127 616 1157 contemnat
641 1127 756 1167 poeta.
807 1123 1034 1166 CogitatIOnis
1059 1127 1173 1156 autem
1198 1132 1316 1156 cursus
1341 1132 1409 1156 non
1434 1122 1610 1156 obscurus.

257 1190 346 1223 Post
369 1200 409 1223 ea
435 1199 523 1232 quae
557 1189 643 1223 dixit
667 1192 767 1231 ante,
806 1199 883 1222 cum
916 1187 1130 1221 nihilominus
1161 1188 1298 1222 clausae
1323 1190 1482 1221 maneant
1506 1187 1610 1229 fores,

258 1259 400 1298 repente
425 1265 503 1288 num
531 1255 627 1296 iram,
653 1255 711 1296 ait,
737 1255 878 1287 deorum
904 1254 1045 1295 incurri,
1070 1258 1107 1286 ut
1131 1254 1245 1287 irritae
1265 1264 1368 1287 voces
1393 1263 1491 1286 meae
1516 1253 1610 1286 sint?

260 1321 373 1365 A'tque
398 1323 446 1355 ita
471 1323 560 1355 viam
585 1322 649 1355 sibi
675 1323 807 1365 paravit
831 1322 934 1355 etiam
957 1322 1184 1355 luculentiore
1207 1321 1308 1355 modo
1334 1331 1485 1355 amorem
1511 1331 1611 1354 suum

259 1389 437 1434 probandi.
486 1388 575 1422 Nam
608 1387 698 1422 hunc
732 1388 868 1431 quidem
904 1398 947 1421 ue
980 1387 1099 1421 dubita
1132 1390 1232 1422 finem
1267 1399 1343 1421 esse
1379 1399 1447 1431 quo
1481 1389 1610 1431 tendat,

260 1465 336 1488 cum
370 1458 463 1488 totus
488 1455 582 1488 locus
607 1455 801 1488 necessario
826 1465 903 1488 cum
928 1455 1087 1488 universo
1120 1455 1263 1488 consilio
1288 1455 1446 1488 carminis
1472 1455 1610 1499 conspi-

258 1531 335 1554 rare
369 1532 478 1564 eoque
512 1521 574 1554 niti
609 1521 743 1555 debeat.
794 1523 872 1557 Quo
907 1532 974 1554 non
1011 1522 1093 1555 satis
1127 1522 1308 1556 attendunt
1334 1522 1481 1565 quidam.
1529 1523 1608 1557 Non

259 1589 346 1622 enim
372 1588 454 1621 illud
482 1591 611 1620 tantum
636 1588 669 1620 in
701 1587 986 1630 explicationibus
1017 1586 1207 1620 huiusmodi
1233 1588 1483 1631 quaerendum,
1520 1599 1610 1631 quo·-

258 1654 359 1688 modo
393 1654 539 1698 scriptor
571 1653 781 1695 cogitatione
816 1653 859 1685 ab
893 1652 1172 1686 antecedentibus
1207 1652 1251 1685 ad
1284 1654 1461 1696 sequentia
1492 1655 1608 1688 venire

258 1721 431 1765 potuerit,
469 1729 673 1763 quamquam
699 1719 900 1763 plerumque
927 1719 1131 1763 interpretes
1157 1718 1220 1754 hac
1245 1722 1443 1763 quaestione
1469 1723 1608 1765 acquie-

258 1798 355 1821 scere
382 1787 493 1829 video,
517 1786 577 1820 sed
605 1787 704 1820 etiam
725 1777 980 1830 quo‘interiore
1006 1797 1096 1820 nexu
1121 1787 1218 1820 locus
1243 1788 1387 1830 quisque
1412 1799 1488 1822 cum
1514 1800 1606 1823 sum-

257 1865 312 1889 ma
338 1855 496 1887 carminis
525 1852 718 1887 cohaereat.
779 1853 962 1887 Transitus
999 1864 1060 1898 per
1094 1864 1132 1887 se
1163 1858 1266 1887 tenue
1300 1854 1446 1887 fulcrum
1479 1858 1532 1888 est
1566 1855 1607 1888 ad

257 1925 366 1954 totum
392 1921 538 1962 aliquem
565 1920 676 1953 locum
710 1921 990 1962 sustentandum3
1027 1921 1085 1954 ille
1111 1924 1223 1953 autem
1249 1920 1391 1953 interior
1415 1931 1524 1953 nexus
1549 1921 1606 1954 ubi

257 1987 374 2028 adest,
409 1986 509 2018 etiam
544 1984 722 2028 abruptior
755 1989 869 2028 potest
903 1995 980 2019 esse
1015 1986 1196 2027 transitus,
1230 1989 1269 2018 ut
1299 1985 1332 2018 in
1358 1986 1484 2018 affectu
1509 1986 1548 2018 fit
1573 1988 1607 2018 et

257 2053 455 2086 sublimiore
488 2052 584 2095 poesi
618 2051 768 2085 Pindari.
827 2052 898 2085 Sed
923 2051 1006 2086 haec
1033 2052 1206 2086 hactenus.
1235 2069 1276 2078 —
1317 2053 1478 2094 verbo,
1515 2052 1607 2095 quod

257 2118 463 2162 imprudenti
489 2116 567 2150 mihi
596 2117 776 2169 exciderit.
826 2117 938 2150 Recte
975 2125 1091 2150 monet
1118 2118 1436 2151 Wnnmmmcmus
1461 2127 1528 2151 non
1553 2118 1606 2151 in-

256 2185 458 2228 telligendas
484 2184 709 2228 blasphemias
736 2184 767 2219 h.
793 2185 827 2226 1.,
852 2185 969 2227 quales
996 2184 1081 2218 infra
1108 2184 1170 2226 III,
1196 2188 1230 2226 5,
1261 2188 1314 2219 13.
1342 2186 1397 2219 14.
1423 2203 1467 2209 ——
1504 2194 1605 2228 poe-

257 2261 334 2284 nas
363 2252 518 2293 lingua
546 2251 654 2292 luit,
679 2261 758 2284 cum
780 2250 919 2283 inutiles
947 2259 1048 2282 voces
1075 2250 1143 2282 sint
1167 2260 1251 2292 quas
1280 2249 1410 2291 fundit,
1435 2259 1498 2283 nec
1523 2259 1605 2292 ape-

258 2317 386 2349 riantur
420 2317 509 2349 sores
546 2317 684 2358 Deliae3
722 2316 813 2360 quod
848 2327 868 2349 a
904 2316 1044 2349 deorum
1078 2317 1127 2349 ira
1162 2316 1299 2360 repetit.
1357 2315 1484 2349 Iterum
1510 2314 1604 2348 vides

255 2381 586 2425 παρακλιιινοίθυρον
613 2393 687 2415 esse
712 2393 857 2416 carmen.
878 2399 918 2408 —
945 2393 1044 2415 num
1070 2382 1200 2416 seror
1223 2382 1394 2416 adiisse
1415 2385 1480 2414 etc.
1530 2381 1603 2414 Lo-

256 2448 370 2489 quitur
395 2458 455 2491 per
480 2451 588 2481 totum
615 2449 725 2482 locum
751 2449 794 2482 de
818 2449 941 2482 talibus
962 2449 1105 2491 delictis,
1131 2460 1219 2492 quae
1245 2448 1440 2492 imprudens
1466 2452 1524 2481 aut
1550 2449 1604 2482 in-

257 2514 346 2545 scius
374 2513 557 2546 admiserit.
609 2515 751 2548 Factum
776 2519 893 2548 autem
917 2515 1085 2548 interdum
1113 2515 1268 2555 videtur,
1293 2518 1331 2546 ut
1356 2514 1495 2547 iuvenes
1524 2515 1602 2547 vino

258 2580 344 2612 ebrii
379 2583 483 2612 noctu
520 2581 645 2623 templa
683 2582 824 2615 deorum
859 2582 1024 2615 iutrarent
1058 2585 1217 2623 sertaque
1255 2580 1298 2612 de
1332 2580 1400 2613 aris
1435 2584 1602 2623 raperent,

259 2658 344 2689 quac
370 2647 431 2680 sibi
459 2647 671 2689 imponerent
697 2653 754 2682 aut
781 2649 823 2682 ad
850 2650 966 2682 ianuas
993 2648 1179 2692 puellarum
1206 2646 1343 2680 ferrent.
1404 2646 1472 2679 lam
1499 2645 1600 2678 dicit:
