1721 2953
318 574 773 644 ALBII
897 568 1575 641 TIBULLI

463 709 807 757 LIBER
884 704 1426 767 QUARTUS.

712 1019 1094 1062 CARMEN
1161 1020 1192 1060 Ι.

411 1091 438 1125 ,3

357 1090 418 1193 Ἰ
441 1160 476 1200 e,
499 1143 707 1201 Messala,
732 1162 902 1191 canam.
923 1160 1182 1208 quanquam
1198 1158 1269 1187 me
1292 1138 1473 1202 cognita
1486 1136 1623 1183 virtus

352 1228 533 1286 Terret,
572 1241 621 1276 ut
652 1229 856 1276 infirmae
890 1228 1064 1275 valeant
1095 1226 1337 1274 subsistere
1374 1223 1508 1278 vires,

354 1313 573 1377 Incipiam
607 1326 767 1361 tamen.
805 1334 830 1360 a
866 1314 1035 1360 meritis
1072 1313 1109 1360 si
1147 1312 1346 1359 carmina
1378 1309 1558 1365 laudes,

354 1398 598 1446 Deficiunt:
643 1400 825 1446 humilis
860 1400 993 1446 tantis
1031 1399 1115 1445 sim
1152 1397 1360 1444 conditor
1401 1395 1534 1450 actis,

322 1485 447 1532 5Nec
482 1497 558 1532 tua
593 1497 768 1550 praeter
804 1497 845 1532 te
883 1484 1047 1532 chartis
1084 1484 1277 1530 intexere
1314 1481 1551 1546 quisquam

354 1572 490 1618 Facta
524 1583 681 1636 queat,
730 1571 860 1618 dictis
891 1582 940 1617 ut
974 1588 1067 1616 non
1101 1569 1273 1615 maiora
1305 1566 1541 1631 supersint.

355 1657 438 1703 Est
470 1657 602 1703 nobis
634 1656 827 1703 voluisse
864 1656 993 1712 satis,
1038 1673 1119 1701 nec
1156 1671 1343 1700 munera
1378 1671 1515 1717 parva

354 1742 611 1806 Respueris.
655 1742 787 1788 etiam
823 1741 1010 1788 Phoebo
1048 1739 1302 1803 gratissima
1333 1737 1453 1784 dona

358 1828 464 1875 Cres
499 1828 621 1886 tulit,
668 1840 708 1874 et
745 1827 916 1875 cunctis
951 1825 1133 1873 Baccho
1170 1824 1412 1872 iucundior
1444 1824 1608 1888 hospes

298 1923 345 1956 10
359 1914 537 1970 Icarus,
569 1925 618 1960 ut
652 1932 768 1978 puro
803 1924 1022 1959 testantur
1055 1911 1203 1958 sidera
1240 1910 1361 1957 caelo

374 2067 416 2100 V.
437 2069 466 2100 l.
500 2066 598 2100 Libri
631 2077 718 2101 mea.
766 2067 882 2109 Vulgo
910 2075 973 2099 me
1001 2074 1044 2097 ex
1071 2064 1196 2097 Cumc.
1222 2073 1379 2095 Rncfflw.
1406 2060 1496 2104 quod
1524 2060 1625 2093 etiam

279 2130 358 2164 mihi
391 2132 514 2176 placet.
576 2132 827 2165 LAonMANNus
862 2142 914 2163 me
947 2135 981 2161 et
1017 2129 1162 2171 scripsit.
1194 2146 1240 2153 —
1301 2128 1341 2161 V.
1360 2130 1393 2159 2.
1429 2126 1510 2158 (ἕω.
1543 2135 1626 2158 νΕΤ.

277 2202 472 2241 nequeant,
496 2196 587 2238 quod
609 2197 730 2240 probat
749 2196 1014 2229 Licnmnwus.
1065 2192 1180 2225 Ceteri
1205 2193 1398 2225 valeant.
1447 2191 1629 2223 Dissensus

278 2263 440 2295 librorum
467 2262 545 2295 inde
571 2267 685 2302 ortus,
719 2261 809 2304 quod
836 2260 879 2293 de
909 2259 1161 2293 constructione
1189 2257 1417 2290 dubitabatur.
1441 2274 1485 2279 —-
1534 2255 1576 2287 V.
1593 2257 1626 2287 3.

280 2327 359 2360 Cur.
386 2338 467 2360 vss'r.
495 2332 546 2358 at.
597 2327 711 2360 Ceteri
746 2326 816 2359 fere
850 2336 880 2358 a.
931 2325 1087 2357 Puccms
1114 2334 1176 2364 ac,
1211 2322 1300 2365 quod
1331 2324 1504 2365 praestare
1531 2319 1627 2351 vide—

280 2397 345 2424 tur.
395 2392 504 2424 Porro
530 2392 604 2424 libri
630 2391 830 2432 meritis,
863 2389 952 2422 unde
978 2389 1232 2422 Lscunnnnus
1258 2398 1281 2418 a
1306 2384 1437 2417 meritis
1465 2384 1627 2426 reposuit,

279 2457 435 2489 Puccws
464 2455 628 2496 meritas,
663 2455 753 2497 quod
780 2455 887 2499 probo
913 2464 990 2488 cum
1023 2454 1107 2486 aliis.
1134 2471 1178 2476 —
1237 2452 1277 2483 V.
1295 2453 1326 2483 5.
1363 2453 1551 2492 praeter
1586 2452 1628 2480 te

282 2522 451 2555 meliores.
501 2520 704 2563 Complures
734 2527 768 2551 te
793 2526 959 2564 praeter,
996 2518 1087 2561 quod
1112 2516 1296 2560 probarunt
1323 2517 1456 2547 »eteros
1480 2513 1628 2546 editores

281 2590 313 2619 ct
338 2585 487 2619 nonnulli
515 2584 751 2617 recentiorum.
