1721 2953
538 154 682 198 LIBR.
711 153 762 195 ΙΙ.
821 151 979 193 ELEG.
1010 154 1041 193 Ι.
1377 156 1456 192 221

116 275 369 310 claudebantur
395 282 475 307 oves
501 275 536 306 et
560 279 707 315 capreae
731 268 932 313 plerumque
959 278 1026 302 uno
1051 273 1161 312 septo.
1213 267 1365 310 Denique
1390 279 1461 300 me-

116 340 279 375 morabile
306 350 453 375 munus,
488 335 579 380 quod
604 334 743 377 dignum
772 336 862 366 esset
887 333 989 366 laude
1014 334 1077 368 viri
1101 337 1136 366 et
1159 343 1282 367 nomen
1308 331 1461 367 liaberet.

115 410 187 444 Sed
210 405 413 453 pentametri
437 414 517 449 pars
540 402 648 436 maior
672 411 792 434 manca
819 400 872 432 vel
905 404 1086 444 corrupta,
1122 411 1186 434 nec
1209 400 1320 434 sanari
1343 403 1461 444 potest

115 477 166 510 vel
185 475 318 510 restitui
342 473 445 507 certis
468 469 686 505 coniecturis.
735 468 870 500 Bonum
896 467 1032 509 quidem
1059 467 1131 499 dux
1146 466 1293 511 pecoris,
1319 466 1460 500 dubium

113 551 194 575 vero
220 541 320 574 metri
343 550 445 573 causa
469 538 582 572 statim
609 536 741 568 hircus.
793 533 886 569 Quid
913 535 999 566 enim
1033 533 1076 567 de
1110 533 1336 578 productione
1365 534 1460 569 litte-

114 618 171 640 rae
196 606 220 639 Ιι
245 605 461 640 statuendum
485 605 549 647 sit,
572 603 614 637 ad
639 613 741 646 quam
767 601 869 635 etiam
895 600 1107 634 Hnscnxms
1132 605 1316 645 provocat,
1350 599 1461 645 expo-

113 673 180 706 suit
213 674 432 707 Scimssmnn
464 672 497 705 in
532 672 720 705 Grammat.
745 668 823 703 Lat.
849 668 951 701 Tom.
978 667 1005 701 I.
1039 679 1072 711 p.
1100 671 1180 701 180.
1215 671 1250 701 et
1285 669 1385 702 Tom.
1411 669 1460 703 ΙΙ.

114 752 148 784 p.
175 743 256 774 746.
313 740 488 773 Tibullum
523 739 643 772 credas
678 737 753 769 dax
787 736 908 768 hircus
936 735 1072 779 pecoris
1105 737 1309 780 scripturum
1342 737 1461 771 fuisse.

114 806 166 840 Ad
191 806 369 849 sequentia
393 806 520 838 multae
547 804 765 838 coniecturae
790 803 915 836 allatae
939 805 1028 843 sunt,
1051 802 1112 834 sed
1137 801 1218 836 nihil
1243 803 1334 846 quod
1360 803 1463 837 satis-

115 871 229 906 faciat.
291 870 394 907 Quod
429 870 518 905 enim
550 870 714 903 anns
749 868 877 902 Mureti
911 867 1147 901 emendatione
1181 869 1294 901 onmia
1324 873 1464 912 peracta

113 940 211 980 putat
232 937 335 979 vulgo
359 939 517 980 recepta:
541 934 695 967 duxerat
715 933 835 966 hircus
859 945 951 968 oves,
976 943 1176 976 comparans
1199 934 1306 967 Ov1n.
1327 935 1463 968 Amorr-

112 1001 174 1044 ΙΙΙ,
208 1005 242 1044 5,
275 1004 321 1035 27
346 1012 440 1044 sqq.:
494 1001 612 1046 thue
648 997 777 1043 procul
813 997 904 1034 vidit
938 1004 1121 1042 carpentes
1154 997 1290 1043 pabula.
1326 1005 1465 1034 tauros,

115 1065 313 1111 Carpebant
338 1066 438 1100 tauri
459 1065 595 1111 pabula
620 1065 720 1098 laeta
739 1063 887 1108 procul,
923 1064 1018 1096 Illac
1051 1077 1086 1097 se
1112 1065 1234 1109 rapuit
1260 1070 1347 1109 etc.,
1386 1071 1466 1100 sunt

114 1135 217 1168 alieni
250 1145 271 1167 a
302 1134 433 1167 Tibulli
466 1133 562 1177 poesi
586 1132 779 1165 huiusmodi
805 1133 909 1165 lusus.
963 1132 1084 1165 Verius
1109 1132 1275 1166 iudicabis
1301 1132 1464 1166 maiorem

114 1204 245 1243 partem
271 1200 474 1244 pentametri
506 1200 586 1233 olim
612 1199 654 1232 ab
689 1199 754 1231 alia
789 1209 889 1231 manu
915 1199 1106 1242 suppletam
1131 1209 1228 1240 esse,
1266 1209 1343 1233 cum
1369 1199 1464 1233 exci-

114 1265 241 1308 disset,
265 1266 548 1310 quemadmodum
574 1266 675 1299 etiam
700 1266 776 1299 aliis
801 1266 920 1298 visum.
941 1283 988 1290 —
1013 1265 1056 1299 V.
1081 1267 1128 1297 59
1153 1276 1227 1308 sqq.
1277 1266 1365 1300 Cum
1388 1276 1465 1299 mu-

113 1333 206 1367 sicae
231 1337 322 1366 artes
346 1333 389 1365 ad
413 1333 561 1365 animum
587 1333 801 1375 pertineant,
839 1331 954 1374 pergit
987 1340 1077 1363 nunc
1107 1330 1149 1363 ad
1185 1331 1330 1365 alterum
1356 1341 1465 1373 genus

113 1400 256 1441 artium,
303 1398 395 1441 quod
429 1382 585 1442 corporis
622 1397 751 1430 cultum
787 1399 823 1429 et
856 1399 1013 1429 ornatum
1048 1399 1202 1439 spectat,
1248 1396 1465 1439 ostenditque

114 1467 215 1500 etiam
240 1464 304 1499 hoc
328 1465 494 1507 originem
519 1464 652 1508 cepisse
676 1463 764 1497 inter
787 1466 953 1505 agrestes.
1012 1461 1175 1495 Nominat
1207 1471 1289 1495 vero
1322 1471 1465 1494 coronas

113 1536 148 1566 et
172 1532 364 1565 lanificium.
415 1532 606 1565 Collocavit
631 1529 717 1578 lianc
742 1534 873 1574 partem
900 1539 1014 1562 rerum
1040 1528 1191 1562 secundo
1213 1529 1303 1571 loco,
1327 1533 1365 1561 ut
1387 1528 1466 1562 inde

113 1601 191 1641 post
216 1598 346 1642 puellas
370 1602 575 1631 memoratas
611 1596 791 1630 commode
823 1597 984 1629 transiret
1016 1595 1060 1628 ad
1091 1605 1246 1638 amores,
1283 1606 1466 1639 praemon-

114 1668 280 1697 straverat
303 1675 385 1697 vero
410 1674 484 1697 eam
510 1665 576 1696 iam
601 1667 679 1696 ante
704 1674 735 1696 v.
761 1665 817 1695 54.
832 1687 841 1703 ,
868 1667 1013 1693 ornatos
1039 1660 1121 1694 deos
1142 1670 1351 1702 memorans,
1377 1671 1465 1703 quae

114 1740 169 1762 res
202 1740 291 1763 nunc
323 1729 525 1772 explicatur.
583 1727 792 1761 Observabis
821 1727 927 1769 igitur
960 1726 1136 1759 iuncturae
1171 1736 1280 1768 genus
1314 1726 1466 1768 exquisi-

116 1799 209 1838 tum,
246 1796 305 1829 ubi
331 1795 398 1828 duo
424 1794 489 1828 loci
514 1794 563 1827 ita
589 1793 670 1827 nexi
703 1796 802 1834 sunt,
840 1795 878 1824 ut
903 1790 1054 1825 secunda
1077 1790 1467 1834 simul'explicationem

115 1865 289 1899 contineat
322 1862 370 1896 rei
395 1862 430 1894 in
454 1862 569 1905 priore
595 1860 748 1904 positae,
787 1862 890 1901 atque
916 1857 981 1890 lzoc
1005 1856 1080 1890 solo
1106 1855 1206 1889 modo
1221 1855 1311 1900 fieri
1335 1861 1468 1900 potest,

115 1937 158 1964 ut
182 1929 292 1962 etiam
315 1927 431 1961 minas
450 1932 534 1972 post
560 1926 676 1958 maius
701 1924 893 1958 collocetur
925 1928 1035 1959 recte,
1074 1921 1106 1955 si
1141 1920 1397 1965 exspectationi
1428 1919 1470 1952 id

114 1996 304 2043 satisfacit
341 2001 426 2028 ante
461 1999 590 2026 molae.
623 2012 664 2019 -—
718 2002 829 2036 puer
866 1999 1076 2026 coronam
1117 1987 1243 2023 fecit.
1308 1987 1469 2021 Suaviter

116 2074 222 2108 puero
249 2061 333 2096 hanc
358 2061 587 2095 inventionem
615 2059 743 2102 tribuit,
769 2063 849 2092 ante
877 2057 984 2102 pedes
1009 2056 1150 2089 Larium
1178 2055 1236 2098 qui
1259 2055 1362 2088 toties
1388 2064 1470 2087 cur-

115 2129 202 2163 savit
227 2132 262 2162 et
285 2128 375 2161 lusit.
426 2126 574 2160 Omnino
599 2125 727 2158 nullum
752 2133 862 2166 genus
891 2121 1080 2167 praeterire
1103 2121 1251 2155 voluisse
1276 2120 1410 2154 videtur
1434 2120 1468 2153 in

116 2193 167 2227 his
192 2194 367 2236 laudibus,
391 2195 509 2235 ‘quare
544 2196 582 2225 ut
616 2195 696 2225 ante
729 2190 773 2225 de
806 2190 887 2225 viris
911 2189 1059 2224 maxime
1084 2188 1192 2230 dixit,
1231 2197 1320 2221 nunc
1345 2196 1470 2230 pueros

116 2263 294 2300 memorat,
318 2262 353 2292 et
377 2269 458 2292 mox
483 2259 684 2293 feminarum
708 2262 800 2292 artes
823 2257 987 2291 laudabit.
1012 2275 1060 2281 —-
1082 2264 1218 2290 verno
1244 2264 1321 2289 cum
1348 2254 1469 2287 flore

116 2326 258 2368 iunges,
295 2325 386 2368 quod
420 2336 486 2359 non
512 2336 707 2368 monerem,
741 2326 808 2359 nisi
843 2329 958 2360 essent
990 2324 1047 2368 qui
1081 2324 1124 2358 ad
1158 2333 1262 2357 rure
1297 2320 1471 2356 traherent

118 2393 304 2438 epitheton.
354 2393 515 2426 Ceterum
539 2403 685 2436 magnae
711 2398 808 2427 erant
833 2402 992 2434 coronae,
1018 2391 1142 2435 quibus
1165 2390 1276 2424 Lares
1302 2389 1470 2423 ornaban-

118 2463 194 2501 tur,
218 2463 256 2493 ut
280 2459 422 2492 Fas-ms
447 2458 549 2492 docet
574 2469 602 2492 s.
629 2470 659 2492 v.
687 2458 875 2492 donaticae
901 2468 1059 2492 coronae.
1085 2475 1130 2482 -
1164 2457 1206 2491 V.
1233 2458 1276 2490 61
1302 2466 1375 2499 sqq.
1402 2465 1470 2488 cu-

119 2534 209 2558 ram
245 2524 511 2558 exhibitura
548 2526 744 2569 puellis,
782 2525 929 2560 iucunde
956 2529 991 2559 et
1026 2525 1142 2558 iocose
1176 2523 1317 2557 dictum.
1367 2522 1473 2555 Cete-

119 2599 195 2623 rum
219 2589 414 2624 observabis
437 2592 659 2625 mutationem
685 2592 868 2636 temporis;
895 2594 973 2635 post
997 2590 1180 2635 praeterita
1205 2593 1284 2622 ante
1308 2590 1471 2631 usurpata

119 2663 208 2688 nunc
229 2655 421 2699 praesentia
445 2656 556 2691 infert.
583 2676 626 2682 —
667 2656 786 2691 Hinc
811 2674 857 2682 —·
884 2655 1017 2690 labor
1050 2659 1140 2698 est,
1178 2654 1271 2699 quod
1297 2663 1386 2688 nunc
1413 2662 1472 2696 per
