1721 2953
480 141 622 183 LIBR.
655 142 684 180 1.
743 138 901 178 ELEG.
931 138 983 177 X.
1326 139 1406 173 203

63 275 139 299 nam
164 268 201 298 ut
226 263 351 297 bellum
378 261 503 305 deripit
528 263 563 292 et
596 260 730 298 vastat,
764 265 834 300 pax
871 257 988 287 contra
1013 251 1147 296 colligit
1169 255 1204 285 et
1227 253 1340 285 servat
1365 250 1407 282 ad

64 342 145 366 usus
164 330 307 364 futuros.
331 346 377 353 —
416 329 540 361 testa
565 328 770 369 paterna.
818 321 909 356 Vina
934 321 1123 362 nobiliora,
1144 329 1232 364 quae
1254 317 1311 351 diu
1336 326 1409 350 ser-

64 409 143 432 vare
168 397 349 436 volebant,
386 394 475 427 vasis
500 391 663 426 fictilibus
688 388 882 423 condebant
906 392 942 422 et
967 388 1129 422 corticem
1153 397 1234 421 cera
1257 385 1310 420 vel
1335 384 1411 428 pice

64 463 269 504 oblinebant,
293 460 458 495 notabant
483 459 585 492 etiam
612 466 736 491 nomen
762 454 922 489 consulis.
972 454 1024 487 Ad
1049 458 1159 487 totum
1184 454 1295 486 locum
1319 449 1411 484 conf·

64 530 170 563 Ovm.
193 529 266 561 Art.
292 527 368 562 Am.
391 525 436 568 II,
461 527 551 558 695:
584 521 679 555 Mihi
713 519 853 567 fundat
882 517 1021 552 avitum
1054 516 1255 551 consulibus
1285 514 1412 561 priscis

65 593 206 628 condita
230 599 326 626 testa
351 604 493 625 merum.
542 590 607 623 Est
640 588 746 631 igitur
778 586 832 621 hic
857 597 996 620 sensus:
1029 590 1067 620 ut
1097 587 1210 620 vinum
1242 587 1412 618 vetustum

65 665 100 695 et
124 660 213 694 forte
235 658 430 701 haberetur,
455 657 547 701 quod
572 660 690 701 posset
715 655 836 689 laetius
862 653 1052 688 exhilarare
1074 655 1216 686 animos.
1265 650 1415 685 Attende

66 739 147 763 vero
172 727 216 761 ad
240 725 416 772 pulchram
441 724 677 759 tractationem
703 727 839 767 poetae.
891 722 1045 755 Locutus
1080 725 1133 755 est
1164 724 1200 754 et
1233 718 1326 762 loqui
1353 717 1415 751 de-

67 796 140 830 buit
163 795 204 829 de
229 794 380 828 aratione
405 797 440 827 et
464 793 507 826 de
532 792 622 834 vino,
648 792 725 836 plus
750 796 863 824 tamen
889 790 932 823 de
959 789 1023 823 hoc
1050 789 1138 822 dixit
1160 799 1259 832 quam
1284 787 1327 820 de
1348 786 1418 827 illa,

65 863 215 896 suaviter
248 862 380 895 scilicet
410 869 614 904 praeparans
642 861 840 901 sequentem
876 858 990 890 locum
1028 856 1070 889 de
1105 855 1202 888 festis
1236 853 1419 895 ruralibus,

66 928 195 962 rustico
219 927 308 960 male
332 925 446 959 sobrio
471 925 683 967 Venerisque
708 928 780 957 tum
806 922 1027 957 nascentibus
1053 921 1145 954 rixis.
1171 939 1214 944 —
1242 920 1285 954 V.
1304 922 1350 953 49
1367 929 1420 962 sq.

67 996 187 1029 Pace
220 994 381 1028 bidens
418 1001 663 1034 vomerque
700 991 876 1032 vigent,
916 991 1139 1027 exercentur,
1174 986 1208 1018 in
1240 995 1305 1018 usu
1329 987 1418 1018 sunt.

69 1062 177 1095 Ovm.
192 1061 286 1095 Fast.
300 1060 343 1102 V,
363 1061 452 1092 279:
479 1063 595 1089 cetera
620 1055 788 1088 luxuriae
812 1053 967 1087 nondum
986 1052 1225 1085 instrumenta
1244 1047 1422 1094 vigebant,

70 1132 287 1173 comparante
320 1127 470 1167 Vossm,
507 1124 565 1167 qui
598 1124 686 1157 bene
720 1122 872 1156 defendit
905 1122 1090 1164 vulgatum.
1141 1119 1228 1152 Cum
1262 1119 1350 1151 enim
1388 1117 1422 1150 in

71 1194 254 1237 Excerptis
279 1194 484 1226 Scan—‚Em
517 1190 562 1223 sit
596 1188 709 1224 nitet,
747 1190 901 1221 GYm-cs
935 1186 1127 1220 emendavit
1159 1185 1294 1222 nitent,
1332 1184 1423 1226 quod

71 1261 332 1293 Bnoucxrwsxo
357 1256 485 1300 placuit
509 1259 543 1288 et
570 1255 712 1289 Vunmo
737 1263 802 1286 nec
826 1252 1019 1286 Huscnmo
1046 1252 1280 1296 improbatur,
1317 1250 1423 1283 veluti

72 1328 181 1361 Ovm.
206 1326 299 1359 Fast.
333 1324 393 1365 IV,
427 1325 507 1355 927.
546 1321 658 1354 dicat:
695 1319 850 1351 Samala
884 1330 978 1351 nunc
1016 1319 1197 1363 clarusque
1233 1317 1354 1350 bidens
1387 1322 1424 1349 et

69 1403 186 1425 vomer
206 1372 392 1425 aduncus,
417 1387 512 1421 ruris
537 1398 637 1431 opes,
669 1385 832 1422 niteant,
856 1384 1020 1430 inquinet
1047 1395 1149 1416 arma
1174 1382 1287 1420 silus,
1320 1387 1424 1426 atque

71 1459 174 1493 etiam
200 1458 285 1491 alias
315 1465 420 1500 saepe
446 1454 537 1488 nitor
570 1457 606 1487 et
640 1452 726 1486 situs
758 1462 786 1486 s.
815 1451 939 1494 rubigo
964 1454 1192 1494 opponantur.
1241 1448 1314 1484 Sed
1339 1449 1428 1483 bene

72 1526 230 1559 observat
254 1524 406 1558 Vossms
432 1521 542 1554 sitam
568 1519 606 1553 in
630 1517 784 1552 tenebris
816 1529 892 1552 esse
924 1518 1081 1551 inertiam
1114 1525 1306 1557 armorum,
1340 1524 1428 1558 quae

72 1593 194 1635 ignava
227 1591 362 1625 iaceant
394 1590 429 1623 in
462 1592 596 1622 remota
626 1579 725 1631 parte
750 1586 871 1619 domus
908 1589 944 1618 et
977 1584 1155 1627 neglecta,
1196 1583 1289 1616 velut
1317 1582 1428 1617 Vmc.

72 1660 158 1691 Aen.
183 1657 260 1698 Vll,
284 1658 376 1689 440:
413 1654 511 1687 victa
544 1653 618 1686 sita
653 1658 815 1684 senectus
850 1656 902 1684 est
937 1650 980 1685 de
1015 1650 1151 1683 inertia.
1200 1651 1313 1692 Atque
1349 1648 1429 1682 huic

73 1723 216 1756 inertiae
241 1722 426 1765 opponitur
458 1730 539 1753 usus
572 1720 693 1762 vigens
718 1719 924 1752 rusticorum
950 1717 1271 1757 instrumentorum,
1308 1725 1329 1749 e
1352 1715 1430 1758 qui-

74 1790 139 1822 bus
172 1787 310 1823 bidens,
346 1792 385 1821 ut
417 1786 480 1821 hoc
513 1786 655 1828 addam,
693 1785 738 1819 ad
773 1786 889 1818 vineas
922 1784 1080 1828 pertinet.
1139 1782 1295 1817 Quaeras
1327 1790 1431 1824 porro

76 1854 158 1898 quid
182 1855 226 1887 sit
250 1853 341 1897 quod
366 1857 490 1897 poeta,
524 1853 591 1885 iam
616 1855 697 1885 ante
722 1850 765 1884 de
791 1850 946 1883 aratione
971 1853 1007 1882 et
1029 1848 1147 1882 vitium
1175 1848 1309 1881 cultura
1334 1847 1431 1880 locu-

76 1926 152 1963 tus,
188 1931 278 1954 nunc
313 1920 436 1953 iterum
474 1919 518 1952 de
550 1919 592 1951 iis
637 1917 753 1951 dicere
790 1917 959 1950 videatur.
1008 1915 1144 1959 Nempe
1180 1914 1326 1948 transire
1359 1914 1433 1947 vult

77 1986 120 2020 ad
163 1987 263 2019 aliam
299 1995 412 2018 rerum
447 1988 600 2028 partem,
650 1987 686 2017 et
719 1986 861 2027 propter
897 1980 987 2015 hunc
1025 1982 1202 2014 transitum
1234 1980 1340 2013 verbo
1375 1990 1433 2014 re-

79 2054 166 2097 petit
200 2051 474 2086 antecedentium
511 2059 696 2091 summam,
734 2052 773 2082 ut
809 2047 937 2081 factum
972 2047 1000 2089 Ι,
1036 2049 1069 2088 1,
1105 2049 1162 2080 63.
1225 2045 1291 2079 Est
1328 2045 1434 2088 igitur

77 2128 205 2152 nexus:
244 2118 339 2152 Pace
372 2117 481 2150 tristia
516 2117 634 2150 militis
668 2126 761 2149 arma
786 2115 910 2158 ignava
934 2115 1068 2155 iacent,
1102 2116 1138 2146 at
1163 2113 1280 2155 vigent
1307 2112 1434 2145 rustica

79 2186 230 2228 negotia,
255 2185 349 2227 viget
373 2185 537 2218 festorum
563 2184 766 2217 rusticorum
792 2182 956 2216 hilaritas.
1005 2180 1164 2222 Denique
1187 2178 1321 2212 notabis
1346 2179 1434 2211 bene

80 2261 169 2284 nunc
195 2251 297 2284 etiam
322 2254 476 2294 tempora
504 2254 644 2284 mutata.
695 2250 784 2284 Ante
809 2249 1004 2294 praeteritis
1028 2247 1240 2291 temporibus
1263 2257 1344 2280 usus
1369 2252 1433 2287 est,

81 2317 263 2352 ostendens
296 2322 335 2350 ut
367 2318 447 2350 olim
483 2317 557 2352 Pax
592 2317 711 2351 rudem
745 2317 849 2351 vitam
884 2315 1055 2348 hominum
1087 2313 1269 2347 mutaverit
1301 2313 1435 2347 cultura

82 2390 194 2418 terrae
230 2387 265 2418 et
299 2385 406 2429 copiis
444 2385 612 2418 ruralibus
648 2384 865 2426 monstratis;
906 2382 967 2416 sed
1003 2381 1168 2415 debemus
1206 2380 1291 2414 Paci
1332 2380 1434 2414 etiam

84 2460 172 2483 nunc
197 2449 283 2483 haec
318 2450 407 2484 dona
435 2454 471 2483 et
507 2450 594 2491 alia,
629 2449 719 2483 unde
746 2450 812 2482 iam
848 2449 881 2482 iu
916 2447 1171 2482 continuatione
1198 2445 1436 2489 descriptionis

83 2513 126 2547 ad
165 2524 326 2558 praesens
359 2519 494 2559 tempus
530 2515 652 2559 pergit.
679 2533 723 2539 -—
766 2515 808 2549 V.
834 2517 878 2547 51
906 2525 958 2557 sq.
998 2513 1223 2547 Rusticus
1259 2524 1279 2546 e
1313 2513 1436 2545 luco-

85 2591 170 2623 que
204 2580 336 2615 vehit.
396 2583 447 2615 De
481 2592 572 2616 nexu
615 2594 691 2616 cum
718 2580 999 2616 antecedentibus
1031 2580 1133 2614 modo
1170 2579 1318 2619 dictum,
1353 2589 1435 2620 sup-

87 2646 195 2689 plebis
219 2646 322 2690 igitur
342 2657 440 2690 pace.
490 2649 650 2682 ceterum
678 2661 763 2695 que,
802 2648 932 2681 Vossxo
958 2647 1012 2681 hic
1036 2647 1126 2689 quod
1153 2644 1351 2690 displicuit,
1383 2642 1435 2676 ni-
