1721 2953
501 141 644 181 LIBR.
674 141 703 181 Ι.
762 141 918 182 ELEG.
950 145 999 183 ΙΙ.
1368 150 1420 189 47

80 259 219 291 LUCAN.
236 256 398 299 VI,6862
423 255 612 301 confundit
636 267 818 290 murmura
839 257 992 301 primam
1019 257 1161 292 dissona
1185 264 1219 291 et
1245 258 1421 292 hnmanae

78 324 228 356 mallum
247 321 421 356 discordia
441 321 597 367 linguae,
621 328 656 357 et
681 322 797 357 Scliol-
824 325 938 361 Cano.
963 325 1005 358 ad
1027 325 1148 359 Horat.
1169 326 1281 370 Epod.
1312 328 1419 369 5276.

78 390 269 422 Utebantur
302 387 426 420 talibus
461 388 562 421 etiam
606 389 650 422 ad
693 389 876 423 solvendas
922 391 1188 434 incantationes,
1232 392 1275 426 cf.
1311 394 1417 427 an.

77 456 121 488 N.
157 456 248 488 Hist.
284 453 450 496 XXVIII,
485 457 520 488 2.
571 455 670 488 CATO
697 455 740 489 de
765 456 820 489 Re
846 456 946 489 Rust.
981 468 1010 491 c.
1038 461 1118 494 160.
1157 458 1306 501 (darios,
1341 460 1419 493 dar-

76 526 205 567 ‹laries,
239 526 439 566 astataries,
472 526 556 567 ista,
594 527 703 569 pista,
735 526 850 568 sista).
901 528 980 561 Quo
1006 529 1176 570 pertinent
1201 530 1300 563 etiam
1327 528 1419 569 ’Eu-*T-

75 605 130 626 σια
165 590 353 638 γράμ,,ιια”ιά
386 594 555 627 HESYCH.
590 605 617 628 s.
653 605 686 626 v.
712 611 758 616 —
794 603 1008 636 aspersas
1046 595 1178 632 lacte.
1224 597 1420 639 Pei-exigua

74 659 171 693 liuius
198 660 282 692 ritus
307 660 480 695 memoria.
532 659 685 692 Contulit
715 659 846 691 JOANN.
873 658 1068 691 Ln‘msssus
1101 660 1190 694 Stat.
1223 660 1333 694 Theb.
1360 663 1420 704 IV,

72 728 162 758 545:
185 724 375 770 Argolicas
397 724 510 771 magis
536 724 605 757 lucc
625 725 760 769 appelle
779 724 956 769 precando
981 724 1234 772 Thebanasque
1257 728 1417 767 animos,-

72 791 166 824 alias
198 798 356 824 avertere
385 804 530 838 gressus
561 791 655 824 lacte
682 798 810 837 quater
835 803 1001 835 sparsas,
1033 799 1231 839 moestoque
1255 795 1417 828 excedere

71 857 161 894 luco,
187 863 287 893 nata,
311 857 400 890 iube.
452 859 564 900 Atque
590 857 673 891 haec
695 858 831 900 quidem
858 858 899 891 de
926 857 987 892 his.
1011 876 1052 882 —
1082 860 1122 892 V.
1149 862 1206 893 51.
1231 863 1290 895 52.
1325 862 1417 894 Con-

71 925 123 958 fer
148 926 257 959 Ovu).
289 926 420 958 Amorr.
445 925 472 967 I,
497 929 530 967 8,
564 928 608 958 9:
646 937 724 957 cum
761 924 874 957 voluit
910 931 985 958 tolo
1016 924 1262 970 glomerantur
1293 928 1417 960 nubila

71 989 172 1026 coelo,
199 1001 275 1022 cum
301 989 413 1022 voluit
434 1002 527 1033 Jsuro
546 989 672 1035 fulget
697 989 734 1022 in
760 989 838 1021 orbe
869 989 953 1022 dies.
1003 990 1090 1024 Add.
1118 992 1203 1026 Met.
1233 993 1308 1034 Vll,
1333 997 1416 1027 200.

70 1059 103 1088 et
124 1055 263 1089 LucAN.
291 1056 349 1097 VJ,
374 1058 442 1089 465
467 1067 541 1099 sqq.
566 1075 612 1080 —-
646 1057 755 1090 orbe
779 1056 809 1090 h.
837 1068 866 1090 e.
893 1058 1001 1099 coele,
1028 1058 1114 1092 bene
1139 1063 1279 1093 notante
1305 1061 1416 1094 wm-

71 1131 282 1163 nsnmcmo,
309 1122 366 1164 qui
392 1126 528 1165 praeter
554 1123 681 1155 0v1n11
706 1123 818 1156 locum
845 1123 878 1155 in
904 1124 1038 1157 Amorr.
1064 1125 1166 1157 etiam
1192 1125 1334 1158 HonA'r.
1355 1126 1416 1164 ln,

67 1189 101 1227 3,
127 1191 160 1220 7.
193 1188 317 1220 laudat.
369 1188 528 1220 Ceterum
556 1198 714 1230 magnum
742 1188 934 1231 prodigium
960 1193 1056 1221 erant
1081 1189 1176 1222 nives
1201 1195 1331 1223 aestate
1357 1203 1417 1224 ca-

68 1252 206 1295 dentes,
245 1252 289 1286 cl'.
312 1253 469 1285 Pisum.
498 1253 634 1294 Fragm.
663 1251 894 1296 Hyporcliem.
920 1254 981 1295 lv,
1004 1257 1037 1287 3.
1066 1259 1100 1287 et
1126 1255 1281 1288 laudatus
1307 1257 1415 1289 Wun-

66 1316 227 1351 derlichio
262 1318 406 1352 JACOBS.
443 1318 579 1352 Anthol.
605 1320 666 1352 Gr.
704 1320 745 1352 T.
772 1319 799 1352 Ι.
835 1320 875 1353 P.
902 1320 947 1352 ΙΙ.
981 1332 1013 1363 p.
1041 1323 1120 1354 168.
1178 1321 1278 1354 Facit
1301 1328 1413 1356 autem

65 1387 167 1420 etiam
194 1385 257 1419 hoc
282 1397 365 1428 saga
391 1386 538 1419 carmine
561 1397 643 1428 suo,
679 1390 716 1419 ut
742 1386 796 1419 alii
823 1387 989 1420 iactarunt
1014 1389 1312 1431 praestigiatoreS,
1346 1390 1414 1424 vid.

64 1452 284 1485 Wmcflsn'r.
312 1452 523 1496 Epist.·crit.
561 1452 603 1485 de
640 1452 753 1486 valer.
786 1452 903 1485 Flacci
937 1453 1064 1495 Argon.
1099 1465 1131 1497 p.
1159 1456 1215 1488 19.
1254 1455 1413 1491 onnon.

64 1521 139 1554 Sto.
166 1521 207 1563 V,
233 1524 291 1554 55.
330 1520 488 1553 laudante
514 1521 812 1571 WuNuanc-fflo
839 1524 874 1553 et
904 1520 1106 1555 Huscffluo.
1156 1522 1282 1555 Iniuria
1307 1524 1413 1566 igitur

61 1591 165 1630 negat
189 1598 261 1620 rem
288 1588 438 1621 Vossrus
466 1592 501 1621 et
528 1588 707 1621 lectionem
736 1593 855 1622 mutat.
881 1607 927 1613 —
971 1588 1012 1623 V.
1046 1592 1103 1622 53.
1137 1592 1195 1623 54.
1244 1591 1412 1625 Praenun-

60 1653 171 1686 nenda
196 1652 250 1686 hic
273 1654 432 1686 nonnulla
456 1658 546 1694 sunt,
571 1654 914 1697 utcompositionem
941 1665 1053 1687 rerum
1079 1656 1200 1688 melius
1227 1657 1411 1700 perspicias

61 1729 162 1762 quam
187 1720 230 1752 ab
255 1719 329 1751 aliis
355 1718 479 1752 sactum
501 1725 562 1751 est.
614 1718 699 1751 Cum
720 1718 877 1751 Tibullus
903 1730 921 1751 a
945 1730 1028 1761 saga
1050 1731 1187 1753 carmen
1208 1721 1409 1764 accepisset,

60 1786 153 1828 quod
179 1786 298 1819 Deliae
323 1785 561 1818 commendare
587 1786 668 1827 vult,
696 1785 759 1819 hoc
785 1787 857 1829 egit
882 1787 914 1818 in
941 1786 1220 1819 antecedentibus
1246 1791 1279 1819 et
1304 1797 1409 1829 agere

59 1851 196 1891 debuit,
231 1854 268 1883 ut
302 1854 459 1891 quantam
487 1851 552 1883 vim
577 1850 675 1884 liuius
700 1862 804 1893 sagae
830 1850 986 1883 carmina
1011 1851 1175 1885 haberent
1200 1852 1410 1886 ostenderet.

60 1917 273 1959 Quamquam
305 1916 410 1958 igitur
442 1917 545 1950 etiam
580 1918 655 1950 aliis
689 1917 791 1951 rebus
824 1918 977 1961 plurimis
1009 1922 1145 1961 praeter
1169 1922 1305 1951 cantum
1333 1922 1409 1951 ute-

58 1983 181 2015 bantur
203 1980 266 2014 hae
292 1981 448 2024 feminae,
475 1993 505 2017 v.
530 1994 560 2017 c.
588 1984 734 2025 turbine,
761 1984 918 2016 Tibullus
943 1988 1055 2017 tamen
1081 1984 1123 2017 de
1150 1988 1252 2017 cantu
1277 1988 1408 2018 tantum

58 2049 165 2090 dixit,
204 2060 271 2092 quo
297 2060 420 2092 supera
456 2054 490 2083 et
524 2051 589 2084 ima
624 2055 760 2094 regeret
785 2062 887 2094 saga,
925 2052 1122 2094 curavitque
1148 2056 1186 2085 ut
1211 2062 1272 2095 per
1298 2056 1406 2086 totuin

57 2115 167 2147 locum
194 2115 237 2147 de
263 2113 327 2147 hoc
351 2114 416 2147 dici
443 2125 484 2148 ne
510 2116 729 2158 obliviscaris,
756 2116 843 2149 unde
869 2118 953 2150 ista:
991 2118 1154 2154 carmine,
1182 2124 1304 2154 caula,
1330 2130 1408 2149 ma·-

54 2180 132 2223 gico
156 2179 330 2216 stridore,
356 2179 472 2217 iubet,
506 2189 686 2215 convocat.
737 2184 839 2219 Quod
866 2195 953 2217 nunc
978 2184 1072 2217 vides
1097 2196 1196 2227 quain
1223 2185 1407 2228 prudenter

57 2246 181 2280 sactum
213 2247 268 2279 sit.
318 2247 388 2280 Sed
415 2259 490 2281 curn
526 2253 639 2282 tamen
674 2251 775 2283 etiam
811 2252 878 2284 alia
913 2252 1020 2284 multa
1055 2263 1131 2285 esse
1166 2257 1338 2285 constaret
1374 2253 1406 2285 in

56 2313 191 2346 officina
216 2325 395 2356 sagarum,
433 2316 626 2349 necessario
652 2317 685 2349 in
719 2318 785 2350 fine
812 2318 877 2351 loci
903 2318 1042 2351 verbum
1069 2318 1110 2351 de
1135 2318 1185 2352 his
1213 2319 1405 2353 addendum

56 2381 138 2422 fuit,
175 2385 212 2414 ut
238 2383 339 2414 etiam
366 2386 482 2416 cetero
508 2389 673 2428 apparatu
707 2389 840 2428 pateret
866 2385 950 2419 lianc
974 2397 1075 2419 anum
1101 2388 1227 2430 optime
1253 2399 1328 2421 esse
1355 2389 1406 2421 in-

54 2451 216 2481 structam
243 2453 277 2481 et
307 2450 443 2482 omnino
469 2450 511 2482 ab
538 2453 629 2484 onini
656 2455 751 2495 parte
782 2453 814 2485 in
843 2457 916 2485 arte
949 2464 1009 2486 sua
1037 2454 1233 2496 perfectam·
1292 2456 1403 2497 Atque

56 2512 138 2547 haec
163 2518 216 2548 est
239 2516 347 2549 ultimi
375 2516 508 2550 distichi
534 2529 658 2559 causa,
692 2518 736 2551 ad
761 2518 851 2560 quod
877 2519 1082 2553 accedimus.
1133 2520 1266 2555 Quibus
1293 2531 1402 2565 expo-

54 2580 128 2612 sitis
153 2580 184 2612 in
211 2586 381 2624 posterum
407 2593 507 2616 nemo
539 2583 708 2616 dubitabit
742 2584 869 2627 optime
905 2588 1014 2617 totum
1041 2585 1150 2618 locum
1178 2588 1402 2629 compositum

54 2657 140 2689 esse,
166 2652 199 2680 et
223 2647 355 2691 singula
384 2650 494 2683 omnia
520 2650 605 2684 scite
632 2652 797 2692 ordinata,
824 2650 914 2694 quod
933 2651 1033 2685 eriam
1054 2656 1195 2696 propter
1211 2653 1400 2686 WUNDER-
