1721 2953
609 165 853 207 TIBUILL
1304 185 1398 212 xcix

0 310 3 344 3
53 289 246 335 corrupta
285 294 307 320 a
343 281 435 319 lena
471 277 663 320 violasset
694 280 836 329 fidem,
880 282 1093 336 hucusque
1125 283 1202 323 soli
1233 284 1402 324 Tibullo

0 409 1 412 Ἰ
53 357 224 410 obsequi
253 355 359 405 visa,
402 363 442 393 et
474 353 641 395 divitem
678 364 902 396 amatorem
939 356 1176 399 admisisset.
1243 360 1400 400 Tamen

52 449 137 474 non
168 432 257 472 tulit
285 431 357 471 diu
388 432 499 472 hunc
527 440 677 473 statum
707 447 846 473 rerum
873 434 1062 475 Tibullus
1092 443 1129 474 et
1159 435 1200 474 in
1230 436 1401 487 gratiam

50 507 183 547 redire
228 520 320 546 cum
369 515 502 547 amata
541 508 764 554 constituit.
844 509 930 548 Iam
968 511 1138 550 affectus
1179 512 1400 564 primarius

50 584 198 635 elegiae
221 592 280 624 est
301 583 548 624 desiderium
569 585 731 625 fervens
753 585 924 625 tollendi
939 586 1209 628 intolerabilis
1230 588 1399 639 discidii,

49 658 159 713 quod
189 660 489 699 intercesserat.
548 660 705 699 Primas
741 674 860 700 voces
895 661 1019 701 huius
1054 661 1246 702 desiderii
1277 679 1399 704 exor-

47 735 159 775 dium
185 736 330 785 habet,
359 749 455 774 nam
480 735 615 776 statim
641 736 684 774 in
711 736 914 789 principio
940 739 1117 791 erumpit
1144 739 1256 792 quod
1282 749 1399 792 urget

46 813 242 852 animum.
299 813 409 852 Tum
438 811 631 852 disertior
655 812 699 852 fit
728 814 939 866 persuasio
968 815 1013 854 in
1041 814 1176 855 medio
1204 817 1396 867 carmine,

0 932 1 940 ἵ
45 902 90 927 ac
121 878 225 928 duae
251 887 559 940 distinguendae
590 898 685 929 sunt
712 899 849 942 partes
877 905 1035 942 rerum,
1068 891 1268 943 gradatim
1298 908 1396 946 pro-

0 953 1 971 i
44 962 214 1004 deuntes
260 979 312 1004 ex
353 967 551 1018 primario
596 968 761 1008 affectu.
832 969 971 1008 Prima
1010 977 1096 1010 tota
1140 970 1180 1009 in
1227 973 1395 1024 querela

4 1056 6 1060 ·
42 1048 251 1091 versatur,
281 1040 504 1094 depingens
531 1058 714 1085 amorem
738 1054 885 1098 poetae
916 1053 1059 1085 mutuo
1083 1046 1229 1085 Deliae
1255 1061 1394 1086 amore

8 1113 350 1167 ,dignissimum:
410 1117 511 1171 quid
556 1119 698 1159 fecerit
744 1129 979 1172 aegrotante
1025 1121 1172 1169 Delia,
1231 1122 1394 1175 qualem

42 1191 274 1231 felicitatem
302 1190 397 1231 inde
429 1195 676 1245 speraverit,
720 1195 791 1248 qui
829 1194 992 1236 dolores
1022 1198 1148 1236 secuti
1185 1197 1266 1236 sint
1307 1198 1393 1237 fru-

7 1274 166 1319 vstrata
207 1280 305 1319 spe3
362 1281 539 1321 quorum
580 1269 768 1309 locorum
809 1284 985 1323 sequens
1027 1272 1201 1324 quisque
1243 1272 1392 1311 eximie

40 1342 122 1381 vim
151 1343 343 1394 querelae
370 1351 511 1393 auget,
542 1345 770 1383 coniunctis
796 1353 839 1384 ut
864 1353 995 1384 totum
1019 1348 1188 1386 exsistat
1212 1349 1392 1402 maxime

11 1416 247 1473 *elegicum-
313 1418 464 1457 Monui
495 1433 621 1472 supra
651 1419 701 1459 de
736 1422 814 1461 hoc
848 1435 1026 1463 nervoso
1058 1437 1206 1475 genere
1244 1432 1392 1465 tracta-

38 1493 185 1543 tionis,
237 1493 350 1547 quod
396 1496 680 1548 oppositarum
722 1497 1045 1551 descriptionum
1089 1502 1192 1540 serie
1232 1502 1391 1542 nititur.

38 1568 123 1608 Iam
153 1570 341 1623 sequitur
367 1571 411 1610 in
441 1572 567 1623 elegia
597 1574 724 1611 altera
750 1588 846 1625 pars
875 1588 1013 1614 rerum
1024 1605 1034 1625 ,
1064 1590 1170 1630 quae
1200 1585 1389 1617 externas

38 1658 177 1685 causas
219 1646 376 1686 discidii
415 1662 630 1689 removere
671 1659 857 1690 conatur.
925 1652 1031 1691 Nam
1068 1666 1264 1705 oppressa
1303 1663 1389 1693 tum

39 1729 125 1761 erat
154 1724 351 1762 memoria
381 1724 538 1765 Tibulli
568 1727 611 1766 in
641 1728 778 1766 animo
805 1728 951 1766 Deliae
982 1728 1071 1767 aliis
1102 1729 1225 1767 rebus
1255 1730 1388 1780 potio-

14 1797 174 1845 ribus,
216 1799 380 1838 valebat
416 1798 525 1851 apud
564 1814 653 1839 eam
688 1801 807 1840 lenae
848 1800 1061 1841 cuiusdam
1098 1801 1262 1841 infamis
1297 1817 1388 1843 cor-

33 1874 174 1926 ruptio
215 1883 255 1914 et
293 1874 431 1915 divitis
472 1878 665 1916 amatoris
705 1878 893 1929 pecunia.
965 1879 1077 1918 Haec
1115 1879 1239 1929 igitur
1276 1894 1386 1919 nunc

33 1951 286 2002 aggreditur,
318 1959 358 1990 et
384 1952 517 1992 voluit
546 1954 602 1993 sic
628 1954 749 1992 etiam
779 1953 971 1994 directius
1002 1967 1174 1995 avocare
1205 1956 1387 2006 puellam

33 2027 84 2065 ab
112 2025 278 2079 incepto
307 2041 456 2078 genere
485 2028 606 2069 vitae.
661 2028 733 2068 Est
763 2043 862 2070 vero
894 2043 980 2070 non
1010 2030 1145 2070 minus
1174 2033 1386 2083 praeclara

30 2102 216 2142 tractatio
243 2103 531 2156 antecedente3
563 2119 657 2145 nam
683 2108 820 2145 lenam
845 2107 984 2146 obruit
1009 2108 1384 2160 imprecationibus,

31 2184 72 2216 et
109 2177 254 2218 Deliae
294 2179 509 2220 commoda
552 2182 751 2231 ostendit,
805 2198 911 2237 quae
953 2186 1147 2237 pauperis
1190 2186 1383 2225 amatoris

30 2265 148 2292 amor
191 2254 366 2305 habeat,
425 2257 641 2311 placetque
688 2259 902 2310 insigniter
952 2260 1159 2312 oppositio
1206 2275 1383 2302 nervosa

28 2327 306 2379 picturarum:
334 2330 420 2371 irae
441 2332 485 2371 in
508 2334 644 2374 lenam
668 2336 871 2377 terribiles
895 2358 951 2365 -
974 2337 1155 2376 officiosa
1174 2336 1382 2390 diligentia

28 2403 135 2444 circa
175 2415 377 2459 amatam,
430 2409 553 2451 foeda
595 2425 733 2464 poena
773 2412 1037 2466 corruptricis
1071 2434 1127 2443 ·—-
1166 2414 1381 2455 commoda

30 2481 189 2530 puellae
223 2482 266 2522 in
303 2482 426 2524 fidem
456 2499 661 2527 reversae.
728 2487 794 2528 Sic
824 2487 928 2529 dixit
958 2489 1098 2529 omnia
1127 2503 1234 2543 quae
1264 2497 1381 2541 pote-

29 2563 145 2597 rant:
178 2571 344 2602 movere
372 2560 527 2602 studuit
551 2565 718 2617 querela
741 2564 893 2605 amoris
922 2564 1181 2606 sincerissimi
1205 2573 1244 2605 et
1263 2564 1379 2604 dolo-

27 2642 119 2669 rum
145 2646 248 2684 quos
272 2637 444 2688 patitur,
477 2653 687 2692 aggressus
712 2651 770 2684 est
795 2642 943 2682 fortius
967 2650 1122 2683 terrore
1147 2656 1376 2695 poenarum

907 2722 981 2746 (5‘)

905 2747 981 2768 0-
