1721 2953
249 149 300 186 94
563 142 932 186 COMMENTAR.
962 146 1021 187 IN
1053 146 1281 187 TIBULLI

249 257 349 304 ,ἔγνιιί
378 259 592 300 viderentur,
627 258 752 292 factum
777 258 911 294 videtur
944 264 982 294 ut
1006 261 1049 295 ab
1074 261 1265 295 amantibus
1290 261 1480 296 iurantibus
1506 262 1593 296 cita-

247 334 364 363 rentur
388 337 470 371 prae
495 327 581 360 aliis.
630 326 690 360 Sic
725 328 838 361 omnia
862 326 916 361 hic
940 329 1022 362 satis
1047 329 1219 373 expedita.
1271 330 1374 365 Quod
1399 330 1488 364 enim
1515 333 1594 375 post

246 395 388 438 sagittas
415 393 542 426 Dianae
576 391 731 426 laudatas
761 392 852 426 aliud
878 393 987 427 simile
1014 404 1034 427 e
1059 394 1234 428 Minervae
1259 395 1361 428 armis
1385 395 1594 440 postulatum

245 468 318 503 est,
352 471 392 494 ea
417 460 533 504 opinio
564 460 732 493 rationem
758 469 826 493 non
850 458 952 494 habet
976 460 1144 495 idoneam.
1193 461 1331 495 Iuratur
1357 472 1416 506 per
1442 461 1474 495 id
1501 461 1593 504 quod

244 527 379 569 utrique
405 526 489 559 deae
514 526 747 567 carissimum,
771 536 839 568 quo
863 530 1037 560 contemto
1062 527 1210 560 maxime
1234 527 1393 561 irascitur
1417 538 1595 570 quaeque;

188 628 197 632 ,
243 595 331 627 sitne
357 603 397 626 ea
422 592 576 636 corporis
601 602 680 636 pars
713 601 756 624 an
788 591 915 633 telum,
952 591 1034 634 quid
1060 591 1195 625 refert?
1243 593 1364 626 Poena
1388 596 1426 626 ut
1451 603 1493 626 eo
1517 593 1594 636 ipso

241 664 417 701 sumatur,
451 669 515 703 per
539 657 630 701 quod
655 658 864 701 peieratum,
899 667 966 690 non
991 667 1078 701 opus
1101 660 1165 690 est.
1188 675 1236 682 —
1277 658 1320 692 V.
1347 660 1392 690 27
1416 669 1490 701 sqq.
1541 659 1594 692 De

242 729 324 771 fuga
342 727 464 762 aetatis
479 726 632 760 floridae.
648 743 692 750 -
717 725 760 758 V.
776 727 822 758 27
842 735 892 767 sq.
918 725 973 757 At
997 725 1033 758 si
1058 723 1216 757 tardus
1241 724 1352 766 eris,
1377 729 1412 758 at
1437 726 1466 758 si
1492 725 1593 768 igna-

241 807 304 829 vus
328 795 397 828 eris
420 804 483 828 nec
506 794 624 837 quavis
648 792 827 826 occasione
848 796 1040 836 opportuna
1064 791 1172 824 utaris
1197 794 1232 824 et
1258 790 1400 834 quodvis
1425 791 1592 832 suscipias

244 862 287 896 ad
310 861 511 906 capiendum
533 870 686 905 puerum,
712 870 755 893 ex
781 870 849 902 quo
877 869 1006 902 genere
1031 858 1264 892 iusiurandum
1288 858 1445 900 vidimus,
1470 869 1592 892 erra-

244 929 324 962 bis.
350 947 398 953 —
435 926 627 961 transiit
659 929 788 959 aetas
823 935 946 968 quam
983 925 1088 959 cito.
1137 925 1227 957 Sunt
1251 924 1308 967 qui
1341 923 1495 956 transiet
1530 924 1593 958 de-

240 995 394 1037 fendant,
417 998 456 1028 ut
479 994 641 1027 Houmn
666 993 801 1027 codices
827 992 892 1026 Od.
918 991 979 1034 IV,
1005 993 1040 1033 4,
1065 994 1122 1024 65.
1148 990 1241 1022 exiet
1266 991 1424 1024 offerunt.
1474 991 1591 1033 Vulgo

240 1067 355 1095 tamen
379 1061 505 1094 rectius
531 1058 678 1092 transiit
702 1057 876 1102 probatur.
927 1056 1050 1099 Neque
1079 1059 1191 1089 tamen
1219 1065 1281 1098 pro
1314 1056 1442 1088 aoristo
1466 1055 1500 1088 id
1528 1054 1591 1088 ha-

241 1127 343 1169 beas,
377 1126 482 1160 veluti
508 1125 698 1158 HoRATms
723 1123 807 1156 dicit
832 1121 899 1155 Od.
927 1121 990 1163 ΙΙΙ,
1016 1124 1050 1163 2,
1075 1123 1120 1153 29
1143 1131 1238 1163 sqq.=
1272 1122 1383 1164 Saepe
1408 1120 1591 1165 Diespiter

240 1193 422 1239 neglectus
449 1193 582 1224 incesto
608 1189 748 1222 addidit
772 1189 970 1234 integrmn,
994 1189 1094 1220 Raro
1118 1186 1378 1220 antecedentem
1404 1186 1590 1219 scelestum

240 1259 395 1291 deseruit
419 1257 504 1302 pede
521 1259 642 1289 Poena
664 1256 804 1289 claudo.
854 1255 943 1290 Nam
969 1253 1033 1289 hoc
1057 1255 1328 1298 magnificentius
1353 1254 1462 1287 dicam
1486 1263 1588 1296 quam

241 1334 304 1367 pro
330 1323 547 1366 simplicitate
580 1323 742 1355 orationis
768 1321 994 1356 Tibullianae.
1044 1321 1152 1354 Immo
1187 1321 1376 1365 perfectum
1403 1320 1589 1354 celeritatis

239 1390 522 1433 significationem
555 1387 674 1428 habet,
711 1391 748 1420 ut
773 1387 858 1420 iufra
883 1386 929 1428 II,
955 1388 988 1427 4,
1015 1388 1081 1420 33:
1120 1386 1189 1418 Sed
1209 1385 1364 1430 pretium
1397 1384 1430 1418 si
1451 1384 1589 1430 grande

231 1457 360 1503 seras,
394 1453 558 1488 custodia
591 1452 687 1486 victa
720 1458 785 1486 est.
836 1454 885 1486 Ac
916 1452 995 1485 vide
1028 1457 1186 1484 verterat
1221 1452 1368 1495 positum
1402 1451 1429 1493 I,
1463 1454 1497 1493 5,
1532 1453 1589 1485 38.

238 1522 362 1556 Monet
385 1531 466 1555 vero
491 1519 637 1563 Priapus
663 1519 822 1552 celeriter
852 1518 996 1551 transire
1028 1521 1176 1551 aetatem
1212 1528 1279 1551 non
1314 1518 1476 1552 amatoris
1511 1523 1588 1551 tan-

238 1587 426 1629 tummod0‚
451 1586 511 1620 sed
538 1586 639 1619 etiam
664 1586 773 1629 pueri,
799 1586 855 1617 καὶ
880 1581 1005 1621 κάλλος
1028 1581 1131 1617 καλόν
1160 1586 1231 1617 ἐστι
1254 1581 1294 1616 vd
1320 1581 1488 1624 παιδικόν,
1513 1581 1590 1616 ἀλλ’

237 1650 351 1696 ὀλίγον
378 1651 420 1699 ζῇ
444 1653 487 1687 cf.
506 1652 712 1686 Tflnocnrr.
735 1651 866 1693 XXIII,
886 1654 944 1684 32.
995 1652 1111 1687 Quare
1136 1652 1164 1684 si
1189 1651 1306 1684 tardus
1332 1652 1409 1693 eris,
1433 1653 1493 1693 ait,
1518 1663 1586 1686 nou

238 1724 276 1753 tu
302 1721 412 1754 solum
445 1719 580 1753 desines
615 1722 715 1762 aptus
751 1729 827 1752 esse
862 1717 1056 1760 amoribus,
1090 1718 1151 1751 sed
1183 1719 1279 1761 pueri
1316 1727 1452 1760 quoque
1485 1718 1588 1751 amati

238 1790 427 1821 marcescet
452 1784 688 1829 pulchritudo,
721 1795 784 1817 nec
821 1784 972 1817 manebit
1006 1794 1073 1827 quo
1098 1783 1165 1816 frui
1192 1783 1320 1827 cupias.
1370 1782 1472 1816 Hunc
1498 1783 1588 1816 enim

239 1864 314 1887 esse
339 1863 475 1886 sensum
500 1852 673 1894 sequentis
699 1852 784 1892 loci,
809 1850 889 1884 mihi
911 1861 979 1884 non
1004 1850 1166 1891 dubium,
1191 1851 1249 1892 qui
1273 1859 1362 1892 quae
1386 1848 1428 1881 de
1454 1848 1584 1882 formae

238 1923 274 1952 et
299 1917 558 1962 pulchritudinis
580 1917 719 1950 interitu
744 1917 910 1958 dicentur,
937 1926 1044 1960 puero
1070 1916 1184 1959 potius
1209 1925 1309 1957 quam
1333 1914 1476 1947 amatori
1501 1924 1585 1947 con-

239 1984 358 2017 venire
382 1983 492 2017 video.
550 1982 712 2015 Ceterum
739 1987 893 2013 aetatem
920 1982 963 2014 de
992 1982 1111 2014 florida
1145 1985 1179 2015 et
1212 1984 1334 2024 vegeta
1370 1983 1483 2014 aetate
1518 1979 1586 2013 dici

239 2054 382 2084 constat.
432 2050 484 2082 De
508 2049 676 2082 sententia
702 2048 1045 2081 Mmsenmmcmus
1070 2046 1114 2080 ad
1137 2046 1258 2080 Horat.
1284 2047 1329 2088 ΙΙ,
1350 2049 1384 2088 5,
1408 2048 1463 2079 13.
1490 2056 1586 2079 com-

239 2120 338 2161 parat
371 2115 585 2148 THEOGNID.
615 2116 696 2147 963.
736 2108 824 2152 αἶψα
857 2110 923 2158 γάρ
960 2107 1043 2146 ὥστε
1075 2108 1185 2156 νόημα
1220 2113 1427 2156 παρέρχεται
1459 2107 1586 2153 ιῖγλαδς

237 2175 431 2225 7‘7'15’77.Add.
457 2168 664 2213 Tuuocrirr·
686 2178 833 2220 XXVII,
856 2182 889 2212 8.
916 2195 963 2204 -
987 2188 1069 2211 non
1094 2178 1251 2220 segnis
1275 2180 1369 2210 stat
1394 2179 1585 2209 remeat-

240 2258 322 2291 que
356 2247 470 2288 dies‚
506 2247 664 2279 celeriter
696 2246 790 2289 itque
825 2245 980 2288 reditque
1015 2245 1108 2286 dies,
1147 2245 1307 2277 celeriter
1342 2242 1478 2285 fugiunt
1510 2242 1584 2274 dies

239 2317 435 2355 noctesque.
484 2312 588 2345 Patet
614 2322 696 2345 vero
729 2321 796 2345 non
830 2321 931 2355 posse
965 2311 1080 2353 iungi:
1117 2310 1232 2354 Quam
1264 2309 1332 2340 cito
1365 2320 1433 2340 non
1467 2304 1583 2350 segnis

239 2384 316 2412 stat
343 2382 429 2419 etc.,
456 2378 520 2411 etsi
544 2376 626 2410 haec
650 2377 788 2420 antiqua
813 2376 1042 2420 interpunctio
1067 2376 1132 2417 sit,
1162 2384 1248 2417 quae
1273 2374 1387 2407 nescio
1410 2371 1582 2414 quomodo

239 2446 353 2478 arrisit
387 2455 495 2488 nuper
529 2445 745 2481 Gonnmwo.
776 2462 818 2469 —
855 2444 909 2477 Ad
933 2454 966 2477 v.
992 2445 1049 2476 29.
1074 2443 1282 2475 Tnssocmm
1307 2448 1443 2472 suavem
1469 2438 1584 2470 locum

240 2512 420 2546 conserunt
440 2510 571 2552 XXIII,
590 2513 636 2544 28
651 2522 724 2554 sqq.
751 2510 840 2546 Vide
865 2511 968 2543 etiam
992 2510 1141 2543 Vmem.
1167 2507 1288 2548 Eclog.
1312 2505 1357 2547 II,
1386 2508 1440 2538 17.
1474 2505 1582 2538 PnlN.

240 2579 331 2613 Hist.
355 2578 400 2614 N.
424 2578 521 2621 XXI,
549 2581 590 2611 1:
616 2584 751 2611 natura
767 2579 879 2622 flores
905 2576 1092 2622 odoresque
1116 2574 1152 2606 in
1178 2572 1265 2605 diem
1288 2571 1418 2618 gignit,
1442 2581 1584 2616 magna,

242 2652 281 2678 ui
300 2644 426 2691 palam
450 2652 518 2680 est,
547 2644 782 2678 adnwnitione
806 2643 999 2679 hominum,
1028 2652 1117 2688 quac
1142 2638 1396 2685 spectatissime
1416 2637 1584 2681 floreant,
