1721 2953
280 142 361 178 228
602 131 971 176 COMMEN'1“AR.
1004 133 1061 173 IN
1093 132 1320 174 TIBULLI

278 257 354 297 ulo,
392 252 534 297 primum
560 259 658 284 suum
684 253 761 294 post
786 250 921 294 nuptias
946 249 1091 284 natalem
1118 249 1290 292 celebrat,
1324 249 1481 285 Tibullus
1506 255 1631 295 autem,

279 321 335 365 qul
361 317 449 353 haud
474 316 576 350 dubie
603 315 723 350 aderat
748 315 857 357 festo,
884 316 1000 349 attulit
1023 315 1133 349 amico
1164 313 1250 349 banc
1275 316 1441 359 elegiam,
1466 318 1631 360 quemad-

279 386 413 421 modum
439 384 506 418 alio
531 387 686 427 tempore
713 381 884 416 Messalae
909 382 1076 416 solemnia
1106 383 1262 416 natalitia
1287 384 1420 417 cecinit.
1469 383 1535 418 Est
1559 386 1633 419 ele-

276 463 361 497 gaus
387 461 524 486 carmen
549 449 613 484 etsi
639 449 761 491 breve,
799 451 835 482 et
859 448 971 482 discas
1007 448 1060 482 hic
1085 449 1176 491 quod
1202 453 1344 492 quartus
1369 450 1455 484 liber
1479 451 1632 495 pluribus

276 523 310 552 te
345 517 511 562 exemplis
543 515 702 557 docebit,
739 514 842 548 etiam
873 525 894 548 a
927 514 1115 548 minoribus
1149 515 1357 549 carminibus
1393 516 1471 549 boni
1508 522 1632 561 poetae

276 594 342 618 non
374 583 495 617 abesse
523 582 785 615 concinnitatem
811 581 1078 625 compositionis.
1127 581 1300 615 Dividitur
1326 582 1498 626 elegidion
1524 584 1632 618 tribus

276 651 441 697 partibus.
489 650 641 683 Primum
667 648 756 682 enim
779 648 898 682 indicit
934 652 1034 693 poeta
1060 658 1158 681 sacra
1183 653 1218 681 et
1249 648 1394 682 advocat
1426 649 1526 683 deum
1551 649 1630 683 festi

278 719 447 760 Genium,
485 717 575 761 quod
611 716 850 750 exordium
884 719 955 757 est,
992 715 1192 749 secundo
1230 715 1334 749 loco
1368 719 1450 749 vota
1477 715 1631 750 Cerinthi

277 788 416 827 tractat,
440 794 527 827 quae
549 793 610 827 pro
631 782 699 816 sido
719 792 835 815 amore
859 780 1014 823 coniugis
1033 790 1109 814 esse
1133 790 1200 813 uon
1223 780 1368 822 dubitat,
1394 784 1564 825 postremo
1587 791 1632 815 ex

280 851 393 885 omine
417 848 532 882 fausto
566 851 638 881 rata
663 847 736 880 fieri
762 850 841 880 vota
873 847 1006 879 nuntiat
1033 850 1067 880 et
1095 846 1168 891 ipse
1202 847 1302 880 etiam
1329 846 1412 881 felix
1437 847 1632 891 coniugium

278 918 479 963 prolemque
512 918 672 959 precatur
696 912 825 954 amico,
860 912 918 955 qui
946 912 1101 945 exitus
1136 915 1189 945 est
1223 912 1391 946 carminis.
1441 912 1545 946 Vides
1577 913 1631 946 in-

277 982 428 1016 dictione
453 980 561 1021 sacri,
596 979 704 1020 vous,
740 981 863 1011 eventu
888 980 1046 1011 votorum
1070 977 1225 1010 nuntiato
1253 976 1394 1021 pulchre
1422 977 1469 1012 ita
1501 978 1630 1012 absolvi

280 1057 417 1082 cursum
443 1045 618 1086 carminis,
645 1048 682 1077 ut
708 1041 790 1076 nibil
815 1041 893 1077 addi
920 1042 1030 1087 possit
1054 1041 1144 1085 quod
1171 1041 1268 1077 desit.

776 1381 1130 1423 EXPLICATIO.

375 1571 417 1606 V.
445 1572 534 1604 1-8.
585 1570 844 1604 Exordium.
893 1571 1121 1605 Indicitur
1156 1580 1345 1604 sacrum.

374 1636 416 1669 V.
446 1637 460 1668 1
492 1646 542 1677 sq.
594 1636 801 1668 Dicamus
848 1635 959 1668 bona
1004 1635 1150 1670 verba.
1201 1635 1296 1669 Male
1329 1636 1544 1671 Gnowovms
1585 1637 1626 1672 ad

279 1701 354 1734 Liv.
383 1700 582 1742 XXXVIII,
607 1702 664 1734 43.
701 1701 811 1734 iunxit
841 1705 879 1734 ut
914 1701 1117 1735 Munn'rnsz
1153 1701 1304 1735 dicamus
1331 1702 1419 1736 bona
1451 1704 1554 1737 verba
1587 1704 1631 1738 ad

278 1776 375 1807 aras,
414 1764 504 1809 quod
531 1767 631 1798 etiam
665 1766 839 1800 Hermus
864 1771 1002 1799 secutus
1029 1771 1102 1808 est;
1135 1766 1197 1801 sed
1221 1768 1390 1802 solemnes
1414 1768 1476 1803 hae
1501 1769 1630 1804 sormu-

279 1833 352 1866 lae:
389 1831 517 1878 favere
542 1831 694 1877 linguis,
732 1831 821 1866 bona
848 1832 952 1865 verba
980 1833 1112 1870 dicere,
1149 1838 1289 1868 notante
1314 1835 1415 1868 etiam
1441 1835 1631 1870 Huscumo

280 1899 436 1932 absolute
456 1902 490 1931 et
509 1898 582 1931 sine
602 1898 660 1930 tali
682 1898 912 1932 additamento
936 1903 1152 1943 usurpantur.
1200 1899 1380 1934 Editiones
1401 1900 1473 1934 fere
1492 1911 1629 1935 omues=

278 1964 408 1997 venit
434 1963 614 1996 Natalis
640 1963 689 1996 ad
717 1974 834 2006 aras,
857 1964 947 2007 quod
969 1965 1141 1998 revocavit
1160 1965 1412 1999 LACHMANNUS
1438 1966 1631 2010 postulante
1682 1995 1687 2002 .

281 2030 382 2063 etiam
412 2029 539 2062 Vossro
566 2032 600 2062 et
627 2028 829 2062 Hnscnmo.
883 2031 931 2062 Ac
957 2033 1132 2073 comparat
1165 2030 1450 2064 Bnoncxnusms
1476 2030 1562 2064 infra
1586 2030 1631 2073 II,

279 2097 314 2136 5,
340 2097 372 2127 6.
407 2098 441 2126 ct
475 2094 583 2127 Ovin.
613 2095 754 2129 Heroid.
780 2095 876 2137 XXl‚
905 2099 983 2129 157.
1045 2097 1100 2130 Tu
1126 2096 1204 2130 vide
1228 2097 1374 2130 maxime
1400 2096 1486 2130 iufra
1511 2097 1570 2140 lv,
1597 2100 1631 2139 5,

280 2161 336 2193 11.
375 2159 432 2192 ubi
467 2159 523 2192 die
557 2161 658 2193 natali
692 2159 843 2193 Cerintbi
878 2160 1032 2204 Sulpicia
1069 2162 1205 2195 Genio:
1241 2161 1376 2206 Quodsi
1404 2161 1508 2207 forte
1532 2161 1631 2199 >alios

278 2223 352 2256 iam
377 2237 470 2257 nunc
496 2225 656 2270 suspirat
682 2238 815 2260 amores
840 2227 1080 2272 (Germanus),
1115 2233 1155 2261 tu
1179 2239 1303 2273 precor
1324 2228 1473 2272 infidos,
1499 2234 1630 2263 sancte,

278 2289 438 2336 relinque
468 2289 584 2335 focae.
648 2292 789 2325 Putabis
826 2298 940 2327 autem
980 2305 1070 2328 nunc
1114 2305 1216 2326 aram
1259 2295 1435 2339 cespitiam
1473 2294 1505 2328 in
1544 2295 1631 2328 atrio

278 2355 412 2391 saetam.
463 2356 618 2390 Ovmms
644 2358 750 2393 Trist.
781 2359 822 2401 V,
847 2361 881 2401 5,
907 2362 942 2392 9.
976 2370 1073 2393 sacra
1100 2359 1253 2393 natalitia
1279 2359 1437 2393 dominae
1461 2369 1543 2392 suae
1569 2360 1630 2393 de-

276 2421 448 2463 scribens,
483 2422 651 2467 Araque,
685 2424 752 2465 ait,
783 2424 964 2470 gramineo
989 2424 1112 2457 viridis
1138 2424 1178 2457 de
1203 2425 1332 2468 cespite
1349 2424 1447 2467 fiat,
1480 2431 1515 2456 et
1542 2425 1632 2458 velet

276 2486 409 2530 tepidos
435 2498 525 2518 nexa
551 2499 678 2520 corona
696 2487 813 2534 focos.
838 2488 1014 2523 IUVENAL.
1041 2488 1119 2531 XII,
1148 2492 1186 2522 l:
1224 2487 1363 2521 thlczli,
1392 2489 1548 2531 Corvine‚
1575 2490 1630 2522 die

276 2552 362 2585 milti
387 2552 524 2586 dulcior
550 2553 634 2586 haec
660 2554 744 2591 lux,
779 2567 850 2602 qua
872 2555 999 2601 festus
1022 2554 1199 2600 promissa
1226 2553 1293 2586 <liis
1319 2554 1491 2586 animalia
1517 2566 1632 2599 cespes

273 2623 468 2662 σημεῖον.
520 2619 641 2653 Collat.
670 2621 996 2655 Mxrscnnnmcuro
1023 2621 1064 2654 ad
1093 2620 1212 2653 Horat.
1240 2619 1299 2660 lv,
1325 2621 1381 2662 il,
1402 2623 1434 2653 6.
1453 2638 1491 2644 -
1521 2620 1629 2654 Porro
