<?xml version="1.0" encoding="UTF-8"?>
<!DOCTYPE html PUBLIC "-//W3C//DTD XHTML 1.0 Transitional//EN"
    "http://www.w3.org/TR/xhtml1/DTD/xhtml1-transitional.dtd">
<html xmlns="http://www.w3.org/1999/xhtml" xml:lang="en" lang="en">
 <head>
  <title>
</title>
<meta http-equiv="Content-Type" content="text/html;charset=utf-8" />
  <meta name='ocr-system' content='tesseract 3.04.00' />
  <meta name='ocr-capabilities' content='ocr_page ocr_carea ocr_par ocr_line ocrx_word'/>
</head>
<body>
  <div class='ocr_page' id='page_1' title='image "./carminaexrecensi00tibuuoft_0010.png"; bbox 0 0 1721 2953; ppageno 0'>
   <div class='ocr_carea' id='block_1_1' title="bbox 238 139 1600 2573">
    <p class='ocr_par' dir='ltr' id='par_1_1' title="bbox 240 139 1600 1523">
     <span class='ocr_line' id='line_1_1' title="bbox 247 139 276 163; baseline 0.034 -1"><span class='ocrx_word' id='word_1_1' title='bbox 247 139 276 163; x_wconf 71' lang='lat' dir='ltr'>u</span> 
     </span>
     <span class='ocr_line' id='line_1_2' title="bbox 245 231 1600 294; baseline -0.005 -15"><span class='ocrx_word' id='word_1_2' title='bbox 245 238 345 294; x_wconf 78' lang='lat' dir='ltr'>quid</span> <span class='ocrx_word' id='word_1_3' title='bbox 374 234 550 277; x_wconf 85' lang='lat' dir='ltr'>meditor</span> <span class='ocrx_word' id='word_1_4' title='bbox 593 241 630 274; x_wconf 87' lang='lat' dir='ltr'>ct</span> <span class='ocrx_word' id='word_1_5' title='bbox 673 231 807 272; x_wconf 88' lang='lat' dir='ltr'>scribo</span> <span class='ocrx_word' id='word_1_6' title='bbox 849 243 949 284; x_wconf 85' lang='lat' dir='ltr'>prae</span> <span class='ocrx_word' id='word_1_7' title='bbox 990 232 1134 271; x_wconf 85' lang='lat' dir='ltr'>ceteris</span> <span class='ocrx_word' id='word_1_8' title='bbox 1174 233 1225 271; x_wconf 83' lang='lat' dir='ltr'>ab</span> <span class='ocrx_word' id='word_1_9' title='bbox 1264 234 1424 273; x_wconf 79' lang='lat' dir='ltr'>amicis:</span> <span class='ocrx_word' id='word_1_10' title='bbox 1471 234 1534 274; x_wconf 83' lang='lat' dir='ltr'>his</span> <span class='ocrx_word' id='word_1_11' title='bbox 1566 234 1600 273; x_wconf 88' lang='lat' dir='ltr'>si</span> 
     </span>
     <span class='ocr_line' id='line_1_3' title="bbox 247 327 1599 391; baseline -0.018 -14"><span class='ocrx_word' id='word_1_12' title='bbox 247 335 347 391; x_wconf 84' lang='lat' dir='ltr'>quid</span> <span class='ocrx_word' id='word_1_13' title='bbox 378 336 530 388; x_wconf 81' lang='lat' dir='ltr'>placet,</span> <span class='ocrx_word' id='word_1_14' title='bbox 564 327 742 369; x_wconf 78' lang='lat' dir='ltr'>maxime</span> <span class='ocrx_word' id='word_1_15' title='bbox 774 328 928 378; x_wconf 87' lang='lat' dir='ltr'>laetor,</span> <span class='ocrx_word' id='word_1_16' title='bbox 962 328 1012 366; x_wconf 88' lang='lat' dir='ltr'>ab</span> <span class='ocrx_word' id='word_1_17' title='bbox 1033 328 1097 367; x_wconf 89' lang='lat' dir='ltr'>his</span> <span class='ocrx_word' id='word_1_18' title='bbox 1127 327 1229 382; x_wconf 87' lang='lat' dir='ltr'>quid</span> <span class='ocrx_word' id='word_1_19' title='bbox 1259 329 1484 370; x_wconf 80' lang='lat' dir='ltr'><strong>erraverim</strong></span> <span class='ocrx_word' id='word_1_20' title='bbox 1514 331 1599 382; x_wconf 62' lang='lat' dir='ltr'>pri„</span> 
     </span>
     <span class='ocr_line' id='line_1_4' title="bbox 246 423 1599 478; baseline -0.005 -7"><span class='ocrx_word' id='word_1_21' title='bbox 246 447 358 472; x_wconf 84' lang='lat' dir='ltr'>mum</span> <span class='ocrx_word' id='word_1_22' title='bbox 388 429 548 470; x_wconf 81' lang='lat' dir='ltr'>moneri</span> <span class='ocrx_word' id='word_1_23' title='bbox 581 435 618 466; x_wconf 89' lang='lat' dir='ltr'>et</span> <span class='ocrx_word' id='word_1_24' title='bbox 647 423 787 464; x_wconf 89' lang='lat' dir='ltr'>doceri</span> <span class='ocrx_word' id='word_1_25' title='bbox 817 423 952 477; x_wconf 88' lang='lat' dir='ltr'>cupio.</span> <span class='ocrx_word' id='word_1_26' title='bbox 1010 424 1072 462; x_wconf 83' lang='lat' dir='ltr'>Ita</span> <span class='ocrx_word' id='word_1_27' title='bbox 1103 423 1224 463; x_wconf 86' lang='lat' dir='ltr'>etiam</span> <span class='ocrx_word' id='word_1_28' title='bbox 1248 439 1357 464; x_wconf 85' lang='lat' dir='ltr'>nunc</span> <span class='ocrx_word' id='word_1_29' title='bbox 1385 439 1510 478; x_wconf 86' lang='lat' dir='ltr'>quam</span> <span class='ocrx_word' id='word_1_30' title='bbox 1531 440 1599 466; x_wconf 90' lang='lat' dir='ltr'>ve-</span> 
     </span>
     <span class='ocr_line' id='line_1_5' title="bbox 246 515 1598 573; baseline -0.006 -6"><span class='ocrx_word' id='word_1_31' title='bbox 246 528 317 567; x_wconf 88' lang='lat' dir='ltr'>lim</span> <span class='ocrx_word' id='word_1_32' title='bbox 346 525 476 565; x_wconf 81' lang='lat' dir='ltr'>Vobis</span> <span class='ocrx_word' id='word_1_33' title='bbox 507 537 558 562; x_wconf 89' lang='lat' dir='ltr'>ne</span> <span class='ocrx_word' id='word_1_34' title='bbox 589 521 800 573; x_wconf 81' lang='lat' dir='ltr'>displiceat</span> <span class='ocrx_word' id='word_1_35' title='bbox 827 519 956 570; x_wconf 90' lang='lat' dir='ltr'>liber,</span> <span class='ocrx_word' id='word_1_36' title='bbox 991 534 1115 573; x_wconf 87' lang='lat' dir='ltr'>quem</span> <span class='ocrx_word' id='word_1_37' title='bbox 1145 517 1246 559; x_wconf 82' lang='lat' dir='ltr'>edo!</span> <span class='ocrx_word' id='word_1_38' title='bbox 1277 515 1474 572; x_wconf 58' lang='lat' dir='ltr'>Agedum*</span> <span class='ocrx_word' id='word_1_39' title='bbox 1496 522 1598 560; x_wconf 89' lang='lat' dir='ltr'>acci-</span> 
     </span>
     <span class='ocr_line' id='line_1_6' title="bbox 241 615 1599 678; baseline -0.007 -14"><span class='ocrx_word' id='word_1_40' title='bbox 241 626 325 678; x_wconf 85' lang='lat' dir='ltr'><strong>pite</strong></span> <span class='ocrx_word' id='word_1_41' title='bbox 355 621 455 676; x_wconf 85' lang='lat' dir='ltr'>quid</span> <span class='ocrx_word' id='word_1_42' title='bbox 486 618 636 671; x_wconf 81' lang='lat' dir='ltr'><strong>egerim</strong></span> <span class='ocrx_word' id='word_1_43' title='bbox 663 625 733 656; x_wconf 88' lang='lat' dir='ltr'>aut</span> <span class='ocrx_word' id='word_1_44' title='bbox 753 617 958 658; x_wconf 86' lang='lat' dir='ltr'>voluerim</span> <span class='ocrx_word' id='word_1_45' title='bbox 986 631 1118 669; x_wconf 79' lang='lat' dir='ltr'>agere.</span> <span class='ocrx_word' id='word_1_46' title='bbox 1175 617 1274 655; x_wconf 84' lang='lat' dir='ltr'><strong>Post</strong></span> <span class='ocrx_word' id='word_1_47' title='bbox 1294 615 1494 667; x_wconf 78' lang='lat' dir='ltr'>egregiam</span> <span class='ocrx_word' id='word_1_48' title='bbox 1521 615 1599 655; x_wconf 88' lang='lat' dir='ltr'>Ca-</span> 
     </span>
     <span class='ocr_line' id='line_1_7' title="bbox 243 710 1598 765; baseline -0.007 -6"><span class='ocrx_word' id='word_1_49' title='bbox 243 719 325 760; x_wconf 87' lang='lat' dir='ltr'>roli</span> <span class='ocrx_word' id='word_1_50' title='bbox 359 712 617 759; x_wconf 86' lang='lat' dir='ltr'>Lachmanni</span> <span class='ocrx_word' id='word_1_51' title='bbox 662 710 945 752; x_wconf 81' lang='lat' dir='ltr'>recensionem</span> <span class='ocrx_word' id='word_1_52' title='bbox 997 712 1279 765; x_wconf 80' lang='lat' dir='ltr'>maximopere</span> <span class='ocrx_word' id='word_1_53' title='bbox 1325 712 1491 764; x_wconf 77' lang='lat' dir='ltr'>impulit</span> <span class='ocrx_word' id='word_1_54' title='bbox 1533 725 1598 750; x_wconf 87' lang='lat' dir='ltr'>me</span> 
     </span>
     <span class='ocr_line' id='line_1_8' title="bbox 244 802 1599 861; baseline -0.01 -8"><span class='ocrx_word' id='word_1_55' title='bbox 244 812 427 861; x_wconf 88' lang='lat' dir='ltr'>animus,</span> <span class='ocrx_word' id='word_1_56' title='bbox 456 817 505 849; x_wconf 88' lang='lat' dir='ltr'>ut</span> <span class='ocrx_word' id='word_1_57' title='bbox 534 819 703 860; x_wconf 81' lang='lat' dir='ltr'>operam</span> <span class='ocrx_word' id='word_1_58' title='bbox 733 818 868 845; x_wconf 88' lang='lat' dir='ltr'>meam</span> <span class='ocrx_word' id='word_1_59' title='bbox 895 803 940 842; x_wconf 90' lang='lat' dir='ltr'>in</span> <span class='ocrx_word' id='word_1_60' title='bbox 970 802 1308 855; x_wconf 78' lang='lat' dir='ltr'>interpretatione</span> <span class='ocrx_word' id='word_1_61' title='bbox 1338 802 1421 841; x_wconf 87' lang='lat' dir='ltr'>cari</span> <span class='ocrx_word' id='word_1_62' title='bbox 1453 810 1599 854; x_wconf 83' lang='lat' dir='ltr'>poetae</span> 
     </span>
     <span class='ocr_line' id='line_1_9' title="bbox 241 897 1599 963; baseline -0.008 -15"><span class='ocrx_word' id='word_1_63' title='bbox 241 921 460 963; x_wconf 85' lang='lat' dir='ltr'>ponerem,</span> <span class='ocrx_word' id='word_1_64' title='bbox 497 917 622 958; x_wconf 87' lang='lat' dir='ltr'>quam</span> <span class='ocrx_word' id='word_1_65' title='bbox 659 910 699 941; x_wconf 88' lang='lat' dir='ltr'>et</span> <span class='ocrx_word' id='word_1_66' title='bbox 742 901 876 954; x_wconf 83' lang='lat' dir='ltr'>ipsam</span> <span class='ocrx_word' id='word_1_67' title='bbox 914 898 1200 939; x_wconf 79' lang='lat' dir='ltr'>emendatione</span> <span class='ocrx_word' id='word_1_68' title='bbox 1237 912 1354 950; x_wconf 81' lang='lat' dir='ltr'>egere</span> <span class='ocrx_word' id='word_1_69' title='bbox 1393 897 1599 940; x_wconf 83' lang='lat' dir='ltr'>videbam.</span> 
     </span>
     <span class='ocr_line' id='line_1_10' title="bbox 243 992 1599 1057; baseline -0.01 -14"><span class='ocrx_word' id='word_1_70' title='bbox 243 1005 377 1057; x_wconf 83' lang='lat' dir='ltr'>Atque</span> <span class='ocrx_word' id='word_1_71' title='bbox 406 1002 485 1040; x_wconf 88' lang='lat' dir='ltr'>hoc</span> <span class='ocrx_word' id='word_1_72' title='bbox 514 998 605 1038; x_wconf 85' lang='lat' dir='ltr'>feci.</span> <span class='ocrx_word' id='word_1_73' title='bbox 661 995 825 1049; x_wconf 85' lang='lat' dir='ltr'>Sequor</span> <span class='ocrx_word' id='word_1_74' title='bbox 863 994 987 1046; x_wconf 85' lang='lat' dir='ltr'>igitur</span> <span class='ocrx_word' id='word_1_75' title='bbox 1028 993 1313 1033; x_wconf 77' lang='lat' dir='ltr'>recensionem</span> <span class='ocrx_word' id='word_1_76' title='bbox 1342 992 1599 1033; x_wconf 86' lang='lat' dir='ltr'>Lachmanni</span> 
     </span>
     <span class='ocr_line' id='line_1_11' title="bbox 241 1087 1598 1148; baseline -0.01 -10"><span class='ocrx_word' id='word_1_77' title='bbox 241 1099 344 1148; x_wconf 87' lang='lat' dir='ltr'>mei,</span> <span class='ocrx_word' id='word_1_78' title='bbox 393 1095 471 1135; x_wconf 88' lang='lat' dir='ltr'>nisi</span> <span class='ocrx_word' id='word_1_79' title='bbox 512 1091 625 1147; x_wconf 84' lang='lat' dir='ltr'>quod</span> <span class='ocrx_word' id='word_1_80' title='bbox 671 1090 825 1143; x_wconf 82' lang='lat' dir='ltr'>passim</span> <span class='ocrx_word' id='word_1_81' title='bbox 861 1088 1050 1139; x_wconf 82' lang='lat' dir='ltr'>discessi,</span> <span class='ocrx_word' id='word_1_82' title='bbox 1100 1097 1139 1128; x_wconf 89' lang='lat' dir='ltr'>et</span> <span class='ocrx_word' id='word_1_83' title='bbox 1176 1087 1335 1127; x_wconf 83' lang='lat' dir='ltr'>mutavi</span> <span class='ocrx_word' id='word_1_84' title='bbox 1373 1087 1598 1126; x_wconf 85' lang='lat' dir='ltr'>nonnullos</span> 
     </span>
     <span class='ocr_line' id='line_1_12' title="bbox 241 1180 1598 1242; baseline -0.01 -9"><span class='ocrx_word' id='word_1_85' title='bbox 241 1195 380 1242; x_wconf 89' lang='lat' dir='ltr'>locos,</span> <span class='ocrx_word' id='word_1_86' title='bbox 409 1188 484 1229; x_wconf 80' lang='lat' dir='ltr'>ubi</span> <span class='ocrx_word' id='word_1_87' title='bbox 513 1185 614 1241; x_wconf 86' lang='lat' dir='ltr'>quid</span> <span class='ocrx_word' id='word_1_88' title='bbox 648 1183 876 1237; x_wconf 81' lang='lat' dir='ltr'>genuinum</span> <span class='ocrx_word' id='word_1_89' title='bbox 906 1191 1033 1232; x_wconf 88' lang='lat' dir='ltr'>esset,</span> <span class='ocrx_word' id='word_1_90' title='bbox 1070 1182 1143 1223; x_wconf 84' lang='lat' dir='ltr'>vix</span> <span class='ocrx_word' id='word_1_91' title='bbox 1173 1180 1355 1221; x_wconf 87' lang='lat' dir='ltr'>dubitari</span> <span class='ocrx_word' id='word_1_92' title='bbox 1386 1194 1507 1233; x_wconf 89' lang='lat' dir='ltr'>posse</span> <span class='ocrx_word' id='word_1_93' title='bbox 1530 1181 1598 1221; x_wconf 89' lang='lat' dir='ltr'>vi-</span> 
     </span>
     <span class='ocr_line' id='line_1_13' title="bbox 243 1274 1597 1336; baseline -0.01 -8"><span class='ocrx_word' id='word_1_94' title='bbox 243 1288 433 1336; x_wconf 82' lang='lat' dir='ltr'>deretur3</span> <span class='ocrx_word' id='word_1_95' title='bbox 467 1283 516 1323; x_wconf 85' lang='lat' dir='ltr'>de</span> <span class='ocrx_word' id='word_1_96' title='bbox 547 1282 742 1322; x_wconf 82' lang='lat' dir='ltr'>universa</span> <span class='ocrx_word' id='word_1_97' title='bbox 770 1294 871 1320; x_wconf 90' lang='lat' dir='ltr'>vero</span> <span class='ocrx_word' id='word_1_98' title='bbox 891 1279 1067 1318; x_wconf 84' lang='lat' dir='ltr'>lectione</span> <span class='ocrx_word' id='word_1_99' title='bbox 1101 1286 1148 1316; x_wconf 85' lang='lat' dir='ltr'>ut</span> <span class='ocrx_word' id='word_1_100' title='bbox 1165 1278 1363 1325; x_wconf 82' lang='lat' dir='ltr'>habetur,</span> <span class='ocrx_word' id='word_1_101' title='bbox 1393 1274 1445 1314; x_wconf 87' lang='lat' dir='ltr'>ad</span> <span class='ocrx_word' id='word_1_102' title='bbox 1463 1275 1597 1314; x_wconf 86' lang='lat' dir='ltr'>Lach-</span> 
     </span>
     <span class='ocr_line' id='line_1_14' title="bbox 242 1371 1597 1426; baseline -0.007 -6"><span class='ocrx_word' id='word_1_103' title='bbox 242 1380 384 1421; x_wconf 88' lang='lat' dir='ltr'>manni</span> <span class='ocrx_word' id='word_1_104' title='bbox 410 1379 567 1418; x_wconf 88' lang='lat' dir='ltr'>librum</span> <span class='ocrx_word' id='word_1_105' title='bbox 593 1376 730 1426; x_wconf 83' lang='lat' dir='ltr'>relego</span> <span class='ocrx_word' id='word_1_106' title='bbox 758 1375 975 1422; x_wconf 88' lang='lat' dir='ltr'>lectorem,</span> <span class='ocrx_word' id='word_1_107' title='bbox 1019 1371 1091 1425; x_wconf 87' lang='lat' dir='ltr'>qui</span> <span class='ocrx_word' id='word_1_108' title='bbox 1118 1371 1371 1411; x_wconf 86' lang='lat' dir='ltr'>recensionis</span> <span class='ocrx_word' id='word_1_109' title='bbox 1401 1384 1497 1411; x_wconf 91' lang='lat' dir='ltr'>suae</span> <span class='ocrx_word' id='word_1_110' title='bbox 1530 1385 1597 1410; x_wconf 86' lang='lat' dir='ltr'>ra-</span> 
     </span>
     <span class='ocr_line' id='line_1_15' title="bbox 240 1466 1597 1523; baseline -0.009 -8"><span class='ocrx_word' id='word_1_111' title='bbox 240 1477 395 1516; x_wconf 89' lang='lat' dir='ltr'>tionem</span> <span class='ocrx_word' id='word_1_112' title='bbox 433 1480 620 1512; x_wconf 85' lang='lat' dir='ltr'>accurate</span> <span class='ocrx_word' id='word_1_113' title='bbox 658 1470 852 1523; x_wconf 85' lang='lat' dir='ltr'>exposuit</span> <span class='ocrx_word' id='word_1_114' title='bbox 889 1476 929 1507; x_wconf 90' lang='lat' dir='ltr'>et</span> <span class='ocrx_word' id='word_1_115' title='bbox 963 1468 1159 1507; x_wconf 87' lang='lat' dir='ltr'>lectiones</span> <span class='ocrx_word' id='word_1_116' title='bbox 1191 1466 1396 1506; x_wconf 83' lang='lat' dir='ltr'>librorum</span> <span class='ocrx_word' id='word_1_117' title='bbox 1425 1478 1597 1505; x_wconf 86' lang='lat' dir='ltr'>suorum</span> 
     </span>
    </p>

    <p class='ocr_par' dir='ltr' id='par_1_2' title="bbox 238 1559 1598 2573">
     <span class='ocr_line' id='line_1_16' title="bbox 241 1559 1596 1615; baseline -0.01 -3"><span class='ocrx_word' id='word_1_118' title='bbox 241 1574 317 1613; x_wconf 87' lang='lat' dir='ltr'>sub</span> <span class='ocrx_word' id='word_1_119' title='bbox 344 1578 461 1611; x_wconf 80' lang='lat' dir='ltr'>textu</span> <span class='ocrx_word' id='word_1_120' title='bbox 490 1567 685 1608; x_wconf 84' lang='lat' dir='ltr'>indicavit</span> <span class='ocrx_word' id='word_1_121' title='bbox 709 1580 865 1607; x_wconf 88' lang='lat' dir='ltr'>omnes.</span> <span class='ocrx_word' id='word_1_122' title='bbox 924 1566 1036 1604; x_wconf 87' lang='lat' dir='ltr'>Haec</span> <span class='ocrx_word' id='word_1_123' title='bbox 1061 1562 1186 1603; x_wconf 87' lang='lat' dir='ltr'>editio</span> <span class='ocrx_word' id='word_1_124' title='bbox 1207 1562 1419 1615; x_wconf 85' lang='lat' dir='ltr'>praeclara</span> <span class='ocrx_word' id='word_1_125' title='bbox 1439 1559 1596 1599; x_wconf 88' lang='lat' dir='ltr'>dudum</span> 
     </span>
     <span class='ocr_line' id='line_1_17' title="bbox 239 1657 1598 1715; baseline -0.009 -9"><span class='ocrx_word' id='word_1_126' title='bbox 239 1668 283 1706; x_wconf 89' lang='lat' dir='ltr'>in</span> <span class='ocrx_word' id='word_1_127' title='bbox 313 1665 498 1706; x_wconf 90' lang='lat' dir='ltr'>omnium</span> <span class='ocrx_word' id='word_1_128' title='bbox 532 1663 723 1703; x_wconf 86' lang='lat' dir='ltr'>manibus</span> <span class='ocrx_word' id='word_1_129' title='bbox 752 1670 831 1715; x_wconf 83' lang='lat' dir='ltr'>est3</span> <span class='ocrx_word' id='word_1_130' title='bbox 874 1675 948 1712; x_wconf 85' lang='lat' dir='ltr'>ego</span> <span class='ocrx_word' id='word_1_131' title='bbox 983 1660 1169 1712; x_wconf 84' lang='lat' dir='ltr'>excerpsi</span> <span class='ocrx_word' id='word_1_132' title='bbox 1201 1657 1486 1698; x_wconf 86' lang='lat' dir='ltr'>tantummodo</span> <span class='ocrx_word' id='word_1_133' title='bbox 1516 1670 1598 1708; x_wconf 85' lang='lat' dir='ltr'>po·-</span> 
     </span>
     <span class='ocr_line' id='line_1_18' title="bbox 238 1751 1597 1812; baseline -0.01 -10"><span class='ocrx_word' id='word_1_134' title='bbox 238 1763 366 1812; x_wconf 88' lang='lat' dir='ltr'>tiora,</span> <span class='ocrx_word' id='word_1_135' title='bbox 397 1769 444 1800; x_wconf 88' lang='lat' dir='ltr'>ut</span> <span class='ocrx_word' id='word_1_136' title='bbox 471 1761 537 1810; x_wconf 85' lang='lat' dir='ltr'>fit,</span> <span class='ocrx_word' id='word_1_137' title='bbox 568 1773 621 1799; x_wconf 81' lang='lat' dir='ltr'>ex</span> <span class='ocrx_word' id='word_1_138' title='bbox 639 1758 755 1798; x_wconf 83' lang='lat' dir='ltr'>varia</span> <span class='ocrx_word' id='word_1_139' title='bbox 770 1757 970 1805; x_wconf 88' lang='lat' dir='ltr'>lectione,</span> <span class='ocrx_word' id='word_1_140' title='bbox 1000 1755 1151 1808; x_wconf 87' lang='lat' dir='ltr'>quibus</span> <span class='ocrx_word' id='word_1_141' title='bbox 1172 1751 1311 1803; x_wconf 70' lang='lat' dir='ltr'>actdidi</span> <span class='ocrx_word' id='word_1_142' title='bbox 1331 1765 1469 1791; x_wconf 89' lang='lat' dir='ltr'>meum</span> <span class='ocrx_word' id='word_1_143' title='bbox 1494 1766 1597 1805; x_wconf 89' lang='lat' dir='ltr'>qua-</span> 
     </span>
     <span class='ocr_line' id='line_1_19' title="bbox 238 1846 1596 1913; baseline -0.01 -13"><span class='ocrx_word' id='word_1_144' title='bbox 238 1862 443 1913; x_wconf 89' lang='lat' dir='ltr'>lecunque</span> <span class='ocrx_word' id='word_1_145' title='bbox 479 1854 700 1904; x_wconf 88' lang='lat' dir='ltr'>iudicium,</span> <span class='ocrx_word' id='word_1_146' title='bbox 741 1852 815 1892; x_wconf 83' lang='lat' dir='ltr'>ubi</span> <span class='ocrx_word' id='word_1_147' title='bbox 850 1849 1007 1904; x_wconf 87' lang='lat' dir='ltr'>aliquid</span> <span class='ocrx_word' id='word_1_148' title='bbox 1046 1850 1114 1890; x_wconf 92' lang='lat' dir='ltr'>vel</span> <span class='ocrx_word' id='word_1_149' title='bbox 1158 1846 1486 1888; x_wconf 82' lang='lat' dir='ltr'>confirmandum</span> <span class='ocrx_word' id='word_1_150' title='bbox 1527 1849 1596 1887; x_wconf 90' lang='lat' dir='ltr'>vel</span> 
     </span>
     <span class='ocr_line' id='line_1_20' title="bbox 241 1942 1595 1999; baseline -0.01 -4"><span class='ocrx_word' id='word_1_151' title='bbox 241 1953 483 1995; x_wconf 87' lang='lat' dir='ltr'>mutandum</span> <span class='ocrx_word' id='word_1_152' title='bbox 512 1951 744 1999; x_wconf 81' lang='lat' dir='ltr'>videretur,</span> <span class='ocrx_word' id='word_1_153' title='bbox 787 1947 857 1988; x_wconf 90' lang='lat' dir='ltr'>sed</span> <span class='ocrx_word' id='word_1_154' title='bbox 897 1946 1102 1995; x_wconf 86' lang='lat' dir='ltr'>breviter,</span> <span class='ocrx_word' id='word_1_155' title='bbox 1150 1953 1284 1984; x_wconf 86' lang='lat' dir='ltr'>cetera</span> <span class='ocrx_word' id='word_1_156' title='bbox 1317 1942 1595 1996; x_wconf 85' lang='lat' dir='ltr'>Explicationi</span> 
     </span>
     <span class='ocr_line' id='line_1_21' title="bbox 239 2040 1593 2103; baseline -0.008 -14"><span class='ocrx_word' id='word_1_157' title='bbox 239 2063 473 2100; x_wconf 84' lang='lat' dir='ltr'>reservans,</span> <span class='ocrx_word' id='word_1_158' title='bbox 509 2049 598 2090; x_wconf 87' lang='lat' dir='ltr'>ubi-</span> <span class='ocrx_word' id='word_1_159' title='bbox 614 2045 819 2103; x_wconf 85' lang='lat' dir='ltr'>quidquid</span> <span class='ocrx_word' id='word_1_160' title='bbox 847 2048 998 2086; x_wconf 88' lang='lat' dir='ltr'>harum</span> <span class='ocrx_word' id='word_1_161' title='bbox 1039 2057 1180 2083; x_wconf 88' lang='lat' dir='ltr'>rerum</span> <span class='ocrx_word' id='word_1_162' title='bbox 1218 2056 1311 2082; x_wconf 90' lang='lat' dir='ltr'>cum</span> <span class='ocrx_word' id='word_1_163' title='bbox 1347 2040 1593 2093; x_wconf 85' lang='lat' dir='ltr'>interpreta-</span> 
     </span>
     <span class='ocr_line' id='line_1_22' title="bbox 239 2137 1593 2198; baseline -0.007 -14"><span class='ocrx_word' id='word_1_164' title='bbox 239 2146 349 2185; x_wconf 82' lang='lat' dir='ltr'>tione</span> <span class='ocrx_word' id='word_1_165' title='bbox 381 2148 666 2196; x_wconf 87' lang='lat' dir='ltr'>coniunetum,</span> <span class='ocrx_word' id='word_1_166' title='bbox 695 2144 886 2185; x_wconf 75' lang='lat' dir='ltr'>disertius</span> <span class='ocrx_word' id='word_1_167' title='bbox 914 2144 1159 2198; x_wconf 85' lang='lat' dir='ltr'>plerumque</span> <span class='ocrx_word' id='word_1_168' title='bbox 1187 2137 1371 2179; x_wconf 83' lang='lat' dir='ltr'>tractavi.</span> <span class='ocrx_word' id='word_1_169' title='bbox 1434 2137 1500 2176; x_wconf 88' lang='lat' dir='ltr'>De</span> <span class='ocrx_word' id='word_1_170' title='bbox 1530 2137 1593 2176; x_wconf 85' lang='lat' dir='ltr'>in-</span> 
     </span>
     <span class='ocr_line' id='line_1_23' title="bbox 239 2229 1594 2290; baseline -0.006 -14"><span class='ocrx_word' id='word_1_171' title='bbox 239 2239 529 2290; x_wconf 86' lang='lat' dir='ltr'>terpretatione</span> <span class='ocrx_word' id='word_1_172' title='bbox 560 2247 698 2279; x_wconf 87' lang='lat' dir='ltr'>autem</span> <span class='ocrx_word' id='word_1_173' title='bbox 727 2253 819 2278; x_wconf 87' lang='lat' dir='ltr'>mea</span> <span class='ocrx_word' id='word_1_174' title='bbox 854 2239 937 2278; x_wconf 82' lang='lat' dir='ltr'>iam</span> <span class='ocrx_word' id='word_1_175' title='bbox 964 2237 1065 2276; x_wconf 83' lang='lat' dir='ltr'>haec</span> <span class='ocrx_word' id='word_1_176' title='bbox 1095 2231 1268 2273; x_wconf 82' lang='lat' dir='ltr'>dicenda</span> <span class='ocrx_word' id='word_1_177' title='bbox 1299 2232 1448 2271; x_wconf 87' lang='lat' dir='ltr'>habeo.</span> <span class='ocrx_word' id='word_1_178' title='bbox 1512 2229 1594 2268; x_wconf 90' lang='lat' dir='ltr'>Re-</span> 
     </span>
     <span class='ocr_line' id='line_1_24' title="bbox 240 2322 1592 2386; baseline -0.007 -16"><span class='ocrx_word' id='word_1_179' title='bbox 240 2330 467 2371; x_wconf 86' lang='lat' dir='ltr'>cordamini</span> <span class='ocrx_word' id='word_1_180' title='bbox 495 2332 594 2386; x_wconf 87' lang='lat' dir='ltr'>quid</span> <span class='ocrx_word' id='word_1_181' title='bbox 626 2339 805 2372; x_wconf 84' lang='lat' dir='ltr'>statuant</span> <span class='ocrx_word' id='word_1_182' title='bbox 833 2331 958 2381; x_wconf 82' lang='lat' dir='ltr'>vulgo</span> <span class='ocrx_word' id='word_1_183' title='bbox 997 2327 1047 2368; x_wconf 85' lang='lat' dir='ltr'>de</span> <span class='ocrx_word' id='word_1_184' title='bbox 1075 2322 1236 2367; x_wconf 88' lang='lat' dir='ltr'>ratione</span> <span class='ocrx_word' id='word_1_185' title='bbox 1264 2326 1417 2365; x_wconf 89' lang='lat' dir='ltr'>horum</span> <span class='ocrx_word' id='word_1_186' title='bbox 1446 2323 1592 2362; x_wconf 85' lang='lat' dir='ltr'>carmi-</span> 
     </span>
     <span class='ocr_line' id='line_1_25' title="bbox 239 2416 1590 2476; baseline -0.006 -14"><span class='ocrx_word' id='word_1_187' title='bbox 239 2437 358 2473; x_wconf 85' lang='lat' dir='ltr'>num,</span> <span class='ocrx_word' id='word_1_188' title='bbox 398 2438 490 2463; x_wconf 85' lang='lat' dir='ltr'>cum</span> <span class='ocrx_word' id='word_1_189' title='bbox 524 2439 576 2464; x_wconf 87' lang='lat' dir='ltr'>ne</span> <span class='ocrx_word' id='word_1_190' title='bbox 620 2425 669 2466; x_wconf 82' lang='lat' dir='ltr'>de</span> <span class='ocrx_word' id='word_1_191' title='bbox 710 2424 917 2476; x_wconf 80' lang='lat' dir='ltr'>Scaligero</span> <span class='ocrx_word' id='word_1_192' title='bbox 957 2420 1109 2471; x_wconf 85' lang='lat' dir='ltr'>dicam,</span> <span class='ocrx_word' id='word_1_193' title='bbox 1152 2419 1341 2474; x_wconf 90' lang='lat' dir='ltr'>Heynius</span> <span class='ocrx_word' id='word_1_194' title='bbox 1377 2418 1421 2457; x_wconf 85' lang='lat' dir='ltr'>in</span> <span class='ocrx_word' id='word_1_195' title='bbox 1451 2416 1590 2455; x_wconf 87' lang='lat' dir='ltr'>multis</span> 
     </span>
     <span class='ocr_line' id='line_1_26' title="bbox 238 2511 1589 2573; baseline -0.009 -12"><span class='ocrx_word' id='word_1_196' title='bbox 238 2521 463 2573; x_wconf 81' lang='lat' dir='ltr'>fragmenta</span> <span class='ocrx_word' id='word_1_197' title='bbox 497 2529 656 2561; x_wconf 88' lang='lat' dir='ltr'>tantum</span> <span class='ocrx_word' id='word_1_198' title='bbox 686 2536 762 2563; x_wconf 89' lang='lat' dir='ltr'>nos</span> <span class='ocrx_word' id='word_1_199' title='bbox 794 2531 936 2563; x_wconf 85' lang='lat' dir='ltr'>tenere</span> <span class='ocrx_word' id='word_1_200' title='bbox 972 2517 1212 2567; x_wconf 80' lang='lat' dir='ltr'>crediderit,</span> <span class='ocrx_word' id='word_1_201' title='bbox 1253 2515 1323 2555; x_wconf 83' lang='lat' dir='ltr'>alii</span> <span class='ocrx_word' id='word_1_202' title='bbox 1363 2511 1589 2553; x_wconf 87' lang='lat' dir='ltr'>deleverint</span> 
     </span>
    </p>
   </div>
   <div class='ocr_carea' id='block_1_2' title="bbox 235 2606 1587 2670">
    <p class='ocr_par' dir='ltr' id='par_1_3' title="bbox 235 2606 1587 2670">
     <span class='ocr_line' id='line_1_27' title="bbox 235 2606 1587 2670; baseline -0.008 -15"><span class='ocrx_word' id='word_1_203' title='bbox 235 2614 401 2668; x_wconf 83' lang='lat' dir='ltr'>quidem</span> <span class='ocrx_word' id='word_1_204' title='bbox 431 2615 673 2656; x_wconf 85' lang='lat' dir='ltr'>lacunarum</span> <span class='ocrx_word' id='word_1_205' title='bbox 705 2617 841 2668; x_wconf 84' lang='lat' dir='ltr'>signa,</span> <span class='ocrx_word' id='word_1_206' title='bbox 887 2631 1022 2670; x_wconf 86' lang='lat' dir='ltr'>neque</span> <span class='ocrx_word' id='word_1_207' title='bbox 1053 2624 1189 2656; x_wconf 88' lang='lat' dir='ltr'>tamen</span> <span class='ocrx_word' id='word_1_208' title='bbox 1225 2610 1422 2652; x_wconf 83' lang='lat' dir='ltr'>unitatem</span> <span class='ocrx_word' id='word_1_209' title='bbox 1455 2606 1587 2660; x_wconf 87' lang='lat' dir='ltr'>poeti-</span> 
     </span>
    </p>
   </div>
   <div class='ocr_carea' id='block_1_3' title="bbox 1709 1987 1721 2953">
    <p class='ocr_par' dir='ltr' id='par_1_4' title="bbox 1709 1987 1721 2953">
     <span class='ocr_line' id='line_1_28' title="bbox 1709 1987 1721 2953; baseline 0 0"><span class='ocrx_word' id='word_1_210' title='bbox 1709 1987 1721 2953; x_wconf 95' lang='lat' dir='ltr'> </span> 
     </span>
    </p>
   </div>
  </div>
 </body>
</html>
