1721 2953
288 168 367 203 398
602 156 972 202 COMMENTAR.
1004 161 1061 202 ΙΝ
1094 162 1319 202 TIBULLI

383 278 425 311 V.
439 277 484 308 38
503 284 575 316 sqq.
612 274 698 306 Cum
724 274 820 307 multi
845 274 991 309 Romani
1020 276 1248 320 eloquentiam
1274 287 1350 310 cum
1376 277 1516 311 scientia
1543 273 1633 312 misi-

286 342 350 376 tari
383 341 594 374 coniunctam
629 338 813 381 haberent,
861 349 961 374 nemo
998 345 1109 374 tamen
1146 342 1254 375 maior
1287 342 1321 375 in
1355 341 1405 375 his
1439 343 1540 377 rebus
1569 343 1633 377 suit

286 406 456 446 Messala,
500 403 597 437 cuius
632 414 750 448 parem
782 404 816 436 in
848 408 992 448 utroque
1030 416 1156 448 genere
1189 406 1322 440 laudem
1358 408 1504 441 trutinae
1537 419 1632 442 com—

284 472 460 518 paratione
487 471 642 504 illustrat.
693 471 809 505 Veluti
836 482 912 506 cum
938 473 1045 515 libra,
1081 473 1148 514 ait,
1185 474 1257 516 pari
1290 474 1440 517 pondere
1468 475 1632 518 premitur

284 545 318 574 et
351 539 506 583 aequalia
539 538 690 582 pondera
722 540 813 582 gerit
847 540 1026 583 utrinque,
1067 550 1130 573 nec
1163 540 1310 573 subsidit
1343 542 1481 584 pronior
1511 540 1565 574 hic
1597 544 1632 575 et

283 607 436 640 elevatur
467 606 549 639 illic.
607 604 772 646 Sedet,
815 608 853 638 ut
885 605 1051 638 LucRn'r.
1077 605 1121 647 V,
1145 606 1235 639 475:
1278 605 1382 649 Quod
1414 618 1524 653 neque
1557 612 1633 638 tom

275 672 424 719 suerint
442 671 590 718 gravia,
617 678 659 704 ut
683 671 846 716 depressa
872 671 1043 705 sederent.
1094 672 1370 717 comparativum
1395 674 1494 717 plus
1518 678 1634 707 autem

282 739 602 772 Wmvnnnmcmus
636 742 729 771 recte
763 747 840 770 cum
873 747 1014 780 prona
1043 737 1175 780 iungit,
1209 738 1314 771 veluti
1344 741 1396 771 est
1424 737 1630 772 Nssmnsuw.

283 805 408 848 Eclog.
433 808 474 847 4,
502 808 567 839 72:
600 804 690 837 Plus
719 810 839 836 tamen
866 803 941 848 ipse
971 815 1085 841 meus,
1117 802 1205 848 plus
1227 809 1281 836 est
1307 802 1491 850 formosus
1521 803 1632 836 Iolas.

282 873 371 907 Nam
395 872 512 905 sedere
538 882 599 916 per
619 881 657 905 se
681 871 866 915 opponitur
889 871 995 905 verbo
1019 881 1182 916 surgere,
1209 874 1244 904 et
1269 870 1424 904 convenit
1449 874 1631 912 utrumque

280 939 515 983 inaequalibus
550 938 714 973 lancibus,
776 940 889 981 Atque
923 937 977 972 hic
1012 937 1150 980 quidem
1182 936 1371 970 absolvitur
1403 936 1629 980 comparatio.

281 1008 352 1041 Sed
379 1011 501 1052 poeta,
533 1006 624 1049 quod
653 1006 790 1039 minime
823 1005 1052 1039 necessarium
1081 1008 1173 1047 erat,
1208 1004 1362 1037 ultimum
1388 1013 1521 1037 versum
1551 1012 1630 1045 per-

281 1084 380 1107 verso
413 1073 539 1106 iudicio
570 1072 807 1106 illustrandum
842 1070 973 1104 censuit
1007 1080 1095 1102 novo
1127 1068 1283 1103 disticho.
1345 1069 1488 1101 Dixerat
1520 1067 1630 1099 enim:

281 1141 355 1175 Nec
388 1142 496 1175 altera
528 1145 626 1185 parte
662 1139 880 1183 deprimitur,
918 1138 1026 1170 altera
1056 1137 1218 1170 elevatur.
1277 1136 1377 1170 Nunc
1411 1136 1544 1180 pergit:
1582 1135 1631 1168 Ut

281 1210 339 1250 fit,
374 1209 402 1242 si
429 1207 564 1251 quando
598 1208 814 1248 inaequatum
843 1213 927 1237 onus
959 1203 992 1235 in
1025 1202 1178 1235 lancibus
1209 1205 1271 1236 est.
1328 1201 1428 1235 Tunc
1455 1201 1542 1234 enim
1571 1201 1633 1234 in·-

279 1274 468 1308 stabilis
501 1276 651 1315 natat,
687 1271 720 1305 h.
738 1283 767 1306 e.
795 1271 949 1311 vacillat,
988 1268 1054 1302 huc
1078 1269 1159 1302 illuc
1189 1269 1307 1304 fertur.
1356 1269 1408 1303 De
1433 1279 1500 1312 qua
1525 1267 1633 1310 signi-

280 1341 438 1374 ficatione
471 1351 502 1374 v.
537 1346 665 1373 natare
699 1340 1018 1373 WUNDERLIcfflus
1053 1340 1232 1380 comparat
1265 1337 1401 1370 Smne.
1427 1335 1539 1380 Epist.
1565 1338 1632 1368 35:

280 1405 443 1438 Mutatio
478 1404 677 1438 voluntatis
710 1404 847 1436 indicat
880 1403 1036 1436 animum
1067 1408 1216 1438 natare,
1258 1406 1292 1435 et
1317 1402 1461 1436 HonA'r.
1486 1402 1560 1434 Sat.
1586 1401 1631 1442 II,

280 1476 315 1514 7,
340 1475 381 1505 6:
419 1474 512 1505 Pars
542 1471 719 1504 hominum
747 1470 845 1504 vitiis
870 1469 1007 1516 gaudet
1034 1475 1237 1502 constanter
1263 1474 1299 1501 et
1332 1475 1436 1514 urget
1460 1468 1630 1512 Proposi-

283 1546 379 1573 tum:
411 1551 500 1584 pars
523 1538 639 1571 multa
664 1543 791 1574 natat,
828 1537 925 1569 modo
949 1543 1047 1569 recta
1074 1548 1270 1580 capessens,
1302 1535 1485 1568 Interdum
1506 1535 1633 1580 prm-is

283 1606 452 1644 obnoxia,
486 1606 544 1639 ubi
577 1606 665 1639 adde
690 1605 903 1638 HnanoRF.
963 1603 1050 1636 Nam
1077 1602 1119 1635 de
1147 1603 1258 1635 animo
1283 1602 1419 1645 quidem
1447 1603 1633 1636 fluctuante

282 1673 419 1717 saepius
453 1671 576 1705 dicitur
609 1669 672 1703 hoc
707 1668 868 1709 verbum,
904 1671 941 1701 ut
971 1670 1114 1701 constat.
1140 1685 1185 1692 -
1233 1668 1413 1701 alterno
1445 1668 1633 1712 depres-

282 1739 377 1771 sior
411 1737 542 1778 orbe‚
586 1746 675 1768 nunc
711 1734 832 1767 dextra
865 1735 982 1775 lance,
1027 1744 1117 1767 nunc
1151 1734 1286 1767 sinistra
1320 1736 1428 1778 magis
1462 1736 1631 1769 inclinata.

281 1803 347 1836 Est
379 1803 484 1845 igitur
520 1799 612 1834 orbis
640 1799 694 1833 hic
730 1800 808 1833 lanx
842 1799 948 1832 librae
982 1799 1139 1833 rotunda.
1197 1800 1310 1842 Atque
1341 1800 1426 1834 haee
1459 1799 1632 1836 hactenus.

282 1871 332 1904 Ut
364 1869 510 1912 denique
539 1868 582 1901 de
615 1865 869 1910 comparatione
900 1865 975 1909 ipsa
999 1865 1140 1899 verbum
1171 1866 1312 1909 addam,
1346 1868 1494 1901 Vossms
1519 1872 1634 1902 monet

283 1938 433 1971 trutinae
467 1935 722 1979 comparatione
756 1933 789 1965 in
822 1932 1045 1965 describendo
1081 1933 1265 1966 certamine
1299 1934 1372 1977 pari
1405 1934 1632 1968 Troianorum

283 2007 320 2037 et
343 2001 547 2036 Achivorum
573 2000 761 2033 Hommum
794 1998 844 2031 uti
877 1998 916 2032 11.
942 1997 1029 2040 XII,
1056 2000 1137 2032 433.
1183 1999 1295 2040 Sane3
1329 2003 1364 2033 et
1397 2000 1466 2033 illic
1494 2000 1631 2043 quidem

283 2069 411 2112 optime
445 2077 499 2100 res
530 2066 644 2099 habet.
702 2064 781 2098 Hoc
808 2065 885 2098 loco
918 2075 999 2098 vero
1026 2065 1198 2099 HnYmus
1222 2069 1316 2100 recte
1348 2067 1453 2100 sensit
1481 2067 1631 2110 putidam

283 2145 360 2168 esse
384 2133 683 2177 comparationem.
732 2132 824 2165 Satis
850 2132 1003 2176 profecto
1031 2136 1103 2165 erat
1128 2133 1325 2176 simpliciter
1349 2132 1482 2173 dicere,
1513 2142 1629 2175 parem

281 2200 455 2234 Messalae
490 2209 565 2232 esse
603 2198 637 2251 in
675 2201 821 2240 utroque
856 2207 984 2239 genere
1022 2196 1176 2238 laudem3
1224 2196 1405 2230 ostendere
1436 2207 1518 2230 vero
1553 2196 1632 2229 data

284 2275 389 2310 opera
422 2269 492 2298 tam
526 2269 681 2298 exactam
716 2274 791 2296 esse
825 2264 1087 2306 aequalitatem,
1125 2267 1163 2296 ut
1195 2263 1382 2307 ponderum
1419 2264 1453 2296 in
1484 2264 1630 2296 trutinae

282 2330 505 2373 aequilibrio,
541 2329 720 2362 ridiculum
751 2332 825 2370 est,
859 2329 937 2372 quia
967 2339 1065 2362 nemo
1099 2327 1163 2362 hoc
1190 2330 1338 2373 postulat
1369 2333 1428 2362 aut
1455 2333 1632 2373 exspectat

282 2395 315 2428 in
342 2396 401 2428 tali
426 2395 605 2429 sententia.
625 2413 669 2418 —
719 2395 761 2428 V.
779 2396 823 2427 45
843 2404 893 2436 sq.
927 2393 1030 2426 Nam
1064 2404 1141 2427 seu
1176 2393 1348 2429 diversi
1372 2406 1445 2438 sqq.
1472 2395 1502 2428 h.
1519 2405 1548 2427 e.
1570 2405 1630 2428 seu

284 2463 407 2504 vulgus
439 2461 605 2494 dissidens
640 2461 672 2494 in
708 2462 854 2495 comitiis
887 2462 988 2494 variis
1025 2462 1175 2504 agitatus
1207 2462 1381 2495 sententiis
1414 2460 1557 2502 fremat3
1597 2461 1630 2493 in

284 2539 352 2572 quo
371 2526 525 2572 fremere
551 2531 603 2561 est
628 2528 669 2560 de
701 2528 904 2561 clamoribus
936 2528 1187 2570 dissidentium,
1223 2532 1257 2561 et
1281 2527 1439 2559 diversus
1465 2527 1498 2559 in
1522 2527 1631 2559 varias

285 2598 399 2639 partes
425 2597 563 2627 tractus.
622 2594 760 2628 LUCAN.
787 2594 858 2637 IX,
882 2597 972 2628 217:
1001 2593 1130 2639 fremit
1160 2591 1332 2625 discordia
1358 2591 1469 2637 vulgi.
1527 2592 1630 2625 Com-

286 2664 383 2706 parat
424 2659 704 2695 Bnovcmmsms
754 2661 850 2704 Yirg.
893 2660 976 2694 Aen.
1017 2659 1069 2701 ΙΙ,
1108 2661 1176 2692 39:
1232 2656 1415 2690 Scinditur
1459 2656 1629 2689 incertum
