1721 2953
257 93 333 129 196
571 82 943 127 COMMENTAR.
970 86 1029 128 IN
1060 86 1289 129 TIBULLI

254 209 400 244 sequens
434 201 469 231 et
501 197 574 241 ipse
609 198 644 230 in
677 193 741 231 hoc
773 197 961 242 priscorum
986 197 1112 232 rituum
1137 199 1315 234 rationem.
1346 217 1388 224 --
1422 198 1603 234 Hostia.

256 266 370 308 Vulgo
394 262 505 296 hostia
529 266 699 297 mactatur
724 264 898 308 placandis
923 265 1007 308 diis,
1033 270 1070 300 ut
1095 270 1252 309 constat,
1275 276 1354 301 cum
1379 267 1604 312 supplicatur,

255 331 390 366 victima
414 334 528 365 autem
558 330 602 364 ad
627 331 755 374 gratias
780 332 977 367 referendas
1002 338 1081 378 post
1113 343 1169 367 res
1203 334 1291 368 bene
1315 339 1442 378 gestas.
1490 335 1605 370 Pecu--

254 396 328 431 liari
354 406 456 430 sensu
482 394 592 429 hostia
620 395 711 430 dicta
738 396 892 440 videtur,
921 407 1022 441 quam
1047 399 1268 433 immolabant
1291 404 1351 433 aut
1375 399 1544 434 vovebant
1568 404 1605 433 ut

254 463 370 497 liostes
393 467 602 498 arcerentur.
641 464 754 498 Ovinv
776 465 870 499 Fast.
895 464 925 508 Ι,
956 468 1048 500 3362
1085 464 1262 498 Hostibus
1292 477 1317 498 a
1349 466 1452 499 molis
1486 464 1606 498 hostia

253 541 376 562 nomen
394 528 514 561 habet·
561 530 724 563 FESTUst
752 529 886 562 Hostia
912 528 1129 574 sacrificium
1153 529 1248 577 quod
1268 529 1424 563 Laribus
1447 530 1606 563 immola-

253 602 335 633 tur,
368 595 464 642 quod
487 595 532 628 ab
563 596 636 629 illis
670 596 789 630 hostes
822 595 936 629 arceri
961 594 1159 641 putabant.
1208 596 1308 631 Unde
1339 595 1475 629 hostilii
1497 597 1606 631 Lares

253 660 335 695 dicti
367 661 487 695 eodem
521 661 641 695 Fns'ro
675 665 775 696 teste.
825 661 877 694 De
900 660 1024 695 iisdem
1048 662 1286 696 Pnorssn'rms
1310 663 1460 707 loquitur
1483 664 1546 706 111,
1570 667 1604 705 3,

255 730 321 761 11:
361 727 669 774 Hannibalemque
693 731 806 761 Lares
839 729 1003 761 Romana
1041 727 1122 761 sede
1149 728 1342 774 fugantes.
1391 730 1505 772 Atque
1541 729 1607 763 huc

254 804 345 829 nunc
369 796 521 840 respexit
548 795 649 829 etiam
669 795 840 839 Tibullus,
864 796 996 831 Voss1o
1022 805 1161 839 quoque
1185 795 1308 830 iudice.
1328 814 1372 820 —
1399 795 1606 837 mystica.

254 860 413 894 Dubitari
445 861 580 904 quidem
613 872 680 895 non
718 871 819 906 posse
843 860 979 894 videtur
1004 861 1145 894 Larium
1170 871 1267 894 sacra
1291 860 1520 894 similitudinis
1544 861 1608 893 ali-

255 926 337 969 quid
362 925 520 961 habuisse
544 938 622 961 cum
654 928 791 961 Cereris
815 928 909 961 cultu
936 927 1075 970 (confer
1099 938 1186 970 quae
1211 931 1307 960 notat
1333 927 1539 960 Munna-nus
1564 927 1608 960 de

255 992 414 1027 Etruscis
439 994 482 1028 T.
508 994 554 1029 ΙΙ.
579 1007 613 1039 p.
639 996 697 1028 94.
723 994 838 1038 102),
863 994 922 1029 sed
950 998 1063 1028 tamen
1088 993 1142 1027 hic
1166 994 1313 1026 alienum
1338 992 1451 1025 iudico
1477 991 1609 1035 epithe-

255 1063 315 1092 ton
340 1059 492 1104 myslica
524 1062 703 1095 meliorum
738 1061 894 1095 codicum
929 1072 1006 1095 cum
1041 1061 1195 1094 Hmeo
1229 1060 1392 1103 aliisque,
1431 1063 1467 1093 et
1491 1070 1609 1093 verum

256 1123 367 1158 habeo
392 1125 550 1163 rustica,
588 1126 680 1169 quod
714 1125 876 1160 confundi
900 1126 934 1159 in
961 1125 1137 1159 codicibus
1161 1136 1239 1159 cum
1264 1126 1324 1159 illo
1349 1125 1479 1160 monuit
1503 1124 1610 1158 Hur-

257 1200 352 1224 EIUS.
401 1191 576 1226 Promittit
599 1193 758 1226 Tibullus
783 1194 946 1227 rusticum
980 1204 1121 1238 porcum
1159 1203 1203 1226 ex
1241 1193 1348 1237 copiis
1380 1194 1478 1227 ruris.
1537 1192 1610 1226 Sed

258 1258 455 1293 obscuriora
479 1265 560 1293 sunt
583 1259 638 1294 liic
663 1262 739 1295 alia.
788 1261 912 1295 Lectio
935 1261 1110 1295 codicum:
1136 1261 1394 1305 Hostiaque
1420 1273 1440 1295 e
1465 1262 1611 1305 plena,

259 1334 336 1357 cum
361 1325 467 1358 verbo
493 1336 610 1360 carere
635 1327 808 1369 videatur,
842 1328 1000 1361 Puccms
1026 1328 1237 1362 emendavit:
1272 1328 1390 1360 hostia
1414 1327 1482 1360 erit
1503 1327 1612 1372 plena

259 1393 327 1423 etc.
363 1390 456 1433 quod
481 1393 585 1435 vulgo
613 1397 799 1437 receptum.
848 1396 894 1427 At
922 1395 1010 1428 enim
1037 1399 1090 1428 est
1115 1395 1164 1428 sic
1187 1394 1414 1428 intolerabilis
1440 1394 1609 1428 ablativus

254 1453 364 1497 plena
388 1455 480 1488 hara
507 1467 557 1501 pr.
593 1468 612 1491 e
645 1459 746 1502 plena
771 1457 872 1500 nara,
909 1460 1014 1492 veluti
1049 1460 1134 1493 alias
1159 1459 1304 1502 dicitur,
1343 1461 1450 1493 Ovm.
1475 1461 1611 1494 Amorr.

259 1521 323 1564 ΙΙΙ,
349 1525 404 1564 13,
426 1525 491 1557 14:
527 1530 563 1556 et
587 1524 699 1558 minor
724 1537 766 1558 ex
793 1526 921 1558 humili
948 1526 1094 1560 victima
1114 1539 1246 1571 porcus
1271 1527 1383 1570 hara,
1417 1534 1476 1561 aut
1500 1529 1611 1562 VIRG.

261 1585 384 1630 Eclog.
409 1588 437 1630 l,
462 1592 504 1622 7:
543 1588 642 1622 illias
667 1601 768 1622 aram
793 1602 896 1635 saepe
922 1597 1019 1624 tener
1053 1592 1186 1625 nostris
1219 1592 1264 1625 ab
1298 1592 1449 1626 ovilibus
1481 1593 1613 1626 imbuet

263 1666 391 1699 agnus.
452 1655 527 1689 Nec
552 1656 824 1691 KLINDWORTH.
852 1668 971 1692 verum
995 1659 1080 1692 vidit
1100 1670 1230 1703 porcus
1251 1659 1360 1704 plena
1385 1660 1477 1693 hara
1502 1662 1613 1706 expli-

261 1730 343 1753 cans
368 1732 401 1764 p.
427 1731 514 1764 quae
540 1726 591 1755 est
619 1723 650 1755 in
676 1724 775 1766 plena
810 1722 912 1764 liara3
949 1733 1025 1757 nam
1051 1729 1086 1757 et
1113 1724 1292 1758 durissima
1328 1729 1380 1759 est
1412 1724 1495 1759 llaec
1529 1737 1613 1760 con-

261 1788 424 1829 structio,
458 1799 525 1822 non
551 1790 747 1822 confirmata
772 1792 931 1834 exemplo
956 1792 1063 1824 multo
1088 1792 1216 1826 leniore
1240 1803 1294 1836 ap.
1321 1793 1400 1825 Su..
1424 1792 1525 1827 ITAL.
1550 1792 1614 1835 XI,

262 1856 281 1886 1
309 1864 403 1897 sqq.=
448 1856 554 1888 ,Nunc
588 1867 653 1901 age
686 1869 773 1902 quos
809 1857 926 1891 clades
958 1857 1109 1904 insignis
1137 1860 1274 1905 Iapyge
1308 1871 1430 1904 campo
1458 1858 1615 1892 ls'erterit

263 1920 313 1952 ad
334 1919 486 1966 Libyam
517 1921 666 1966 populos
700 1924 931 1969 Sarranaque
959 1930 1080 1956 castra
1105 1924 1322 1969 Expedhzm,
1361 1935 1425 1959 nec
1456 1925 1615 1958 convenit

265 1987 343 2022 huic
369 1989 468 2031 loco,
492 1989 550 2022 ubi
578 1991 786 2034 praepositio
811 2003 848 2027 e,
875 2003 918 2023 ex
942 1992 1137 2035 requiritur.
1188 1992 1241 2026 Ne
1265 1992 1392 2034 multa3
1417 1991 1527 2025 teneri
1552 1991 1614 2025 de-

263 2053 322 2087 bet
342 2054 480 2097 antiqua
503 2055 605 2087 lectio
631 2059 666 2088 et
692 2056 785 2099 iungi
810 2055 898 2090 hand
919 2058 1020 2091 dubie
1039 2059 1108 2092 sic:
1132 2058 1187 2091 At
1209 2056 1307 2091 nobis
1327 2064 1465 2093 aerata,
1490 2060 1614 2094 Lares,

264 2120 426 2164 depellite
460 2120 554 2158 tela,
590 2122 778 2169 hostiaque
815 2125 888 2158 scil.
924 2125 1075 2169 depellat
1107 2136 1147 2158 ea
1169 2137 1298 2169 porcus
1332 2123 1479 2169 eplena
1511 2123 1615 2160 hara,

265 2197 365 2229 quam
395 2185 446 2219 his
481 2187 593 2220 verbis
614 2176 736 2221 'voveo
769 2189 865 2222 vobis
900 2190 942 2222 ad
978 2190 1142 2223 arcendos
1168 2189 1312 2224 hostium
1337 2191 1435 2223 ictus.
1483 2190 1523 2223 In
1547 2198 1612 2231 qua

266 2253 519 2286 ‹tonstructione
542 2264 584 2287 ne
607 2255 732 2288 clames
755 2266 912 2299 magnam
937 2257 1092 2291 duritiam
1115 2258 1246 2299 inesse;
1269 2257 1497 2300 significanter
1509 2254 1612 2288 credo

269 2319 313 2351 ita
348 2318 436 2352 dixit
472 2326 612 2364 propter
646 2324 818 2356 notionem
855 2322 987 2356 hostiae
1023 2325 1206 2367 propriam.
1264 2324 1426 2356 Ceterum
1451 2319 1541 2354 conf.
1567 2320 1611 2361 ll,

270 2385 303 2423 4,
332 2386 390 2418 29.
440 2386 499 2418 Sic
533 2387 646 2420 onmia
678 2389 790 2430 clara3
830 2390 929 2422 simul
966 2400 1054 2423 nunc
1087 2390 1210 2422 iterum
1238 2388 1330 2421 vides
1363 2387 1544 2430 displicere
1580 2397 1610 2418 v.

266 2448 428 2493 indistica,
456 2450 622 2492 siquidem
648 2453 738 2495 quod
763 2464 868 2497 porco
894 2464 968 2488 eam
994 2455 1059 2488 vini
1085 2454 1201 2487 tribuit
1227 2452 1395 2494 Tibullus,
1419 2452 1453 2484 in
1479 2462 1521 2485 eo
1547 2462 1611 2495 po-

268 2514 420 2556 pularem
456 2516 647 2558 opinionem
674 2520 847 2560 sequitur,
886 2530 948 2553 nec
985 2519 1028 2552 de
1063 2519 1214 2560 mysticis
1250 2518 1434 2551 rationibus
1469 2517 1610 2559 cogitat,

269 2592 330 2614 nec
357 2580 470 2615 dicere
496 2583 565 2615 vult
592 2595 628 2617 se
653 2586 812 2626 mysticas
838 2585 986 2619 rationes
1010 2586 1042 2618 in
1067 2593 1106 2617 ea
1131 2594 1167 2617 re
1194 2584 1300 2626 sequi.
1325 2601 1370 2610 —
1406 2584 1446 2617 V.
1472 2585 1518 2616 27
1535 2593 1608 2625 sqq.
