1721 2953
265 111 344 148 140
569 108 939 150 COMMENTAR.
970 110 1027 150 IN
1059 110 1288 153 TIBULLI

264 227 323 260 Sic
358 225 498 258 Homer.
533 224 599 258 Od.
625 225 669 267 ll,
697 228 750 265 19,
778 229 841 261 ll:
884 227 1021 260 truncis
1055 225 1159 272 lapsa
1194 226 1292 259 cat-is
1327 224 1444 258 mella.
1501 225 1609 258 Docet

264 293 581 326 Wurmifflmcnms
600 291 632 325 h.
653 293 674 326 l.
697 294 812 328 multis
832 296 997 339 exemplis
1022 306 1099 329 cum
1124 299 1222 328 sexto
1248 304 1330 327 casu
1355 293 1483 335 absque
1509 303 1609 336 prae—

263 359 430 401 positione
456 358 546 401 apud
571 363 692 402 poetas
716 361 866 393 construi
893 361 1016 402 verba,
1053 361 1190 404 prodire
1215 358 1340 402 aliquid
1367 369 1410 391 ex
1435 358 1547 400 aliqua
1572 367 1608 390 re

261 423 493 463 significantia.
553 423 632 456 Hoc
667 425 741 457 loco
777 425 878 458 etiam
913 425 1060 458 brevitas
1094 426 1188 458 verbi
1224 426 1360 469 proprie
1387 428 1421 457 et
1444 423 1607 456 translate

261 491 413 533 usurpati
437 491 559 532 suavis,
585 496 622 524 ut
646 492 719 525 fieri
745 493 832 526 solet
857 503 961 536 saepe
987 494 1019 525 in
1041 493 1164 525 talibus
1190 493 1300 526 dictis.
1349 493 1460 526 Porro
1479 492 1607 535 optime

260 555 577 589 WUNnnnmcnms
604 558 772 601 observat,
799 560 1024 603 imprecantes
1049 571 1069 592 a
1094 560 1206 602 rebus,
1233 570 1320 602 quae
1345 559 1433 592 forte
1460 562 1611 591 tractan—

259 625 314 654 tur
339 627 398 655 aut
421 624 527 665 fiunt,
560 625 743 658 transferre
767 626 870 658 verba
895 626 1029 666 solere,
1067 629 1103 658 ut
1128 623 1181 658 hie
1206 635 1225 657 a
1250 625 1414 667 sanguine
1439 624 1548 656 effuso
1574 627 1609 656 et

258 698 278 719 a
303 688 416 721 cinere
439 701 519 722 arae
545 693 732 734 praesentis
757 693 964 736 comparatio
990 693 1127 736 petitur.
1178 692 1308 726 Similis
1338 701 1418 724 usus
1446 690 1539 723 Hom.
1569 689 1610 723 ll.

258 754 320 796 111,
345 757 427 788 299.
460 757 570 791 Sorn.
603 758 653 790 Ai.
685 761 900 792 1177-1179.
966 758 1148 792 Postremo
1184 757 1226 790 de
1263 756 1505 800 imprecatione
1538 756 1611 799 ipsa

259 822 445 854 notandum
472 826 542 864 cst,
579 823 750 856 obversari
785 828 908 866 poetae
942 824 1054 857 animo
1081 824 1243 867 imprimis
1269 823 1444 864 elegantes
1470 820 1611 854 divites—

259 897 327 928 que
351 891 533 929 amatores,
560 889 616 930 qui
645 888 743 921 donis
769 893 804 922 et
829 890 998 932 elegantia
1023 890 1134 923 cultus
1157 890 1209 922 sui
1236 889 1382 932 puellam
1407 887 1611 920 alliciebant.

258 950 324 984 His
349 952 464 994 igitur,
487 953 516 985 si
540 953 714 995 tetigerint
740 964 825 994 eam,
852 953 1045 988 dilabentur
1069 965 1165 998 opes,
1190 955 1313 996 quibus
1338 954 1483 997 pessime
1503 957 1606 985 utun-

257 1022 333 1060 tur,
379 1020 664 1063 denuntiaturque
699 1023 740 1054 iis
795 1027 929 1065 egestas
969 1028 1139 1065 tamquam
1177 1023 1372 1065 dignissima
1409 1031 1528 1065 poena.
1564 1040 1610 1045 —

258 1084 301 1117 V·
322 1087 379 1121 55.
405 1087 463 1119 56.
513 1086 598 1119 Cum
624 1097 711 1120 nunc
736 1088 838 1120 etiam
867 1088 984 1120 Deliae
1009 1088 1226 1120 denuntietur
1250 1097 1380 1130 poena,
1406 1085 1602 1119 observabis

259 1154 296 1183 ut
322 1162 402 1185 vero
429 1153 542 1196 paullo
569 1154 676 1186 lenior
704 1155 762 1187 fiat
795 1155 917 1188 oratio.
966 1155 1120 1189 Primum
1153 1153 1230 1187 vide
1265 1153 1398 1186 mollem
1424 1152 1603 1184 allocutio-

258 1227 354 1250 nem:
380 1228 472 1250 mea
498 1218 646 1260 Delia,
676 1219 797 1252 deinde
823 1220 924 1252 etiam
952 1219 1015 1253 lioc
1041 1220 1168 1262 lenius,
1195 1220 1493 1252 WnNnssRmcmo
1520 1227 1607 1259 quo·

259 1293 325 1325 que
351 1288 510 1325 notante,
544 1285 634 1327 quod
661 1285 762 1318 dicit:
800 1286 960 1319 nescio
987 1296 1094 1328 quas
1121 1295 1313 1329 poenas,
1347 1294 1413 1317 non
1435 1282 1606 1316 recordari

259 1356 297 1378 se
322 1348 452 1389 fingens
477 1348 556 1389 quid
581 1349 705 1381 missata
731 1350 775 1381 sit
800 1349 970 1382 sacerdos.
1021 1350 1177 1391 Denique
1202 1348 1351 1382 eiusdem
1376 1346 1511 1389 generis
1530 1349 1609 1378 sunt

258 1422 379 1455 preces
404 1415 616 1456 pentametri.
675 1414 871 1447 Dubitatum
900 1413 955 1447 hic
982 1418 1033 1446 est
1065 1425 1131 1456 quo
1165 1414 1332 1458 pertineat
1362 1412 1451 1445 illa.
1505 1411 1608 1443 Nliili

260 1481 313 1510 est
338 1479 542 1522 epocatio:
568 1479 613 1511 sit
635 1479 796 1512 sacerdos
819 1491 904 1513 vana
931 1485 965 1513 et
990 1480 1146 1521 mendax,
1171 1480 1238 1512 sint
1261 1479 1375 1511 inanes
1400 1478 1472 1511 eius
1496 1478 1606 1510 minae

258 1553 322 1575 nec
347 1545 504 1576 eveniant
529 1554 670 1587 poenae.
719 1545 757 1577 In
784 1556 851 1587 quo
877 1556 940 1579 nec
965 1546 1074 1578 oratio
1101 1545 1200 1587 bona,
1225 1555 1288 1578 nec
1313 1555 1451 1586 sensus;
1477 1548 1605 1577 certum

260 1614 313 1644 est
339 1611 427 1643 enim
453 1622 596 1654 poenam
623 1612 709 1645 velle
735 1617 882 1655 poetam.
945 1612 1090 1645 Referat
1124 1613 1208 1644 alius
1241 1611 1307 1642 illa
1341 1611 1384 1643 ad
1419 1611 1607 1651 Bellonam,

259 1689 337 1710 cum
361 1677 446 1709 lei-is
472 1679 514 1711 de
541 1679 694 1722 personis
719 1679 850 1712 dicatur
875 1689 924 1722 pr.
950 1680 1046 1721 lenis,
1073 1680 1174 1721 mitis,
1201 1678 1247 1713 cf.
1272 1679 1412 1712 Hons'r.
1439 1678 1467 1719 I,
1494 1681 1547 1719 18,
1572 1680 1604 1710 9.

260 1747 294 1775 et
336 1743 412 1776 vide
455 1745 697 1779 Sarma-mm
734 1746 774 1778 ad
814 1746 912 1779 ovid.
948 1747 1022 1779 Ibin
1061 1757 1093 1780 v.
1125 1749 1208 1780 212.
1266 1747 1478 1779 Huscflmus
1513 1744 1607 1777 addit

258 1809 397 1841 an'r.
424 1809 576 1843 Trinum.
605 1810 665 1852 III,
691 1814 725 1853 2,
751 1814 806 1844 58.
857 1812 1021 1844 Similiter
1054 1812 1176 1850 κοῦφος
1212 1816 1264 1846 est
1299 1812 1425 1845 dictum
1460 1812 1606 1851 Graece,

258 1873 325 1905 vid.
363 1875 518 1907 Cipum.
552 1876 672 1920 Epigr.
708 1878 800 1911 LXI.
840 1879 991 1911 Analect.
1031 1879 1198 1912 Bnuch.
1234 1879 1277 1911 T.
1302 1879 1329 1920 I,
1363 1891 1396 1922 p.
1422 1880 1503 1911 475.
1561 1880 1606 1910 At

259 1941 346 1973 enim
373 1942 474 1974 etiam
506 1941 570 1976 hoc
595 1943 772 1987 displicet3
808 1945 906 1978 nimis
932 1950 1098 1979 remotum
1127 1945 1202 1979 hinc
1227 1945 1312 1978 deae
1338 1955 1480 1985 nomen,
1505 1953 1605 1986 quam

259 2009 296 2037 ut
320 2004 383 2039 hue
404 2007 557 2041 adhiberi
583 2011 700 2052 possit.
749 2012 874 2045 Restat
898 2013 1002 2055 igitur
1026 2013 1116 2056 quod
1141 2013 1438 2056 simplicissimum,
1466 2014 1502 2043 ut
1525 2021 1606 2053 sup-

259 2073 394 2115 pleatur
412 2086 538 2117 poena.
588 2076 634 2108 Et
667 2076 730 2110 hoc
764 2089 891 2113 verum.
941 2080 1063 2122 Neque
1088 2081 1327 2113 soloecismum
1353 2079 1434 2112 fecit
1459 2083 1560 2122 poeta
1584 2090 1604 2111 a

259 2140 381 2181 plurali
413 2141 455 2173 ad
490 2142 695 2184 singularem
730 2146 913 2187 transiens,
948 2151 1006 2178 ant
1040 2147 1269 2189 negligentiae
1294 2146 1445 2179 accusari
1480 2149 1604 2188 potest,

260 2206 320 2238 sed
356 2209 510 2241 consulto
545 2211 590 2242 ita
624 2212 779 2255 scripsit,
815 2224 891 2244 cum
925 2212 1108 2245 minuatur
1140 2213 1247 2244 etiam
1272 2212 1323 2245 sic
1349 2211 1605 2256 magnitudinis

260 2273 366 2306 nolio.
416 2275 526 2307 Multa
552 2282 628 2309 sunt
653 2278 741 2321 apud
767 2279 974 2322 scriptores³‚
1009 2290 1095 2321 quae
1121 2280 1340 2322 grammatica
1365 2278 1516 2311 severior
1539 2278 1601 2310 ini-

262 2338 395 2380 probat,
422 2338 587 2373 rhetorica
620 2354 701 2375 vero
727 2349 762 2376 et
788 2346 921 2387 poetica
947 2356 1000 2377 ars
1026 2349 1060 2378 et
1085 2356 1203 2378 sensus
1234 2344 1363 2388 pulchri
1389 2344 1514 2383 docuit,
1541 2353 1601 2386 pe-

261 2405 404 2437 culiares
429 2406 637 2448 singulorum
672 2410 822 2443 locorum
854 2412 1003 2444 rationes
1028 2421 1195 2453 sequens3
1226 2410 1315 2452 quod
1342 2408 1519 2441 discrimen
1547 2410 1601 2451 qni

260 2468 418 2507 ignorant
439 2475 473 2502 ct
497 2473 578 2504 solis
601 2476 828 2515 grammaticis
851 2477 979 2518 regulis
1010 2487 1113 2519 opera
1145 2480 1294 2509 veterum
1316 2475 1475 2517 explicari
1503 2485 1603 2517 posse

262 2540 414 2579 censent,
439 2537 471 2568 in
497 2539 644 2571 maximo
670 2551 784 2573 errore
811 2546 997 2574 versantur.
1024 2559 1068 2566 —
1098 2542 1134 2575 V.
1161 2544 1206 2574 57
1231 2551 1279 2582 sq.
1331 2540 1425 2572 Non
1452 2550 1533 2581 ego
1560 2544 1602 2573 te

263 2607 453 2644 propter
479 2614 612 2646 parco
638 2605 740 2646 tibi,
766 2617 829 2639 non
857 2610 933 2640 tuae
958 2607 1065 2639 malae
1086 2606 1162 2639 fidei
1186 2604 1269 2638 lianc
1297 2606 1466 2638 lenitatem
1495 2615 1600 2638 meam
