1721 2953
318 148 399 188 314
637 144 1008 192 COMMENTAR.
1036 150 1096 192 IN
1126 151 1354 193 TIBULLI

317 266 352 294 et
383 272 497 295 soror,
537 263 575 292 ut
609 260 717 303 quivis
750 260 864 304 videt,
900 262 1080 309 coniugem
1115 268 1229 298 autem
1266 267 1416 310 appellat
1457 269 1548 301 molli
1582 279 1657 302 cum

316 326 441 358 affectu
465 334 624 367 sponsam
649 335 713 359 nec
737 325 811 359 sine
835 328 1004 371 exemplo.

410 390 542 426 Quodsi
568 391 716 434 denique
740 391 783 424 de
808 392 926 426 ordine
951 404 1115 437 quaeras,
1140 406 1208 438 quo
1233 398 1360 441 scripta
1382 399 1448 432 sint
1473 398 1556 433 llaec
1582 411 1657 434 car-

315 457 423 498 mina,
457 457 611 501 primam
637 456 745 490 habeo
772 458 862 500 quod
887 460 1040 502 proxime
1066 461 1238 503 legemus,
1276 463 1464 496 secundum
1490 464 1579 507 quod
1606 469 1657 498 est

312 524 449 557 tertium
473 525 559 557 libri.
609 524 738 558 Secuta
763 528 842 558 sunt
868 532 1054 571 quartum,
1079 528 1289 566 secundum,
1322 537 1472 566 sextum.
1521 532 1656 576 Nempe

312 600 389 622 cum
415 589 537 623 dubius
563 590 672 624 factus
698 596 789 625 esset
814 591 908 626 favor
931 592 1106 636 Neaerae,
1139 596 1275 639 scripsit
1294 597 1446 640 primum
1472 600 1655 642 aliquando

313 656 387 697 lioc,
413 656 503 700 quod
526 658 679 700 sequitur
705 659 872 702 proxime,
897 670 1046 702 carmen,
1073 661 1102 694 si
1125 666 1242 705 posset
1266 673 1343 696 eum
1369 664 1480 698 denuo
1504 667 1654 699 resusci-

310 728 394 757 tare.
445 723 514 757 Sed
549 734 616 758 non
642 725 776 758 redibat
800 725 935 760 Neaera
959 727 1002 760 ad
1037 727 1168 771 priores
1193 739 1333 771 sensus,
1369 734 1403 763 et
1435 730 1587 764 videmus
1620 732 1652 764 in

309 791 416 824 tertio
442 793 589 826 carmine
623 793 749 827 frustra
782 795 870 828 votis
901 795 1034 828 caelum
1059 805 1079 828 a
1104 799 1207 839 poeta
1233 797 1364 840 impleri
1393 808 1454 842 pro
1480 797 1570 831 dulci
1596 808 1652 830 re-

307 857 400 899 ditu,
442 868 542 900 quem
578 859 607 892 si
641 860 709 893 fata
743 865 888 903 negent,
926 862 972 895 ibi
1009 863 1138 896 Orcum
1173 868 1335 907 precatur
1372 869 1409 897 ut
1443 875 1480 898 se
1517 869 1651 898 avocet.

308 923 423 958 Etiam
458 924 542 959 haec
576 929 714 969 querela
748 927 828 961 nihil
862 929 1008 973 profuit,
1044 930 1104 963 sed
1131 930 1261 964 audivit
1286 931 1409 965 deinde
1434 933 1491 965 alii
1517 932 1650 966 cuidam

308 989 421 1023 iuveni
448 991 578 1025 nubere
602 994 703 1027 malle
728 995 886 1038 puellam.
934 997 986 1030 Ac
1012 997 1156 1042 primum
1181 998 1278 1040 fingit
1301 997 1363 1031 sibi
1390 997 1454 1032 hoc
1477 998 1520 1031 ab
1544 1000 1652 1042 Apol-

309 1057 377 1091 line
402 1057 587 1092 indicatum
610 1060 645 1093 in
679 1066 808 1105 quarto
841 1062 1011 1104 carmine,
1045 1063 1104 1095 sed
1131 1062 1279 1095 nondum
1304 1062 1432 1104 credit3
1470 1066 1562 1095 certa
1589 1074 1650 1096 au-

305 1126 374 1156 tem
408 1134 446 1157 re
481 1128 516 1158 et
549 1135 625 1158 cum
661 1126 760 1169 plane
793 1130 968 1160 constaret
1003 1131 1156 1170 ereptam
1191 1127 1256 1159 sibi
1290 1127 1478 1170 Neaeram,
1515 1129 1651 1173 scripsit

303 1189 495 1221 secundum
523 1201 679 1233 carmen,
705 1191 762 1224 ubi
788 1191 953 1225 moriendi
979 1191 1157 1225 consilium
1183 1195 1315 1225 amatae
1339 1193 1481 1228 nuntiat.
1531 1194 1650 1227 Muta-

302 1256 350 1289 vit
383 1260 496 1289 tamen
526 1260 651 1300 postea
685 1258 910 1299 sententiam3
948 1258 981 1290 in
1016 1262 1121 1289 sexta
1156 1258 1268 1300 elegia
1301 1257 1455 1292 oblivisci
1480 1258 1649 1293 Neaeram

303 1325 338 1353 et
361 1322 489 1365 pellere
515 1332 614 1355 curas
640 1322 717 1355 vino
742 1323 775 1355 in
801 1323 956 1355 convivio
982 1323 1170 1355 amicorum
1196 1326 1360 1365 conatur,
1397 1323 1488 1367 quod
1513 1328 1650 1368 postre-

301 1397 358 1419 mo
384 1388 485 1420 etiam
510 1387 674 1420 succedit.
735 1388 801 1420 Hic
827 1391 879 1420 est
904 1398 1022 1420 cursus
1047 1388 1172 1420 amoris
1205 1387 1326 1429 liuius,
1364 1389 1398 1420 in
1430 1399 1497 1431 quo
1522 1390 1646 1422 nemini

299 1460 368 1484 non
393 1451 588 1496 displicebit
613 1453 727 1496 inepta
753 1453 981 1487 inconstantia
1015 1452 1180 1495 hominis,
1207 1454 1263 1497 qui
1289 1454 1434 1498 primum
1459 1455 1642 1499 desperato

303 1516 444 1549 consilio
475 1521 620 1550 mortem
656 1518 720 1550 sibi
753 1517 879 1552 inferre
912 1519 1067 1552 decernit
1103 1523 1137 1552 et
1169 1519 1287 1552 ultima
1320 1520 1479 1554 mandata
1504 1521 1562 1554 dat
1587 1532 1646 1555 so-

304 1583 478 1625 lemniter,
506 1583 628 1617 deinde
652 1595 734 1618 vero
760 1585 848 1618 inter
875 1586 997 1629 pocula
1024 1586 1183 1619 amolitur
1207 1596 1306 1619 curas
1331 1590 1366 1620 et
1389 1587 1477 1620 ridet
1502 1588 1645 1631 puellas.

301 1647 436 1690 Quinta
462 1648 608 1691 denique
634 1650 747 1691 elegia
770 1650 924 1691 ignotum
950 1651 1039 1683 inter
1064 1661 1225 1692 amorem,
1250 1661 1292 1684 an
1314 1655 1393 1695 post
1417 1662 1495 1684 eum
1516 1652 1643 1694 scripta

300 1712 357 1744 sit.
411 1713 522 1745 Poeta
547 1716 679 1746 mature
704 1718 858 1747 mortuus
882 1714 1036 1757 videtur,
1068 1719 1104 1749 et
1127 1719 1205 1749 sunt
1230 1716 1273 1749 ab
1299 1717 1367 1750 alio
1393 1716 1527 1752 homine
1553 1718 1644 1752 edita

295 1778 465 1821 carmina,
493 1789 637 1822 quorum
663 1781 811 1813 maxime
836 1780 1037 1824 imperfecta
1064 1782 1201 1816 tertium
1227 1786 1261 1816 et
1285 1786 1454 1826 quartum.
