1721 2953
252 149 303 182 80
563 132 844 178 COMMENT
851 131 934 174 AR.
962 130 1022 173 IN
1052 127 1280 172 TIBULLI

250 255 409 296 damnati,
435 249 625 285 excubante
649 250 729 281 ante
750 245 842 280 sores
865 244 1030 280 Cerbero.
1079 244 1180 281 Quae
1205 244 1296 277 enlm
1321 244 1401 275 ante
1427 241 1598 285 cognitam

251 333 383 369 poenae
408 321 572 355 rationem
596 325 659 349 nos
682 317 893 356 commovet,
930 323 1020 347 nunc
1047 316 1126 357 post
1157 311 1330 355 cognitam
1356 320 1430 344 eam
1453 309 1600 343 maxime

252 390 413 427 terribilis
439 386 575 421 videtur
598 383 755 418 inclusio.
812 383 929 418 Quare
955 382 1057 427 plane
1081 381 1188 424 lyrica
1221 383 1274 413 est
1306 377 1390 413 haec
1422 377 1600 411 adornatio

252 467 377 493 rerum.
425 452 575 489 Novavit
599 460 681 484 vero
709 447 776 483 hoc
800 447 980 490 Tibullus,
1012 447 1116 481 etiam
1139 446 1292 480 Hermo
1319 447 1474 486 notante,
1509 442 1601 486 quod

255 527 333 558 ante
357 521 468 566 ipsum
493 518 676 552 Tartarum
702 515 890 550 Cerberum
915 515 1116 555 collocarit,
1141 514 1200 557 qui
1224 514 1327 556 vulgo
1351 511 1414 546 sub
1441 510 1523 544 Orci
1548 510 1604 543 iu-

251 599 408 634 gressum
432 586 572 621 habitat.
622 584 808 620 Videamus
832 593 922 617 nunc
949 582 1138 617 orationem
1162 582 1197 615 in
1222 580 1386 623 singulis,
1421 579 1514 612 nulla
1545 587 1602 611 re-

251 654 477 701 prehensione
501 652 660 695 dignam,
699 649 761 684 sed
785 649 829 683 ab
854 649 945 682 omui
971 651 1069 693 parte
1093 647 1235 681 consilio
1259 650 1383 691 poetae
1408 653 1603 678 accommo-

253 725 441 769 ‹latam.7--
465 720 507 756 V.
532 722 590 754 71.
611 719 707 753 Tun
717 729 747 752 c.
797 717 1118 751 Wusnssamcmus
1144 712 1278 748 confert
1301 712 1410 746 Vmo.
1431 713 1518 746 Aen.
1542 710 1604 752 lv,

256 793 340 825 250.
390 789 566 832 Usurpant
589 786 623 820 in
648 782 933 828 descriptionibus
956 781 999 815 ad
1020 782 1173 824 vigorem
1195 778 1369 820 orationis,
1394 775 1485 821 quod
1502 776 1606 810 etiam

256 855 311 890 hic
329 854 483 899 apprime
501 855 631 896 aptum.
646 869 689 874 —
718 849 867 892 niger,
893 848 998 882 veluti
1020 848 1131 881 Suwr.
1154 845 1264 880 Theb.
1283 844 1327 887 ΙΙ,
1347 846 1405 878 28.
1442 842 1606 878 Similiter

252 926 376 954 atrum
399 918 488 953 dixit
509 918 645 951 SssNssc.
666 914 772 950 Herc.
795 915 875 950 Oet.
899 916 957 948 23.
983 918 1019 947 et
1043 918 1147 945 atras
1171 922 1277 944 aures
1302 911 1375 944 eius
1394 909 1538 944 Honff.
1560 907 1605 950 11,

257 989 314 1029 13,
337 987 459 1019 34.-
481 985 748 1027 serpentum
781 990 859 1014 ore
890 978 1072 1014 stridet.
1123 978 1218 1011 Bene
1244 978 1432 1012 orationem
1457 978 1607 1012 illustrat

253 1056 587 1090 WUNDERLIcfflUS.
644 1051 790 1085 Centum
815 1048 849 1081 in
874 1047 963 1082 iubis
994 1047 1075 1080 colli
1106 1045 1261 1088 villisque
1294 1044 1416 1089 capitis
1449 1043 1607 1086 gestabat

255 1131 386 1165 angues
417 1129 541 1155 saevus
574 1117 688 1159 canis,
728 1114 772 1149 cf.
806 1114 901 1147 locos
937 1123 994 1157 ap.
1024 1112 1318 1145 Bnoucxfflnsmm
1353 1114 1389 1144 et
1423 1110 1527 1146 Voss.
1562 1109 1606 1143 ad

254 1188 377 1231 Virgil.
403 1188 534 1229 Georg.
559 1184 620 1227 lV,
645 1195 678 1228 p.
699 1184 792 1224 8943
817 1180 936 1214 horum
961 1179 1100 1213 sibilum
1123 1188 1249 1222 regens
1273 1177 1413 1212 arbitrio
1433 1187 1497 1212 suo
1520 1176 1607 1210 stri-

257 1254 316 1287 det
340 1250 578 1299 serpentibus,
602 1255 641 1285 ut
666 1251 776 1285 VIRG.
800 1250 886 1283 Aen.
912 1247 991 1290 VII,
1014 1249 1085 1281 447
1095 1259 1105 1281 ε
1139 1245 1301 1291 Erinnys
1322 1243 1446 1278 sibilat
1470 1242 1609 1290 hydris,

259 1326 294 1356 et
318 1322 507 1356 PROPERT.
532 1318 595 1359 ΙΙΙ,
619 1320 654 1360 5,
682 1319 748 1351 14:
779 1315 986 1361 Tisiphones
1008 1333 1056 1340 —
1073 1313 1178 1360 furit
1202 1324 1320 1358 angue
1345 1315 1468 1356 caput·
1515 1310 1607 1344 Pro-

258 1387 370 1433 prium
402 1396 484 1420 vero
509 1384 655 1419 stridere
680 1387 715 1417 et
739 1383 876 1416 sibilare
901 1386 954 1416 est
978 1381 1208 1426 serpentium,
1245 1379 1335 1412 unde
1360 1390 1416 1422 ap.
1450 1379 1527 1411 S111.
1554 1377 1607 1412 I'r.

258 1453 320 1495 vl,
346 1455 434 1486 177:
474 1449 609 1484 stridor
635 1446 831 1482 Cerbereas.
870 1447 1025 1482 Hsss101).
1060 1444 1193 1489 Theog.
1219 1442 1338 1489 ῥοιζεῑν
1362 1443 1445 1477 dicit
1469 1447 1609 1477 notante

259 1518 468 1552 Huscmuo.
530 1517 642 1551 Porro
683 1526 741 1547 ore
780 1513 908 1547 dictum
947 1523 998 1557 pr.
1044 1512 1171 1546 oribus.
1232 1509 1374 1544 Confert
1419 1509 1612 1543 WUNDER-

259 1595 406 1620 LxcHIUs
440 1584 538 1626 Virg.
563 1584 692 1626 Georg.
717 1581 779 1624 111,
808 1583 890 1615 273.
926 1580 987 1621 lv,
1016 1581 1118 1621 ²00„
1157 1578 1216 1611 ubi
1249 1582 1362 1612 tamen
1396 1575 1611 1610 distributive

262 1656 366 1698 poeta
392 1651 560 1694 loquitur,
591 1652 630 1682 ut
652 1657 757 1691 saepe
783 1646 921 1679 faciunt.
969 1645 1096 1680 Melius
1121 1643 1371 1687 comparaveris
1397 1642 1541 1676 nonu.
1566 1642 1613 1684 ΙΙ,

261 1721 319 1760 19,
343 1721 401 1752 31.
438 1728 494 1749 ore
528 1713 694 1760 trilingui
728 1713 771 1747 de
797 1712 970 1753 Cerbero,
1007 1715 1042 1745 et
1074 1710 1160 1744 iufra
1188 1710 1249 1752 lV,
1275 1712 1308 1751 1,
1332 1711 1390 1744 71.
1425 1720 1532 1743 Saevo
1555 1720 1613 1742 ore

261 1785 306 1819 de
338 1783 456 1826 Scylla
488 1792 551 1815 sex
584 1791 645 1815 ora
677 1779 835 1813 habente.
885 1778 951 1813 Est
985 1778 1036 1811 vis
1068 1776 1235 1820 quaedam
1268 1776 1303 1809 in
1336 1774 1402 1810 hoc
1432 1776 1613 1810 collectivo

262 1851 408 1885 nomine.
459 1849 552 1882 Alias
576 1857 681 1891 saepe
709 1846 854 1879 latratus
879 1844 1023 1878 Cerberi
1055 1846 1284 1884 memoratur3
1317 1841 1494 1875 Tibullum
1519 1840 1614 1875 vides

262 1917 352 1950 sibili
384 1914 544 1957 anguinei
582 1911 757 1945 horrorem
794 1910 1009 1955 praetulisse.
1045 1927 1091 1933 —
1139 1908 1181 1942 in
1220 1910 1363 1952 porta.
1411 1905 1615 1940 Necessaria

264 1982 349 2016 haec
379 1980 482 2014 rerba
507 1979 644 2013 suerunt
672 1981 812 2022 propter
837 1976 1088 2020 oppositionem
1118 1973 1404 2009 antecedentium.
1452 1972 1616 2007 Certissi-

266 2057 357 2080 mum
385 2045 474 2079 enim
498 2043 634 2077 Tartari
659 2046 792 2086 portam
820 2039 1087 2082 intelligendam,
1113 2049 1179 2073 non
1206 2038 1293 2072 antri
1320 2037 1494 2079 Cerberei,
1516 2036 1614 2070 cuius

267 2113 359 2147 nulla
392 2112 425 2145 in
459 2107 740 2144 antecedentibus
774 2106 838 2140 suit
870 2107 1021 2147 mentio;
1054 2115 1160 2148 quare
1185 2107 1279 2138 errat
1304 2103 1517 2137 Huscnxms
1541 2102 1615 2136 sine

269 2178 395 2220 dubio,
428 2177 485 2221 qui
510 2174 601 2219 quod
619 2169 806 2208 Somocn.
839 2172 928 2206 Oed.
954 2171 1030 2205 Col.
1058 2173 1246 2205 1568-73.
1271 2172 1469 2214 comparat;
1494 2168 1538 2202 de
1561 2178 1615 2210 eo,

269 2243 351 2278 mihi
374 2243 494 2284 crede,
533 2251 599 2275 non
634 2239 797 2282 cogitarit
830 2238 999 2272 Tibullus.
1048 2238 1095 2270 At
1130 2236 1241 2278 enim,
1278 2236 1350 2278 ais,
1385 2235 1539 2278 sequitur
1562 2232 1616 2267 hic

269 2313 370 2344 ante
403 2308 536 2342 sores.
585 2306 695 2340 Miror
728 2304 960 2348 maximopere
995 2313 1069 2336 eam
1103 2302 1364 2346 repugnantiam
1391 2301 1502 2350 ‘visam
1535 2299 1616 2332 viris

270 2374 393 2408 doctis.
442 2372 508 2406 Est
527 2377 637 2417 porta
662 2371 821 2405 introitus
843 2381 870 2403 s.
893 2369 1042 2414 spatium
1063 2372 1173 2402 totum
1196 2369 1285 2402 inter
1305 2376 1418 2401 muros
1437 2376 1465 2400 s.
1487 2368 1616 2408 postes,

271 2450 333 2484 per
367 2438 458 2482 quod
490 2439 656 2480 intratur3
693 2436 809 2470 doceri
844 2435 952 2478 igitur
986 2434 1120 2479 cupiam
1151 2444 1212 2468 cur
1235 2432 1360 2467 nonin
1386 2429 1451 2465 hoc
1476 2430 1618 2463 introitu

271 2508 384 2542 iacere
410 2506 560 2550 potuerit
585 2504 756 2538 Cerberus
781 2506 862 2537 ante
886 2502 978 2536 fores
1006 2512 1034 2536 s.
1061 2502 1185 2535 valvas.
1235 2499 1378 2540 Tamen,
1404 2498 1532 2542 pergis,
1557 2507 1618 2532 cur

273 2574 410 2608 omniuo
435 2576 684 2617 pentametrum
712 2570 861 2612 addidit,
896 2579 972 2604 cum
999 2567 1172 2602 sufficeret
1201 2564 1390 2600 hexametri
1421 2563 1617 2598 sententia?

275 2640 555 2686 Amplisicationis
580 2650 703 2682 causa,
734 2640 812 2681 aio,
842 2636 992 2678 addidit,
1024 2637 1165 2679 propter
1199 2643 1299 2677 quam
1333 2642 1422 2667 nunc
1446 2630 1618 2666 cumulate
