1721 2953
479 172 622 212 Lnffl.
653 171 724 209 lv.
783 170 951 212 CARM.
981 172 1012 210 l.
1335 174 1414 210 417

72 291 226 330 ,Auctor
250 291 302 320 est
324 287 551 321 Hunono'rns
578 284 716 328 lll‚¹‘99.
764 285 934 328 Padanos,
962 285 1077 319 Indiae
1107 287 1267 329 populum
1297 295 1414 318 versus

74 355 260 394 Auroram,
287 353 314 386 si
342 354 417 395 quis
443 357 659 395 aegrotaret,
687 362 763 385 eum
797 357 945 385 mactare
970 353 1091 385 solitos
1115 356 1217 394 atque
1241 352 1314 384 eius
1340 362 1414 383 car-

74 421 172 453 nibus
206 421 318 462 vesci,
357 422 419 453 viri
454 421 590 464 quidem
623 420 732 461 viros,
771 420 920 452 mulieris
955 424 1067 453 autem
1096 420 1266 452 mulieres
1314 417 1361 450 Et
1386 417 1415 450 si

74 485 150 527 quis
175 495 282 518 sanusv
300 484 342 517 ad
369 486 498 518 senium
525 485 754 529 pervenisset,
791 494 833 516 eo
860 484 973 517 itidem
999 495 1099 518 caeso
1130 484 1279 527 epulari,
1314 487 1417 525 atque

76 552 120 584 ob
145 562 218 585 eam
250 563 384 585 causam
413 562 603 596 perpaucos
637 551 714 584 istic
746 561 845 583 senes
881 552 1056 594 reperiri.“
1107 550 1208 583 Addit
1242 550 1416 583 Hermus

76 616 220 649 eundem
253 627 382 650 morem
419 617 600 650 barbarum
632 615 867 649 Essedonibus
900 617 998 648 tribui
1025 628 1043 648 a
1070 618 1207 650 Somno
1234 627 1261 648 c.
1287 617 1346 649 26.
1371 633 1413 640 —

76 682 267 715 Hebrus.
315 683 595 716 Bnoucifflusms
623 683 745 714 Istrus
778 681 999 713 substituerat
1032 691 1196 724 quaerens
1231 681 1311 724 quid
1343 680 1419 714 He-

77 749 140 781 bro
166 748 332 782 Thraciae
357 749 459 782 fluvio
485 760 560 782 cum
586 747 712 781 Getis?
762 747 833 780 Sed
860 751 897 780 ut
921 748 1069 780 Vossms
1096 749 1275 788 observat,
1314 746 1420 780 refert

79 816 147 848 D10
174 816 274 850 Clss.
298 817 339 850 L.
364 817 391 850 I.
417 827 445 849 c.
470 818 527 848 22.
561 816 674 848 Reim.
701 826 734 858 p.
760 817 840 847 656.
891 815 998 847 Getas
1031 825 1057 846 s.
1093 815 1204 847 Dacos
1239 815 1338 847 etiam
1371 812 1420 846 cis

78 880 202 914 Istrum
228 891 335 923 usque
363 880 405 913 ad
432 881 599 913 Haemum
625 880 851 923 pertinuisse,
877 879 965 912 unde
991 884 1124 913 constat
1149 881 1227 913 oriri
1253 880 1419 914 Hebrum.

81 946 198 979 Quare
223 946 323 978 etiam
349 956 402 988 ap.
427 946 563 978 SENssc.
593 945 697 978 Herc.
725 945 802 978 Oet.
825 947 928 978 1044.
968 943 1126 977 Hebrum
1147 948 1256 977 Geten
1283 946 1421 988 dictum,

79 1014 181 1052 atque
206 1010 295 1054 apud
321 1012 432 1044 STA'r.
457 1010 567 1044 Theb.
588 1011 633 1053 ΙΙ,
652 1014 734 1046 595.
770 1011 927 1043 Geticam
948 1011 1137 1057 Phlegram
1162 1016 1286 1047 monet.
1325 1012 1423 1046 Adde

81 1078 172 1119 quod
209 1078 343 1111 omnino
372 1078 506 1121 saepius
539 1079 628 1122 apud
665 1080 833 1112 Smmm
868 1078 1010 1111 Geticus
1044 1090 1094 1123 pr.
1125 1078 1292 1111 Thracius
1325 1079 1424 1122 poni-

83 1146 149 1174 tur·
177 1160 221 1165 —
260 1143 329 1176 Sed
367 1143 549 1185 Magyni
583 1147 642 1176 aut
674 1143 818 1187 Illosyni
853 1144 885 1176 in
913 1145 1080 1177 Sarmatia
1105 1145 1146 1177 ad
1173 1144 1302 1177 Tanain
1329 1142 1424 1176 habi-

84 1210 194 1239 tantes
229 1209 286 1250 qni
318 1209 384 1241 sint
419 1210 604 1251 ignoratur.
664 1210 801 1251 Mosyni
838 1211 925 1243 enim
961 1212 1097 1254 saepius
1131 1211 1308 1244 memorati
1342 1211 1426 1242 alias

85 1276 244 1316 regiones
268 1275 428 1308 tenebant
449 1277 574 1319 quippe
595 1277 693 1309 Ponti
715 1276 839 1309 Euxini
855 1278 1012 1318 accolae;
1035 1279 1176 1320 Magyni
1197 1282 1307 1310 autem
1326 1278 1427 1320 plane

83 1343 202 1384 ignoti.
252 1343 399 1376 Vossrus
427 1343 572 1375 Gelonos
598 1344 773 1376 substituit
805 1345 887 1377 satis
918 1344 1089 1377 audacter.
1116 1362 1159 1368 —
1198 1345 1240 1378 V,
1266 1347 1332 1377 147
1353 1354 1427 1385 sqq.

85 1407 203 1441 Quid
241 1417 404 1448 moror,
446 1408 554 1439 VmG.
587 1409 670 1440 Aen.
696 1408 740 1448 11,
771 1411 849 1440 102.
900 1409 1032 1441 Dicitur
1067 1410 1189 1442 etiam:
1227 1419 1268 1440 ne
1303 1409 1429 1449 multis,

86 1472 239 1515 pluribus
265 1483 388 1506 morer.
430 1474 502 1505 Res
528 1477 618 1506 nota.
640 1491 686 1497 --
713 1475 933 1508 Oceanus.
979 1475 1094 1516 Usque
1119 1475 1160 1506 ad
1187 1475 1295 1518 ipsun]
1317 1476 1429 1507 Ocea—

85 1546 166 1570 num
193 1538 302 1570 omnia
327 1538 386 1570 tibi
413 1538 644 1571 subiicientur.
695 1539 854 1572 Ceterum
885 1539 927 1573 cf.
954 1539 997 1572 ad
1023 1551 1054 1574 v.
1080 1543 1138 1573 53.
1171 1557 1216 1565 —
1254 1540 1429 1573 Britan-

86 1613 175 1636 nus.
225 1603 306 1636 Fuit
342 1607 454 1635 tamen
493 1613 599 1645 usque
637 1603 678 1635 ad
714 1605 845 1636 Claudii
880 1605 1099 1647 Imperatoris
1134 1609 1290 1648 tempora
1326 1605 1431 1638 libera

86 1670 244 1702 Romano
269 1671 350 1712 iugo
376 1670 562 1702 Britannia.
610 1669 835 1702 Intactuin
866 1670 972 1711 igitur
1005 1672 1105 1703 etiam
1137 1671 1325 1704 Honwrms
1352 1672 1432 1704 dicit

87 1735 200 1779 Epod.
228 1735 306 1776 vn,
331 1738 386 1776 7.‚
423 1745 499 1767 nam
532 1734 637 1766 lulius
673 1734 800 1766 Caesar
834 1736 1067 1768 escensionem
1106 1739 1235 1769 tantum
1270 1737 1302 1768 in
1339 1737 1432 1769 littus

89 1803 240 1844 fecerat,
266 1812 376 1844 neque
401 1806 515 1834 autem
542 1805 612 1834 tum
639 1811 718 1833 vera
744 1801 873 1834 deditio
900 1802 974 1835 fuit.
1001 1821 1048 1826 —
1073 1803 1222 1836 mundi
1246 1813 1347 1846 pars
1373 1803 1432 1836 al-

88 1874 207 1911 tera,
247 1868 278 1901 h.
307 1879 337 1902 e.
373 1869 480 1901 altera
513 1878 601 1901 zona
635 1872 823 1911 temperata
856 1872 890 1901 et
927 1868 1116 1902 habitabilis
1149 1871 1237 1903 ultra
1265 1870 1433 1914 tropicum

91 1940 126 1969 et
158 1936 321 1970 torridam
353 1936 429 1969 sita.
454 1954 500 1960 —
551 1936 590 1968 V.
620 1938 682 1968 151
711 1947 783 1978 sqq.
844 1937 1009 1979 Sequitur
1045 1937 1211 1979 digressio
1247 1937 1289 1970 de
1327 1938 1435 1972 zonis,

92 2002 195 2036 Nam
230 2001 511 2035 circumfuso
544 2006 610 2036 etc.
669 2002 758 2035 Nam
792 2003 934 2045 globus,
972 2004 1038 2044 ait,
1077 2005 1178 2036 tellus
1208 2008 1259 2037 est
1286 2003 1435 2046 undique

91 2069 172 2101 aere
199 2068 320 2101 cincta.
369 2068 438 2101 Pro
473 2068 695 2101 consistit
732 2068 788 2100 alii
823 2068 971 2100 considit
998 2069 1146 2110 malunt,
1183 2070 1333 2103 sednon
1361 2071 1436 2113 agi-

91 2137 148 2166 tur
181 2143 269 2166 nunc
306 2132 349 2166 de
383 2134 515 2175 origine
551 2133 688 2174 mundi,
727 2143 802 2165 cum
837 2134 1004 2166 elementa
1032 2135 1104 2167 loca
1131 2145 1191 2168 sua
1218 2140 1436 2178 occuparent.

92 2199 179 2232 Mox
205 2204 302 2232 toto
329 2199 436 2232 orbe
465 2203 517 2232 est
549 2209 612 2243 per
637 2202 744 2231 totum
771 2199 887 2231 orbem
915 2208 1031 2241 suum·⁹
1069 2210 1095 2232 s.
1124 2204 1215 2233 totus
1247 2200 1338 2233 orbis
1365 2201 1437 2234 eius

94 2263 298 2297 describitur
329 2264 362 2296 in
395 2265 543 2306 quinque
567 2268 692 2308 partes.
743 2264 1008 2308 disponitur
1043 2270 1095 2298 est
1128 2266 1349 2309 dispescitur,
1385 2267 1439 2299 di-

95 2330 232 2363 viditur.
294 2331 454 2364 Ceterum
493 2331 609 2363 confer
646 2331 688 2364 de
725 2333 821 2364 zonis
859 2332 1004 2364 Vincit..
1042 2333 1171 2374 Georg.
1207 2333 1233 2373 I.
1267 2335 1336 2364 2:33
1365 2342 1438 2374 sqq.

97 2397 212 2438 ibique
241 2396 350 2437 Voss„
377 2396 485 2429 Ovm.
511 2396 595 2429 Met.
622 2396 648 2437 I,
675 2399 718 2429 45
745 2407 817 2438 sqq.
844 2397 949 2429 Pmu.
978 2397 1066 2431 Hist.
1091 2397 1133 2430 N.
1162 2398 1204 2436 11,
1230 2400 1286 2430 68.
1315 2397 1438 2430 Cim-11³.

95 2462 130 2495 in
170 2464 288 2496 Somn.
330 2463 483 2506 Scipion.
519 2467 553 2495 et
592 2463 634 2496 ad
673 2463 708 2496 id
746 2464 912 2497 MAcuon.
947 2464 990 2505 11,
1025 2466 1046 2496 5
1079 2475 1153 2508 sqq.
1216 2466 1312 2500 Quos
1348 2467 1440 2498 locos

97 2529 197 2561 etiam
233 2530 394 2562 merus
429 2533 682 2564 commemorat.
733 2530 837 2563 Addit
871 2531 1081 2564 Huscnxms
1115 2532 1214 2565 Varr.
1251 2534 1382 2566 Ataciu.
1408 2533 1440 2565 in

98 2591 356 2637 Cliorograpliia
380 2606 433 2638 ap.
461 2594 581 2627 lsidor.
605 2595 874 2637 (wssnmsnonp.
899 2596 939 2629 P.
966 2596 1043 2630 Lat.
1070 2597 1154 2632 Min.
1179 2598 1220 2631 T.
1249 2599 1289 2632 V.
1316 2599 1355 2632 P.
1380 2598 1440 2631 lll.

98 2673 130 2705 p.
159 2663 292 2705 1403.).
321 2681 365 2687 —
401 2666 660 2704 vastantur,
694 2666 732 2697 ut
757 2663 905 2697 incultae
930 2667 965 2697 et
991 2664 1145 2698 desertae
1171 2666 1248 2700 sint.
1300 2667 1441 2707 Atquc

1028 2734 1081 2771 27
