1721 2953
310 141 331 173 3
345 140 353 174 l
367 141 389 173 8
628 129 1000 173 COMMENTAR.
1023 132 1085 173 IN
1114 133 1343 174 TIBULLI

311 260 369 284 cra
394 251 493 281 vocat
518 247 622 288 deos,
660 247 818 290 implorat
851 248 955 281 verbo
990 248 1152 282 auxilium
1187 252 1246 282 aut
1280 249 1456 283 denuntiat
1491 250 1656 284 ultionem

312 317 472 355 deorum,
509 313 571 347 sed
605 314 654 347 sic
689 313 724 346 in
761 323 898 348 scenam
933 316 1072 358 prodire
1103 320 1138 349 et
1172 321 1372 360 praesentes
1409 317 1510 350 rebus
1535 321 1658 361 poetae

312 384 475 415 interesse
500 392 567 414 non
594 380 711 413 videas
736 390 795 413 eos
820 381 900 423 illic,
925 383 1015 424 qnod
1041 387 1154 416 tamen
1182 383 1363 426 Lygdamo
1391 385 1529 428 placuit.
1579 384 1657 418 Non

312 449 401 480 enim
425 447 543 480 dubito
569 457 646 480 cum
673 447 846 490 Munmo,
871 448 1055 491 Lrvmnro,
1081 450 1300 491 Potitius-o,
1329 451 1469 493 Vossm,
1504 451 1659 493 memo,

310 514 537 546 Emissa-Amo
564 514 596 546 in
621 513 841 555 sequentibus
867 524 1069 557 responsum
1096 515 1272 548 Musarum
1298 515 1425 557 haberi,
1450 516 1541 558 quod
1568 526 1657 549 nunc

313 580 473 624 postulat.
521 580 728 613 Praesentes
761 583 838 613 sunt
863 584 897 613 et
921 581 1045 614 librum
1079 586 1216 625 portant
1241 582 1284 615 ad
1311 581 1503 623 Neaeram3
1540 582 1659 625 quidni

312 646 418 688 igitur
455 645 557 678 etiam
593 645 803 688 loquantur?
853 646 1090 687 flosculum,
1130 656 1230 688 quem
1263 647 1359 689 sequi
1391 648 1480 680 solet
1514 649 1662 681 Gonnu-

312 720 427 752 RYUS,
460 710 701 744 Homericum:
736 705 879 743 “Eo-zera
912 711 971 742 νῦν
1004 724 1062 750 μοι
1085 711 1229 744 ΙῑΙοῦσαι
1262 712 1426 756 opponit,
1460 713 1518 745 ubi
1544 716 1659 746 tamen

317 777 489 812 Homerus
515 779 588 822 ipse
615 778 811 821 respondet.
862 778 1016 811 Frustra.
1066 778 1206 811 Oblitus
1231 783 1283 811 est
1308 779 1520 812 Huscnxms
1546 778 1598 812 hic
1623 783 1661 812 ut

314 846 418 888 alias,
444 857 519 879 esse
544 847 646 879 aliam
671 847 803 889 epicam
831 847 972 890 poesin,
1008 847 1109 880 aliam
1136 847 1274 890 lyricam
1300 852 1335 881 et
1360 848 1565 891 elegiacam,
1599 858 1663 881 nec

314 922 418 956 posse
451 913 576 955 ubique
608 913 754 946 alterum
789 924 899 956 genus
935 915 1034 948 alteri
1066 915 1265 947 illustrando
1299 913 1462 948 adhiberi.
1487 933 1534 939 —
1575 916 1663 948 Seu

316 987 431 1018 mea,
466 988 545 1011 seu
584 978 728 1012 fallor
763 989 835 1021 sqq.
886 979 972 1012 Cum
1009 990 1115 1012 cara
1150 980 1259 1012 minus
1293 980 1338 1012 sit
1367 990 1468 1022 quam
1500 991 1590 1012 mea
1629 984 1664 1012 et

316 1045 463 1075 tamen
488 1042 669 1076 manifesto
694 1048 836 1087 propter
862 1043 1006 1076 fallor
1031 1044 1179 1088 positum
1205 1045 1259 1085 sit,
1286 1045 1420 1087 explico
1446 1054 1522 1077 cum
1551 1045 1662 1078 wim-

317 1118 540 1142 nnnmcmo:
575 1110 629 1142 vel
654 1119 749 1150 mea,
786 1109 840 1141 vel
864 1108 894 1140 si
919 1108 1041 1148 fallor,
1075 1119 1154 1142 cara
1179 1112 1303 1142 tamen.
1351 1108 1493 1142 Confert
1518 1109 1662 1142 HonAT.

318 1177 422 1210 Satir.
447 1177 492 1218 II,
520 1179 552 1218 1,
577 1180 634 1210 59.
684 1176 892 1220 Explicabat
924 1176 1080 1209 similiter
1115 1176 1319 1217 HfflNsrus,
1357 1176 1419 1208 nisi
1445 1175 1534 1218 quod
1559 1175 1664 1220 falso

319 1243 522 1276 coniiciebat
548 1244 647 1276 male.
697 1243 848 1276 vossms
874 1246 1004 1284 contra,
1032 1252 1134 1284 quem
1155 1241 1366 1274 Huscmcms
1391 1241 1556 1283 sequitur,
1582 1251 1667 1274 con-

318 1309 443 1341 struit:
468 1319 567 1352 quae‚
594 1319 655 1342 seu
679 1318 756 1341 mea
782 1311 848 1349 est,
872 1318 935 1340 seu
959 1318 1026 1340 non
1053 1311 1117 1348 est,
1143 1318 1221 1340 cara
1248 1311 1372 1349 tamen,
1396 1307 1428 1339 in
1462 1317 1529 1349 quo
1556 1307 1667 1340 offen-

320 1374 369 1407 dit
394 1375 500 1417 prima
527 1384 605 1417 pars
630 1374 840 1406 sententiae:
879 1383 940 1406 seu
967 1383 1043 1405 mea
1067 1392 1114 1398 —
1139 1384 1218 1406 cara
1253 1377 1376 1406 tamen.
1427 1374 1502 1407 Nec
1526 1384 1666 1417 compa-

320 1439 386 1471 rari
412 1442 524 1481 potest
551 1438 638 1470 infra
662 1448 693 1471 v.
720 1440 777 1470 25.
803 1439 862 1470 26.
887 1437 945 1469 ubi
969 1437 1068 1470 abest
1092 1443 1220 1471 tamen.

414 1503 458 1537 V.
484 1504 600 1536 7—14.
650 1502 802 1535 Prima
827 1512 930 1545 pars
963 1512 1112 1534 rerum
1149 1506 1251 1546 post
1288 1503 1527 1537 exordium.
1578 1504 1668 1537 Mu—

321 1581 398 1603 sae
432 1571 642 1603 volumen
676 1569 915 1602 carminum
948 1578 1127 1602 suorum
1162 1570 1344 1603 mittere
1377 1581 1472 1604 eum
1504 1571 1667 1606 iubent

323 1636 562 1677 eleganter
587 1639 804 1668 ornatum.
829 1652 875 1658 -

420 1704 462 1736 V.
489 1707 511 1736 7
536 1713 588 1745 sq.
638 1702 841 1736 Carmine
873 1702 1100 1735 formosae
1134 1713 1207 1745 sqq.
1267 1702 1388 1736 Monet
1420 1703 1669 1738 Emusmmus

326 1769 360 1801 in
387 1769 617 1804 Commentat.
644 1769 839 1803 academica
871 1780 947 1802 anu.
976 1772 1101 1811 1819„
1138 1780 1241 1813 supra
1274 1774 1484 1812 memorata,
1520 1771 1569 1804 sic
1604 1781 1670 1804 non

324 1835 412 1868 bene
439 1835 566 1868 dixisse
592 1840 749 1879 poetam,
787 1835 844 1877 qui
880 1835 1031 1867 scribere
1068 1834 1246 1868 debuerit:
1285 1836 1423 1867 Doctae
1449 1833 1673 1870 carminibus,

318 1901 437 1945 pretio
463 1901 657 1945 capiuntur
683 1912 834 1942 avarae,
869 1901 898 1934 si
923 1900 1060 1943 quidem
1098 1901 1268 1934 formosae
1299 1911 1362 1934 nec
1386 1902 1479 1934 solae
1514 1901 1672 1934 carmini-

324 1967 388 1999 bus
413 1968 609 2010 capiantur,
635 1977 746 2008 neque
773 1965 913 2000 eaedem
939 1977 1110 2009 nunquam
1136 1977 1258 2000 avarae
1284 1968 1361 2000 sint.
1410 1966 1572 2000 Profecto
1596 1977 1672 1999 cer-

327 2037 410 2074 tum,
435 2044 501 2066 non
526 2036 719 2066 accuratam
746 2044 821 2066 esse
847 2035 1112 2077 oppositionem,
1138 2033 1194 2066 ubi
1221 2044 1251 2066 v.
1275 2032 1454 2078 formosae
1479 2032 1520 2065 ad
1547 2042 1671 2075 corpus

325 2098 436 2130 solum
463 2099 631 2141 pertinet,
669 2101 707 2130 ut
739 2109 872 2130 avarae
907 2099 949 2130 ad
984 2099 1141 2131 animum.
1192 2099 1358 2142 Suspicor
1392 2103 1503 2131 tamen
1530 2097 1672 2140 Lygda-

325 2174 418 2196 mum
445 2174 533 2196 nunc
560 2174 617 2196 eas
642 2164 852 2198 intellexisse
879 2165 1058 2206 formosas,
1089 2175 1177 2207 quae
1204 2166 1357 2208 corporis
1381 2165 1575 2207 ingeniique
1601 2164 1674 2197 for-

326 2238 415 2262 mam
450 2229 821 2273 pulchram·haberent
856 2235 890 2264 et
927 2233 1028 2265 talem
1066 2232 1201 2265 laudem
1236 2232 1385 2265 tribuere
1421 2231 1576 2264 Neaerae
1610 2240 1671 2263 vo-

329 2296 443 2329 luisse.
492 2295 530 2328 In
558 2296 808 2329 Dissertatione
843 2297 885 2330 de
918 2297 1124 2331 Elocutione
1150 2297 1277 2330 Tibulli
1315 2298 1403 2330 etin
1433 2296 1482 2329 his
1510 2295 1672 2338 Explica-

329 2361 479 2393 tionibus
519 2362 706 2394 notavimus
742 2363 868 2395 multos
907 2364 992 2396 alios
1029 2364 1213 2396 insolentes
1252 2373 1331 2395 usus
1367 2362 1543 2395 verborum
1581 2359 1671 2402 apud

329 2427 556 2469 Lygdamum.
605 2428 769 2461 Peccavit
794 2429 896 2462 etiam
922 2429 971 2461 sic
998 2428 1062 2470 hic,
1087 2428 1145 2461 sed
1165 2428 1232 2460 alio
1254 2427 1365 2460 modo.
1382 2443 1427 2451 —
1453 2424 1671 2466 Gaudeat,

330 2496 375 2524 ut
401 2491 533 2534 digna
568 2497 654 2534 est,
691 2493 898 2526 versibus
931 2493 1011 2526 illa
1048 2494 1168 2526 meis.
1217 2493 1328 2525 Recte
1356 2491 1672 2523 wtsxzmfflmcfflns

331 2564 372 2590 ut
399 2558 508 2603 digna
540 2565 593 2590 est
628 2560 675 2592 sic
702 2561 873 2603 explicat,
911 2565 948 2593 ut
971 2559 1128 2604 gaudere
1153 2559 1329 2601 suppleat3
1370 2555 1452 2588 haec
1478 2556 1565 2587 enim
1592 2556 1674 2588 sim-

332 2625 516 2669 plicissima
542 2624 595 2659 hic
622 2628 844 2661 constructio.
894 2627 1058 2667 Afferaut,
1082 2626 1141 2666 ait,
1166 2625 1197 2658 ei
1224 2623 1305 2656 haec
1334 2623 1483 2656 carmina
1517 2622 1674 2665 volupta-
