1721 2953
321 208 338 232 c
850 190 925 232 DE
957 189 1115 235 POESI

322 315 361 347 et
402 305 585 348 utilitatis
630 304 851 359 propositis
890 306 1129 348 commodis.
1205 306 1326 347 Nunc
1367 303 1462 347 vide
1503 304 1672 346 exitum.

324 383 428 423 Cum
466 397 551 422 non
587 381 795 434 aperiatur
829 381 977 433 ianua,
1021 396 1118 422 nam
1152 390 1211 422 est
1247 379 1671 437 παρακλαυσίθυρον
1700 421 1721 450 ⁸

321 473 510 507 carmen,
549 464 681 496 mutat
715 457 979 507 sententiam,
1022 456 1139 508 erigit
1173 457 1354 498 animum
1385 465 1425 497 et
1453 470 1545 497 cum
1577 454 1672 495 irri-

319 536 435 575 sione
467 534 628 586 puellae
658 539 697 573 et
730 532 869 575 rivalis
901 532 1085 574 discedit.
1151 534 1217 573 De
1248 547 1332 587 quo
1361 545 1509 585 genere
1540 532 1674 571 exitus

319 611 400 650 iam
436 623 562 662 supra
598 608 698 649 dixi.
754 608 877 649 Nunc
906 610 986 649 hoc
1016 608 1147 650 addo:
1186 607 1340 649 Vidisti
1371 622 1497 662 quam
1528 608 1580 648 sit
1610 615 1673 647 to-

318 696 408 728 tum
433 701 599 727 carmen
623 687 783 738 insigne
807 686 1006 726 varietate
1032 686 1353 739 descriptionum
1378 685 1674 739 oppositarum,

321 764 388 803 cui
417 762 704 815 compositioni
737 762 860 814 plane
890 762 1084 803 convenit
1112 763 1234 802 etiam
1263 762 1396 801 exitus
1432 760 1673 810 contrarius,

319 854 464 881 revera
491 846 625 879 tamen
658 852 732 878 nec
761 839 849 891 ipse
877 851 1127 891 repugnans.
1181 838 1297 878 Dum
1324 836 1434 877 enim
1464 835 1674 890 querimo-

319 919 413 958 niae
450 915 654 957 tristitiam
693 923 913 967 temperat,
950 914 1072 955 simul
1103 915 1236 955 levem
1267 927 1446 967 poenam
1478 910 1674 965 perfidiae

321 993 466 1044 sumit,
512 1006 618 1045 quae
655 999 715 1031 tot
754 1004 970 1030 aerumnas
1006 997 1153 1042 poetae
1191 989 1347 1039 attulit,
1392 1002 1565 1042 eamque
1602 987 1674 1028 vix

322 1083 440 1120 aegre
475 1069 599 1108 latam
638 1082 662 1107 a
699 1067 834 1106 Delia.
860 1087 917 1095 —-
983 1064 1065 1105 Sed
1100 1063 1314 1105 videamus
1354 1065 1523 1116 elegiam
1560 1065 1602 1114 I,
1631 1068 1674 1104 2.

320 1146 465 1195 Delia,
504 1144 578 1183 etsi
606 1151 736 1195 nupta
764 1143 877 1192 viro,
916 1155 1025 1182 nova
1057 1142 1262 1193 promissa
1294 1140 1463 1180 dederat
1491 1140 1673 1190 Tibullo,

322 1222 396 1276 qui
439 1234 528 1262 cum
572 1219 751 1271 primum
790 1231 901 1259 nova
939 1218 1083 1257 limina
1123 1217 1273 1268 adiret,
1321 1225 1369 1257 ut
1406 1217 1556 1256 iterum
1594 1229 1672 1257 usu

320 1299 483 1352 puellae
521 1297 749 1343 frueretur,
786 1309 876 1334 ecce
907 1295 1014 1347 proh
1045 1291 1186 1334 dolor!
1226 1296 1362 1334 clausa
1391 1301 1450 1334 est
1478 1294 1604 1333 ianua
1633 1300 1674 1332 et

323 1372 509 1415 custodia
538 1372 684 1424 posita.
740 1371 848 1408 Hinc
878 1383 1034 1409 novum
1061 1383 1225 1409 carmen
1253 1378 1396 1409 natum
1420 1368 1675 1423 παρακλαυ-

322 1449 537 1505 σίθυρον,
575 1447 715 1499 vigore
749 1448 971 1486 affectuum
1001 1445 1178 1486 maxime
1213 1444 1393 1496 insigne,
1431 1444 1546 1484 cuius
1578 1446 1673 1484 fun-

323 1525 557 1567 damentum
581 1521 779 1575 cupiditas
800 1520 948 1561 ardens
968 1520 1195 1574 potiundae
1214 1522 1376 1573 puellae
1399 1528 1485 1560 toto
1509 1528 1675 1573 pectore

323 1610 494 1641 amatae.
551 1598 711 1638 Statum
737 1597 820 1646 rei,
857 1594 958 1649 quid
987 1595 1144 1645 doleat,
1178 1595 1278 1649 quid
1307 1595 1463 1648 cupiat,
1493 1596 1674 1648 primum
1717 1592 1721 1599 ⁴

324 1677 540 1718 exordium
577 1673 756 1716 ostendit
790 1682 906 1714 motu
944 1673 1060 1713 vario
1099 1674 1292 1725 plenum3
1334 1687 1430 1712 nam
1462 1674 1595 1712 statim
1629 1673 1674 1712 in

323 1752 528 1807 principio
570 1752 768 1803 erumpit,
811 1757 859 1788 ut
895 1749 1015 1789 toties
1052 1747 1252 1798 vidimus,
1292 1761 1474 1788 summus
1505 1749 1675 1788 affectus

323 1830 488 1882 elegiae.
546 1827 746 1882 Sequitur
766 1824 947 1866 medium
969 1839 1156 1865 carmen:
1188 1823 1342 1864 accedit
1362 1823 1413 1863 ad
1434 1837 1522 1864 rem
1542 1823 1675 1876 ipsam

324 1906 514 1954 affectus,
547 1904 591 1943 id
621 1918 742 1955 agens
774 1902 1013 1943 omnimodo
1044 1911 1091 1942 ut
1121 1902 1303 1942 animum
1329 1900 1503 1954 inspiret
1529 1901 1674 1940 Deliae

324 1978 375 2019 ad
409 1977 636 2018 fallendum
665 1978 814 2018 virum.
887 1976 993 2016 Sunt
1019 1990 1119 2017 vero
1156 1985 1236 2016 tres
1264 1990 1405 2016 rerum
1436 1983 1573 2029 partes
1602 1990 1678 2028 per

324 2053 605 2105 gradationem
619 2052 890 2110 compositae.
944 2052 1130 2091 Primum
1152 2051 1262 2090 enim
1285 2051 1515 2091 ostenditur
1536 2066 1676 2091 aman-

324 2137 386 2169 tes
422 2130 464 2168 in
502 2128 630 2168 tutela
657 2127 836 2168 Veneris
872 2140 981 2177 esse,
1019 2125 1145 2179 idque
1176 2127 1415 2179 tripliciter:
1454 2126 1575 2166 docet
1601 2125 1676 2166 dea

328 2213 435 2245 artes
474 2205 668 2254 furtivas,
710 2204 860 2256 quibus
897 2203 1040 2242 fallere
1076 2201 1257 2255 possint,
1299 2201 1477 2254 protegit
1512 2190 1704 2241 euntem*

328 2290 453 2321 noctu
481 2295 556 2333 per
579 2280 665 2320 vias
690 2281 830 2330 urbis,
865 2295 910 2320 ac
935 2279 1057 2333 punit
1080 2279 1202 2319 etiam
1225 2279 1458 2332 proditores
1481 2280 1676 2332 loquaces
1702 2263 1705 2270 ἱ

329 2370 531 2397 amorum.
588 2355 771 2395 Iudicavi
800 2370 925 2408 supra
948 2363 988 2395 et
1012 2354 1140 2395 doceo
1170 2355 1214 2394 in
1242 2354 1556 2395 Commentariis
1583 2368 1678 2396 sua-

329 2448 422 2474 vem
452 2434 629 2472 sormam
659 2440 698 2471 et
729 2432 963 2471 iuncturam
996 2432 1147 2471 horum
1180 2432 1394 2471 locorum:
1433 2445 1558 2484 quam
1586 2444 1678 2483 gra·
1703 2483 1707 2487 .

329 2509 448 2561 phice
484 2506 569 2547 doli
601 2508 825 2547 amantium
856 2505 1166 2558 describuntur,
1209 2519 1333 2559 quam
1367 2519 1543 2546 nervosa
1578 2519 1678 2558 apo·
1695 2501 1719 2565 ᾖ,

331 2583 498 2636 strophe
543 2589 767 2622 monentur
810 2583 882 2635 qui
927 2588 1146 2622 occurrant
1187 2587 1337 2630 noctu,
1396 2593 1447 2618 ne
1497 2580 1719 2635 turbentss}

1696 2687 1701 2698 ι

1694 2702 1703 2710 r

333 2666 535 2706 terreant,
586 2656 763 2710 prodant
801 2654 1029 2696 amantem!
1103 2653 1302 2709 Sequitur
1339 2653 1518 2695 secunda
1557 2667 1650 2707 pars
1664 2631 1721 2778 i
