1721 2953
513 125 656 168 LlssR.
688 126 741 165 11.
800 125 957 167 ELEG,
989 127 1061 167 lV.
1383 131 1463 166 267

118 248 151 280 in
192 247 260 281 fine
294 245 528 281 antecedentis
565 244 723 279 carminis
758 242 941 288 imperium
979 242 1136 276 dominae
1170 242 1324 276 vidimus.
1384 241 1470 276 Cum

117 319 195 349 ante
223 315 367 348 dixerit:
405 313 539 347 Illius
570 313 673 354 lege
699 309 922 344 colendus
950 312 1101 353 Amor,
1139 314 1209 342 tum
1235 309 1270 341 si
1299 308 1470 345 iubeat,

117 380 197 422 qnid
226 380 333 422 magis
359 382 622 411 consentaneum
648 388 749 420 quam
777 378 882 411 etiam
908 378 940 409 in
968 378 1070 409 tertio
1097 386 1196 409 versu
1222 374 1403 418 imperium
1427 375 1470 408 ad

119 448 264 490 puellam
288 446 437 479 referri?
486 446 582 489 Ergo
607 445 672 479 hoc
698 446 792 479 vult:
830 449 949 488 parete
977 444 1140 477 voluntati
1169 443 1323 477 dominae
1348 446 1385 474 ut
1407 442 1471 474 im—

119 511 235 554 perio,
261 514 296 544 et
319 510 513 544 vendimini.
564 512 663 546 Quae
688 511 780 544 clara
805 513 906 551 sunt3
941 513 1043 552 atque
1069 510 1151 542 satis
1176 514 1269 542 arcte
1295 508 1396 541 etiam
1423 507 1473 540 sic

118 577 250 620 imperii
277 580 311 610 et
339 577 428 610 tituli
460 577 617 609 notiones
650 574 856 617 cohaerent,
889 575 957 607 dno
984 585 1064 607 vero
1089 585 1176 616 qnae
1204 577 1375 617 ponuntur
1399 582 1474 605 mo-

121 648 232 677 menta
265 645 336 685 rei,
375 655 417 677 ne
453 644 562 686 fngiat
597 647 631 676 te
667 654 686 676 a
719 646 821 686 poeta
855 641 933 685 ipso
960 642 1103 685 repetita
1131 640 1383 684 praepositione
1408 637 1474 670 sub

120 709 292 752 distingui.
317 728 364 733 —
410 710 452 744 V.
479 712 525 742 55
549 719 623 751 sqq.
674 707 902 750 Quicquid
929 706 1061 741 habet
1088 707 1224 739 Circe
1250 709 1315 739 etc.
1342 705 1414 738 scil.
1440 705 1472 737 iu

123 777 247 810 fabulis
282 781 316 810 et
342 776 592 810 narrationibus
625 774 792 818 antiquis,
828 773 927 818 plane
963 778 1000 806 ut
1033 777 1251 816 comparante
1284 772 1474 804 WUNDER-

123 853 248 876 memo
284 843 378 885 Virg.
418 843 500 875 Aen.
536 841 563 882 Ι,
602 843 696 873 316:
743 839 799 872 rel
834 833 952 884 qucfiis
985 850 1091 883 equos
1134 837 1297 870 Threissa
1328 835 1476 881 fatigar

123 906 353 951 Harpalyce,
395 907 451 940 ubi
495 918 561 940 non
603 911 654 940 est
693 905 891 939 historicum
930 905 1021 948 quod
1064 905 1187 937 dicitnr
1224 913 1396 947 praesens.
1430 921 1475 926 —

123 973 346 1008 Thessala
381 979 502 1009 terra
534 975 669 1017 gerit.
720 973 863 1006 Confert
901 973 1189 1005 Bnoncxuusms
1223 971 1318 1012 Virg.
1346 970 1477 1010 Georg.

123 1041 168 1082 ΙΙ,
198 1043 274 1074 122.
326 1040 429 1074 Addit
465 1041 640 1074 Hermus
676 1041 775 1074 Ovid.
810 1040 897 1074 Met.
931 1039 994 1080 Xl,
1020 1041 1101 1072 615.
1135 1042 1170 1071 et
1204 1037 1269 1069 alia
1303 1037 1477 1070 Vumuus,

125 1109 177 1141 De
203 1108 359 1142 herbis
383 1107 590 1142 Thessalicis
615 1107 704 1141 conf.
723 1108 860 1141 Lucum.
880 1106 941 1148 VI,
960 1108 1039 1139 438.
1091 1104 1250 1137 Ceterum
1273 1102 1350 1135 vide
1375 1103 1479 1135 etiam

126 1173 168 1206 ad
195 1173 221 1215 Ι,
241 1176 276 1215 2,
299 1175 356 1208 44.
382 1183 497 1217 supra.
522 1192 569 1198 —
606 1172 847 1206 indomitis
872 1172 1111 1215 gregibus,
1148 1170 1285 1203 libidine
1312 1169 1481 1209 Venerea,

125 1238 170 1272 cf.
197 1238 239 1271 ad
262 1238 308 1280 II,
333 1241 365 1280 1,
390 1241 447 1271 68.
470 1256 517 1263 —
551 1237 688 1270 afflat
715 1237 783 1272 vid.
808 1236 852 1270 ad
876 1236 921 1278 ΙΙ,
950 1239 980 1277 1,
1005 1239 1063 1269 80.
1084 1254 1131 1260 -
1157 1236 1484 1278 Hippomanes,

127 1304 248 1337 humor
273 1315 316 1337 ex
342 1314 470 1345 equae,
499 1303 555 1336 ubi
582 1303 726 1337 Veneris
751 1303 896 1336 stimulis
921 1302 1081 1343 incaluit,
1109 1302 1193 1334 locis
1219 1302 1410 1343 eliquatus,
1439 1300 1483 1333 cf.

126 1371 314 1403 Pnopmvr.
339 1367 400 1410 IV,
429 1371 463 1409 5,
491 1370 547 1400 18.
597 1368 704 1401 Vme.
730 1369 861 1409 Georg.
887 1367 949 1407 111,
975 1369 1045 1398 280
1070 1376 1144 1408 sqq.
1182 1365 1262 1408 ibiq.
1290 1365 1415 1398 Ham.
1450 1369 1485 1398 et

127 1437 228 1470 Voss.
254 1437 361 1469 Ptm.
387 1435 479 1468 Hist.
506 1434 585 1468 Nat.
611 1433 776 1475 XXVlH,
802 1435 857 1465 11.
885 1442 912 1466 s.
938 1435 996 1464 80.
1049 1431 1243 1464 Utebantur
1268 1441 1309 1464 eo
1338 1431 1371 1463 in
1397 1430 1486 1474 phil-

130 1503 200 1535 tris,
221 1519 268 1527 —
293 1501 440 1542 Mille,
467 1499 509 1533 cf.
534 1500 643 1532 Ovm.
670 1498 755 1531 Met.
781 1497 858 1538 VII,
884 1499 966 1530 275.
993 1514 1038 1520 -—
1072 1497 1265 1529 misceat
1292 1496 1486 1528 WUNDER—

130 1580 278 1603 memus
314 1569 483 1613 explicat:
525 1566 730 1606 admisceat,
770 1573 972 1607 comparans
1005 1564 1116 1597 Vme.
1144 1564 1275 1605 Georg.
1302 1563 1364 1604 ΙΙΙ,
1395 1564 1488 1603 449,

129 1639 232 1677 atque
266 1636 313 1668 ita
347 1630 504 1679 κιρνάμεν
536 1633 647 1666 ΡιΝΙ).
680 1630 798 1664 Isthm.
823 1630 883 1671 IV,
910 1633 970 1663 25.
1030 1629 1096 1662 Est
1134 1640 1214 1662 vero
1253 1629 1487 1662 coniunctivus

132 1700 349 1735 concedentis
382 1710 432 1744 pr.
468 1699 599 1731 etiamsi
637 1697 833 1731 admisceat.
892 1697 1008 1732 Quare
1042 1694 1271 1728 constructio:
1313 1694 1488 1736 Quidquid

132 1767 222 1810 gerit
255 1769 290 1799 et
323 1764 415 1808 quod
448 1765 573 1805 stillat,
611 1763 639 1796 si
674 1763 776 1796 modo
808 1773 862 1795 me
890 1761 1025 1805 placido
1051 1760 1165 1793 videat
1198 1760 1355 1793 Nemesis
1380 1760 1488 1801 vultu,

133 1834 236 1867 etiam
262 1833 352 1866 mille
377 1832 451 1865 aliis
476 1830 589 1864 herbis
615 1830 794 1871 admixtis,
821 1830 946 1862 bibam.
973 1847 1019 1852 -
1044 1829 1225 1861 Postremo
1251 1827 1294 1860 de
1319 1828 1489 1860 sententia

135 1902 258 1943 poetae
284 1896 476 1930 videndum.
527 1896 639 1928 Dicit:
683 1894 761 1927 Non
795 1894 905 1927 solum
930 1893 1019 1926 bona
1046 1894 1135 1926 avita
1161 1892 1304 1926 vendam
1335 1896 1369 1926 et
1401 1892 1492 1925 dabo

135 1975 223 2007 quae
248 1963 356 1997 habeo
386 1963 520 2004 omnia,
557 1962 585 1995 si
612 1962 764 2005 postulat
788 1961 965 2003 Nemesis,
1002 1960 1070 2008 sed*
1089 1960 1188 1993 etiam
1212 1959 1366 1993 tolerabo
1393 1959 1493 2002 quid-

135 2030 216 2073 quid
243 2030 409 2063 maiorum
441 2029 654 2072 imposuerit.
704 2028 818 2070 Atque
854 2026 918 2061 hoc
947 2026 1205 2070 proverbialiter
1237 2026 1284 2059 ita
1317 2026 1492 2069 exprimit,

137 2106 174 2129 se
199 2096 252 2127 vel
279 2094 454 2128 teterrima
483 2104 614 2126 venena
640 2096 865 2136 expoturum,
891 2095 986 2126 recte
1010 2097 1171 2125 monente
1198 2091 1352 2125 Hermo
1379 2095 1414 2125 et
1438 2103 1495 2124 as-

137 2161 305 2193 sentiente
330 2159 631 2192 wtmnssnmcmo
657 2161 692 2190 et
717 2157 922 2192 Huscffluo.
972 2158 1032 2190 Sic
1057 2158 1246 2190 Pnorssn'r.
1267 2157 1295 2199 I,
1320 2160 1354 2198 5,
1380 2158 1402 2190 4
1421 2168 1494 2199 sqq.

138 2226 258 2259 verba:
298 2224 426 2257 ultima
461 2235 560 2256 nosse
594 2222 690 2255 mala
723 2224 939 2267 explicantur
971 2223 1127 2265 sequenti
1161 2221 1308 2256 disticho
1340 2222 1407 2255 ita:
1445 2224 1495 2254 Et

140 2291 243 2324 miser
273 2291 412 2336 ignotos
440 2288 590 2335 vestigia
619 2288 721 2334 ferre
750 2300 816 2333 per
850 2288 969 2333 ignes,
1005 2289 1055 2320 Et
1092 2286 1203 2320 bibere
1228 2300 1245 2319 e
1271 2293 1350 2320 tota
1376 2287 1495 2320 toxica

144 2356 341 2391 Thessalia.
404 2354 503 2399 Apud
530 2354 673 2387 eundem
701 2354 747 2395 ll,
773 2355 832 2395 24,
855 2356 900 2386 25
927 2364 1000 2396 sqq.
1027 2353 1084 2386 ubi
1112 2353 1226 2395 agitur
1251 2353 1294 2386 de
1318 2351 1495 2396 probando

141 2432 257 2456 amore
283 2425 317 2455 et
343 2420 542 2461 constantia,
569 2418 652 2452 haec
678 2419 859 2461 leguntur:
885 2418 924 2449 Si
949 2416 1090 2450 libitam
1115 2417 1181 2450 tihi
1204 2419 1290 2454 erit,
1316 2420 1496 2450 Lernaeas

138 2494 274 2534 pugnet
311 2487 360 2519 ad
395 2486 550 2530 hydras,
589 2487 637 2517 Et
672 2484 739 2517 tibi
776 2484 820 2516 ab
857 2484 1027 2528 Hesperio
1065 2485 1161 2517 mala
1201 2485 1349 2517 dracone
1379 2484 1498 2530 ferat,

148 2556 254 2587 Tetra
277 2565 409 2587 venena
431 2552 547 2585 bibens
569 2559 603 2584 et
631 2552 838 2597 naufragas
864 2549 978 2583 ebibat
1008 2551 1134 2587 undas,
1160 2552 1205 2583 Et
1227 2561 1409 2596 nunquam
1430 2562 1497 2593 pro

145 2630 178 2653 le
207 2621 348 2667 deneget
374 2633 448 2655 esse
474 2632 587 2655 nit-xer.
639 2619 736 2653 Unde
763 2619 845 2651 satis
872 2618 961 2651 clara
987 2618 1024 2651 fit
1051 2628 1146 2652 meus
1171 2618 1321 2658 Tibulli,
1359 2617 1414 2658 qui
1441 2627 1497 2649 ce-
