1721 2953
608 140 850 182 TIBULLI.
1338 159 1406 185 xm

64 273 148 313 quo
187 271 399 311 nunquam
435 269 520 296 non
558 256 789 308 argumenti
816 254 921 296 ratio
955 255 1273 310 consideranda3
1314 273 1409 299 nam

62 345 109 375 ut
147 351 185 377 v.
216 350 250 374 c.
284 335 422 373 thema
462 332 573 374 aliud
611 335 736 373 habet
775 335 929 373 erotica
970 335 1117 386 elegia,
1160 333 1271 374 aliud
1305 335 1409 374 festo

61 411 250 462 religioso
281 424 386 464 quae
417 410 569 462 scripta
599 408 868 459 celebrando,
905 411 960 450 sic
992 411 1113 450 etiam
1144 409 1289 451 divisio
1319 410 1411 448 the-

61 486 176 525 matis
204 487 424 526 observare
447 485 567 525 debet
589 484 822 524 discrimina
847 499 1001 525 rerum.
1056 487 1194 539 Atque
1218 486 1262 524 in
1285 484 1409 524 Com-

61 561 271 601 mentariis
302 562 453 602 nostriS
491 561 742 602 introductio
778 563 968 602 carminis
1002 563 1200 616 cuiusque
1229 562 1412 615 primum

62 637 111 676 de
143 646 249 678 statu
280 653 421 678 rerum
458 639 676 690 (situation)
717 640 911 693 exponit,
954 649 1041 680 tum
1072 639 1412 691 compositionem

60 716 251 768 explicat.
309 715 392 755 Sed
421 717 635 756 veniamus
674 715 725 755 ad
755 731 864 765 rem,
906 724 947 755 et
977 729 1069 754 cum
1100 714 1313 767 dispositio
1344 729 1411 752 ar-

59 792 242 842 gumenti
272 794 454 845 apertior
482 793 525 831 in
555 795 786 834 minoribus
818 794 869 833 sit
899 792 1057 843 elegiis,
1091 791 1256 830 initium
1286 791 1411 830 facie-

58 880 150 906 mus
179 869 229 907 ab
259 869 342 919 his,
374 872 634 921 progressuri
664 869 811 910 deinde
837 869 886 908 ad
913 870 1117 908 maiorum
1149 868 1414 920 compositio-

59 957 161 983 num
201 945 530 997 explicationem.
599 945 705 985 Sunt
743 960 844 987 vero
884 946 950 985 hie
988 944 1173 984 natalitia
1211 944 1414 984 nonnulla

59 1020 328 1071 perpulchra,
366 1020 478 1061 unde
509 1020 721 1061 commode
751 1020 1071 1074 proficiscemur.

144 1095 273 1146 Igitur
314 1096 349 1134 si
391 1097 518 1135 uteris
563 1097 814 1136 solemnibus
862 1095 1055 1136 natalitiis
1102 1092 1154 1132 ad
1203 1091 1412 1132 faciendas

63 1169 240 1208 carmine
278 1183 420 1222 preces
458 1179 498 1210 et
529 1179 627 1211 vota
658 1185 737 1223 pro
775 1171 968 1210 felicitate
1008 1178 1081 1208 tua
1119 1177 1189 1208 aut
1224 1169 1412 1218 aliorum,

60 1260 139 1299 pro
171 1261 308 1287 amore
349 1248 416 1289 vel
450 1248 629 1299 coniugii
667 1248 906 1297 stabilitate,
948 1261 1026 1299 pro
1063 1248 1188 1286 rebus
1223 1244 1412 1296 gerendis

63 1331 103 1361 et
138 1337 243 1375 quae
280 1332 376 1362 sunt
412 1323 512 1372 alia,
555 1323 654 1376 quid
687 1323 834 1361 melius
865 1335 957 1372 agas
991 1335 1114 1374 quam
1151 1329 1197 1359 ut
1228 1321 1412 1373 sequaris

60 1401 267 1438 naturales
289 1406 402 1438 actus
425 1396 549 1438 festi?
607 1398 792 1437 Exordio
816 1398 1075 1437 nuntiabitur
1098 1398 1261 1445 festum,
1290 1411 1414 1448 prae-

59 1475 275 1527 parabitur
295 1474 550 1526 sacrificium,
575 1475 793 1515 vocabitur
812 1475 968 1514 Genius
989 1473 1041 1514 ad
1063 1473 1173 1513 dona
1192 1471 1410 1525 capienda3

60 1550 243 1591 medium
273 1564 437 1591 carmen
466 1564 608 1603 preces
644 1551 752 1603 ipsas
791 1551 961 1590 habebit
993 1564 1071 1602 pro
1109 1564 1157 1590 eo
1196 1547 1310 1603 quod
1340 1563 1413 1588 ex-

60 1628 186 1679 petis,
228 1628 359 1667 exitus
392 1636 528 1667 autem
559 1637 753 1669 eventum
784 1641 955 1681 precum
993 1628 1176 1667 faustum
1210 1626 1412 1677 tractabit,

62 1716 173 1741 nunc
201 1703 374 1755 repetita
402 1703 663 1743 invocatione
695 1702 782 1752 dei,
820 1712 867 1742 ut
895 1710 984 1742 rata
1014 1702 1114 1741 fiant
1142 1710 1261 1751 vota,
1301 1715 1412 1740 nunc

64 1779 201 1818 omine
240 1793 292 1817 ex
332 1779 528 1818 sacrificio
569 1787 709 1830 capto,
764 1777 875 1817 unde
915 1791 1008 1829 spes
1055 1778 1246 1826 effulgeat
1288 1777 1412 1826 bona,

63 1868 174 1893 nunc
204 1855 324 1893 aliter
358 1855 614 1894 conformata
646 1855 690 1893 in
726 1855 837 1893 hunc
867 1854 990 1893 finem
1021 1853 1164 1892 ultima
1198 1851 1414 1892 sententia.

64 1928 130 1968 Sic
159 1928 382 1968 indictione
415 1930 530 1978 festi,
573 1930 831 1982 precatione,
874 1937 1043 1970 eventus
1080 1942 1151 1981 spe
1182 1928 1310 1968 felicis
1342 1930 1414 1968 ab·

64 2003 238 2044 solvitur
266 2005 345 2043 rite
375 2012 523 2044 totum.
580 2006 666 2044 Iam
695 2004 789 2045 vide
821 2007 1020 2057 exempla.
1078 2006 1127 2044 In
1153 2005 1279 2056 elegia
1300 2005 1350 2054 II,
1374 2009 1414 2044 2.

64 2080 213 2133 scripta
241 2081 285 2119 in
314 2080 460 2132 primis
489 2089 583 2132 post.
611 2081 774 2132 nuptias
805 2081 999 2119 natalitiis
1032 2080 1238 2129 Cerinthi,
1278 2088 1324 2118 ut
1353 2080 1413 2120 vi-

64 2156 206 2206 detur,
253 2159 334 2197 hoc
374 2159 506 2208 agitur
547 2165 592 2196 ut
639 2158 739 2196 seHx
777 2159 829 2198 sit
867 2158 1114 2209 coniugium.
1191 2159 1328 2211 Atque
1367 2157 1412 2196 in

64 2235 235 2276 exordio
274 2234 470 2274 indicitur
507 2249 667 2275 sacrum
707 2243 744 2274 et
775 2244 947 2275 vocatur
977 2235 1157 2283 Genius,
1196 2235 1239 2272 in
1275 2233 1412 2273 medio

64 2310 243 2350 carmine
273 2319 371 2351 vota
404 2311 541 2349 mariti
569 2319 796 2350 tractantur
824 2326 900 2364 pro
932 2311 1014 2351 fido
1046 2325 1186 2350 amore
1217 2311 1412 2362 coniugis,

64 2387 196 2427 exitus
236 2385 415 2440 denique
454 2395 540 2426 rata
581 2388 681 2427 haec
721 2396 818 2428 vota
856 2389 947 2428 fore
987 2387 1163 2427 affirmat
1193 2403 1244 2427 ex
1277 2388 1411 2428 omine

63 2464 212 2503 fausto.
271 2463 405 2503 Sentis
442 2463 566 2514 igitur
603 2461 750 2502 deduci
789 2463 973 2503 animum
1004 2478 1082 2516 per
1110 2463 1188 2503 tria
1219 2463 1413 2503 continua

64 2546 283 2589 momenta,
315 2552 493 2592 quorum
524 2539 819 2591 compositione
842 2540 1013 2592 pulchre
1043 2539 1244 2579 efficiatur
1265 2547 1413 2580 totum.

66 2613 161 2654 Non
192 2616 366 2655 multum
395 2613 535 2655 differt
561 2614 666 2655 ratio
697 2617 886 2656 carminis
914 2617 986 2665 IV,
1011 2621 1070 2665 6.,
1115 2615 1226 2670 quod
1256 2615 1305 2655 ad
1343 2617 1412 2655 Iu-
