1721 2953
433 128 579 168 LlssR.
609 129 680 167 III.
738 126 978 168 ELEG.11.
1036 132 1107 170 Ill.
1359 138 1434 171 331

104 247 242 287 ereptae
267 253 368 277 cansa
400 243 512 287 perire
545 241 627 275 suite
658 251 723 274 non
751 241 816 274 erit
842 243 933 285 qnod
959 243 1198 288 reprehendas,
1248 243 1348 279 Nunc
1372 256 1435 279 au-

105 313 172 341 tem
197 308 330 341 Neaera
354 307 490 341 iubetur
514 317 592 339 eum
617 316 746 350 ponere
771 309 806 339 et
832 306 906 350 ipsa
932 319 969 342 se
997 310 1131 353 publice
1156 321 1292 344 causam
1320 311 1436 345 dicere

104 374 241 416 mortis,
275 373 375 407 etiam
399 373 533 405 nomine
556 372 692 414 addito,
727 372 820 416 quod
845 374 918 417 ipse
941 376 1034 410 rides
1061 387 1161 420 quam
1187 377 1232 411 sit
1256 378 1438 411 infeliciter

105 444 138 472 et
163 438 394 482 imprudenter
419 438 662 480 excogitatum.
712 438 862 472 Volebat
887 446 987 482 poeta
1014 453 1175 476 revocare
1200 442 1367 476 Neaeram
1393 443 1438 476 ad

103 514 140 536 se
175 507 210 536 et
243 504 417 538 deterrere
451 505 493 538 ab
527 505 612 546 isto,
648 504 739 547 quod
764 505 1010 550 meditabatur,
1045 510 1224 551 coniugio3
1262 509 1323 543 sed
1348 510 1438 554 quod

103 569 195 610 agit,
236 570 283 603 ita
317 575 550 614 comparatum
584 576 656 614 est,
693 576 731 605 ut
756 583 824 606 non
850 576 1001 617 potuerit
1026 586 1093 609 uon
1119 577 1231 620 magis
1255 576 1438 610 abalienari

102 635 175 668 eius
205 635 345 671 animus.
394 636 534 671 Notavit
557 647 628 671 rem
654 637 754 671 etiam
781 639 945 673 Vossms.

446 1008 889 1057 ELEGIA
992 1012 1082 1056 Ill.

573 1319 978 1362 INTRODUCTIO.

99 1472 276 1530 Carmen
321 1490 533 1535 propositum
574 1491 610 1522 et
653 1490 809 1531 quartum
854 1487 1003 1521 maxime
1041 1486 1241 1532 imperfecta
1285 1493 1363 1522 sunt
1411 1491 1443 1523 in

100 1558 164 1592 hoc
195 1559 293 1593 libro.
350 1557 453 1590 Initio
486 1555 642 1604 queritur
676 1559 777 1598 poeta
809 1554 921 1597 quod,
958 1565 1034 1588 curn
1069 1559 1120 1587 tot
1153 1560 1232 1588 vota
1264 1555 1387 1589 fecerit
1413 1562 1448 1590 et

101 1631 175 1660 tura
206 1625 330 1659 blanda
354 1624 487 1658 dederit
512 1623 597 1663 diis,
634 1632 700 1654 nou
736 1632 839 1665 opum
873 1626 909 1655 et
939 1622 1129 1656 divitiarum
1163 1634 1286 1666 cansa,
1323 1624 1383 1657 sed
1409 1628 1447 1657 ut

100 1702 177 1724 cum
215 1690 350 1723 Neaera
389 1690 492 1721 vitam
533 1687 722 1727 transigere
761 1686 860 1718 liceat
908 1687 941 1718 in
979 1688 1120 1729 eiusque
1158 1688 1233 1720 sinu
1272 1692 1446 1731 postremo

100 1758 206 1798 mori,
243 1755 324 1789 nihil
358 1755 487 1800 prosint
521 1752 603 1786 haec
641 1752 762 1785 omnia.
813 1751 900 1785 Nam
935 1751 1068 1785 divitias
1102 1752 1258 1794 quidem,
1300 1764 1445 1796 quarum

103 1823 264 1866 pleraque
290 1830 418 1864 genera
443 1821 629 1859 enumerat,
655 1828 721 1850 non
747 1817 946 1851 felicitatem
973 1818 1096 1851 afferre
1123 1818 1185 1851 sed
1211 1819 1383 1862 invidiam,
1409 1831 1447 1853 se

101 1890 337 1932 paupertatem
361 1896 438 1918 cum
459 1884 594 1918 Neaera
619 1893 774 1917 securam
800 1882 974 1927 praeferre
1000 1884 1123 1928 opibus
1149 1884 1317 1927 omnibus,
1343 1890 1446 1929 atque

101 1956 260 1998 precatur
291 1954 330 1984 ut
366 1950 480 1983 rideat
513 1949 608 1982 illum
641 1948 752 1990 diem,
788 1959 858 1992 quo
891 1950 1005 1993 puella
1030 1950 1094 1982 sibi
1122 1950 1294 1986 reddatur.
1344 1954 1389 1985 At
1419 1954 1447 1986 si

100 2031 166 2054 non
194 2018 310 2052 audiat
343 2018 427 2051 deus
460 2020 560 2057 vota,
599 2017 734 2060 pergit,
772 2017 874 2049 etiam
911 2027 995 2060 opes
1034 2027 1099 2049 non
1127 2018 1243 2051 iuvant
1268 2019 1448 2059 maximae,

101 2086 297 2129 coniugium
322 2094 481 2118 securum
507 2086 640 2116 amatae
666 2084 768 2127 cupio
794 2093 947 2127 paupere
974 2084 1055 2117 licet
1079 2085 1187 2117 cultu.
1238 2084 1341 2120 Quod
1370 2094 1447 2127 pre—

102 2156 198 2185 catur
221 2151 384 2184 lunonem
410 2153 444 2182 et
470 2149 639 2182 Venerem
666 2153 704 2181 ut
730 2148 925 2182 concilient.
974 2150 1046 2182 Aut
1082 2150 1110 2182 si
1146 2150 1216 2183 sata
1242 2154 1370 2193 negent
1394 2161 1448 2183 re-

102 2218 209 2249 ditum
243 2217 395 2259 puellae,
431 2215 543 2247 Orcus
580 2217 618 2246 ut
652 2218 755 2247 vocet
788 2217 885 2258 optat
920 2213 1103 2248 dolentem.
1154 2215 1251 2248 Haec
1276 2214 1450 2248 hactenns.

103 2283 208 2316 Vides
233 2282 314 2326 quid
340 2282 432 2315 velit.
483 2281 619 2314 Neaera
644 2281 792 2323 coniuge
820 2291 923 2324 posse
957 2281 1023 2314 frui
1058 2293 1224 2316 summum
1258 2283 1288 2316 ei
1324 2282 1447 2315 bonurn

103 2348 236 2382 videtur
262 2347 386 2392 opibus
411 2346 569 2379 maximis
595 2344 887 2388 posthabendum,
913 2346 1004 2388 quod
1028 2349 1114 2380 votis
1142 2348 1294 2390 plurimis
1319 2348 1449 2391 expetit

105 2418 140 2447 et
167 2414 231 2446 nisi
258 2416 508 2454 consequatur,
535 2411 623 2444 vitae
649 2410 853 2454 deprecatur
879 2423 1011 2445 munus.
1062 2414 1231 2447 Dividitur
1254 2418 1367 2446 autem
1394 2418 1448 2446 to-

104 2485 173 2513 tum
200 2481 219 2513 d
234 2480 373 2513 uabus
399 2478 628 2523 partibus,
652 2482 815 2520 quantum
834 2479 970 2521 quidem
992 2481 1024 2513 in
1041 2481 1100 2513 tali
1116 2482 1264 2514 carmine
1283 2480 1449 2513 affirmare

105 2545 195 2578 licet.
244 2545 436 2579 Exordium
460 2545 643 2578 discretum
666 2555 733 2578 non
758 2545 874 2589 adest,
908 2546 968 2580 sed
996 2546 1149 2580 decurrit
1176 2559 1249 2580 una
1269 2547 1448 2591 perpetmz

106 2618 163 2642 las
190 2622 304 2643 rerum
338 2610 383 2644 ab
418 2610 520 2644 initio
554 2609 603 2641 acl
629 2623 660 2642 ι·.
686 2612 743 2645 26.
782 2611 845 2646 hoc
880 2623 1003 2646 sensu:
1043 2623 1109 2646 non
1147 2612 1281 2646 divitias
1317 2622 1448 2656 precor,
