1721 2953
244 182 373 206 xxxiv
799 167 874 208 DE
905 167 1040 208 VITA

244 277 431 320 dedicant
462 291 639 318 carmen.
708 276 790 317 Sed
823 291 915 317 cum
944 280 1028 320 sive
1060 293 1084 318 a
1113 279 1279 320 Tibullo
1310 281 1394 321 sive
1427 280 1478 319 ab
1511 279 1595 319 edi-

243 366 332 398 tore
365 365 467 397 esset
505 358 550 396 in
580 356 717 410 quarti
744 355 842 395 libri
873 356 1054 407 elegidiis
1082 355 1272 397 Cerinthi
1302 371 1454 398 nomen
1483 359 1594 410 posi-

246 443 352 484 tum,
392 432 534 473 debuit
572 431 705 472 editor
742 432 852 474 idem
894 434 1146 474 constantiae
1178 446 1300 474 causa
1337 435 1382 473 in
1412 431 1592 474 secundo

243 509 394 559 facere,
440 506 706 556 cum-‚eadem
732 521 913 560 persona
944 517 1067 560 esset,
1110 508 1223 562 quod
1258 522 1345 548 non
1374 507 1593 548 dubitabis.

241 586 377 638 Atque
407 585 464 624 ita
493 583 675 625 redimus
709 584 818 625 unde
847 586 1024 639 profecti
1051 601 1204 637 sumus,
1241 601 1334 628 cum
1364 585 1592 627 diceremus

242 663 407 703 ultimos
441 670 522 701 tres
552 662 680 702 libros
717 663 839 702 simul
877 662 1005 703 editos
1036 662 1168 704 videri
1195 672 1290 716 post
1317 671 1493 703 mortem
1521 664 1592 702 Ti-

240 741 344 779 bulli
372 740 423 778 ab
453 739 533 779 alio
566 739 747 792 quodam
776 740 958 781 homine.
1016 741 1082 780 De
1106 755 1189 795 qua
1211 755 1256 781 re
1280 740 1435 782 dictum
1460 754 1591 794 quan·

241 826 328 856 tum
358 818 469 857 satis.

355 893 530 945 Priapea
561 892 644 932 duo
677 894 868 943 carmina,
901 908 1006 947 quae
1036 894 1236 946 Iosephus
1267 892 1446 944 Scaliger
1475 907 1517 932 se
1547 893 1591 931 in

239 971 376 1013 codice
406 970 629 1011 Cuiaciano
668 972 777 1011 inter
805 972 962 1012 Tibulli
999 984 1126 1024 opera
1163 971 1366 1023 reperisse
1405 977 1590 1019 testatur,

238 1045 447 1100 quomodo
478 1047 558 1086 huc
588 1049 777 1087 venerint
803 1047 1012 1099 ignorum3
1041 1060 1120 1099 pro
1151 1045 1397 1086 Tibullianis
1427 1060 1473 1085 ea
1503 1058 1587 1084 non

235 1125 400 1164 habeas.

349 1197 531 1238 Subiicio
572 1206 835 1250 conspectum
874 1200 1043 1238 brevem
1085 1199 1191 1238 vitae
1232 1196 1411 1246 Tibulli,
1463 1203 1590 1248 prout

234 1289 298 1314 res
331 1273 522 1314 ordinare
551 1274 811 1315 tentavimus.

242 1435 348 1475 Circ.
382 1439 432 1474 69
450 1441 487 1475 5,
531 1435 663 1476 Natus
693 1435 858 1477 videtur
883 1436 1087 1476 Tibullus.

263 1525 355 1550 ann.
388 1515 482 1550 712.
530 1513 702 1553 Penates
731 1511 901 1566 reliquit
931 1510 1134 1565 stipendia
1174 1509 1381 1563 equestria
1416 1509 1584 1548 meritu-

584 1603 655 1628 rus
695 1597 826 1628 aetate
866 1589 1047 1627 militari.
1107 1586 1268 1638 Scripta
1299 1584 1426 1636 elegia
1454 1584 1485 1634 I,
1521 1589 1585 1624 10.

260 1677 357 1702 auu,
385 1667 478 1702 722.
525 1662 663 1702 Rediit
688 1672 783 1715 post
809 1661 948 1702 decem
972 1674 1115 1711 annos,
1148 1660 1342 1700 confectis
1370 1657 1582 1710 stipendiis

583 1740 855 1792 equestribus.
925 1738 975 1776 In
1003 1736 1205 1776 Messalae
1237 1734 1454 1774 amicitiam
1479 1733 1582 1772 reci-

578 1815 704 1866 pitur.
739 1832 792 1842 -——
840 1811 999 1853 Eodem
1032 1820 1220 1863 tempore
1250 1809 1417 1849 Deliam
1446 1822 1581 1848 amare

580 1890 728 1940 coepit.

259 1979 354 2004 auu.
378 1968 471 2004 723.
522 1962 673 2004 Scribit
704 1963 802 2014 eleg.
837 1962 869 2011 I,
901 1966 939 2001 1.
950 1991 960 2011 ,
1007 1975 1099 2001 cum
1127 1961 1322 2000 invitatus
1352 1975 1375 2000 a
1405 1961 1582 2000 Messala

578 2047 625 2090 ut
654 2050 791 2076 secum
819 2037 898 2075 iret
927 2036 970 2074 in
991 2036 1147 2074 beUum
1175 2044 1318 2075 contra
1338 2036 1579 2081 Antonium,

580 2112 698 2164 sequi
729 2113 869 2151 nollet.
929 2110 994 2150 Ad
1020 2112 1215 2151 rusticam
1252 2112 1379 2152 vitam
1415 2110 1580 2150 tandem

578 2201 619 2226 se
650 2185 882 2226 rediturum
917 2186 1028 2226 dicit.
1087 2184 1168 2240 (Ab
1200 2188 1278 2226 alio
1307 2187 1460 2226 iuvene
1491 2195 1579 2225 tum

580 2279 702 2305 carm.
728 2265 800 2314 IV,
827 2267 864 2303 1.
895 2260 1122 2317 scriptum.)
1180 2263 1339 2302 Tamen
1365 2263 1442 2302 sub
1471 2261 1578 2301 eius-

579 2339 671 2379 dem
709 2339 807 2377 anni
845 2338 970 2378 finem
1008 2353 1101 2379 cum
1128 2338 1304 2379 Messala
1331 2339 1378 2377 in
1405 2337 1577 2391 Aquita·

579 2414 689 2453 niam
719 2413 1007 2466 proficiscitur.

258 2502 350 2528 anu.
381 2488 472 2528 724.
522 2490 755 2528 Auciumno
790 2503 883 2530 cum
913 2489 1091 2531 Messala
1131 2491 1173 2530 in
1205 2488 1417 2531 Orientem
1449 2487 1574 2539 profi-

580 2564 753 2614 ciscens,
796 2566 943 2605 morbo
981 2566 1183 2604 retinetur
1211 2565 1255 2604 in
1285 2563 1466 2616 Corcyra
1494 2565 1572 2603 ibi-

581 2652 660 2690 que
691 2639 831 2679 scribit
862 2641 959 2690 eleg.
989 2640 1019 2678 I.
1052 2644 1090 2679 3.
