1721 2953
514 120 659 162 LIBR.
685 120 737 160 11.
794 119 954 160 ELEG.
983 122 1055 162 VI.
1373 126 1453 162 311

113 243 217 273 recte.
275 239 433 272 Placeret
457 236 672 277 coniectura,
708 234 736 267 si
762 235 794 267 in
820 236 895 279 ipso
922 236 1030 279 primo
1056 234 1221 277 disticho,
1257 237 1289 269 in
1314 235 1445 268 verbis:

104 303 308 349 ficrtimque
340 300 491 334 tabellas
524 304 589 334 etc.
625 301 796 344 oppositio
832 302 970 336 inesset.
1029 304 1100 338 Sed
1138 304 1238 338 etiam
1277 301 1341 335 hoc
1377 312 1445 335 non

111 375 183 412 est;
220 370 410 414 scripsisset
432 368 612 408 Tibullus,
637 369 665 400 si
691 367 724 400 id
750 367 934 401 voluisset:
963 368 1168 416 furtimque
1193 368 1344 402 tabellas
1367 368 1448 410 Ap-

106 442 257 480 portans
287 433 370 465 aliis
403 432 500 478 itque
535 432 696 478 reditque
727 432 828 469 sima,
864 434 955 475 quod
988 447 1053 469 non
1089 437 1181 471 fecit,
1238 436 1450 469 Huscmssus

110 502 231 545 probat
267 499 367 533 haec:
408 498 488 531 lena
523 504 625 531 vetat
660 499 824 532 miserum
860 500 977 544 recipi.
1039 502 1109 536 Sed
1145 503 1218 545 quis
1254 512 1319 534 non
1354 499 1447 534 videt

108 567 336 599 coniecturam
360 576 434 599 eam
465 575 540 598 esse
560 565 643 609 satis
667 565 833 599 diversam
860 577 879 599 a
905 568 1066 602 librorum
1091 568 1288 612 scriptura?
1336 566 1446 600 Affert

107 630 319 664 Huscmssus
353 641 416 674 pro
452 641 514 663 sua
549 631 719 664 sententia
756 631 1028 674 inexspectatum
1062 635 1176 667 venire
1212 642 1333 666 nomeu
1365 642 1446 675 pro-

106 698 213 740 prium
241 697 346 729 lenae.
397 695 527 728 Credas
561 693 625 728 hoc
657 695 766 738 primo
800 695 976 738 adspectu.
1025 698 1095 731 Sed
1120 698 1233 741 quidni
1260 697 1443 730 acerbioris

105 761 374 805 reprehensionis
407 772 509 795 causa
536 761 707 794 adiectum
742 762 786 794 sit
821 772 841 794 a
867 767 969 805 poeta
996 765 1161 807 pessimae
1188 766 1284 798 lenae
1309 774 1443 804 nomen,

105 832 142 860 ut
166 828 273 860 sciant
298 827 397 860 etiam
424 827 509 860 alii?
557 827 646 860 Nam
671 838 789 861 verum
815 839 935 862 nomen
964 829 1027 863 hoc
1061 829 1189 872 habeo,
1224 841 1289 863 non
1314 831 1440 863 fictum.

104 893 201 927 Quae
226 903 302 924 cum
328 892 376 924 ita
399 892 476 933 sint,
500 891 581 925 nihil
606 895 714 925 restat
738 903 838 935 quam
863 897 903 927 ut
926 895 1097 929 Pomsm
1121 897 1348 930 coniecturam
1374 905 1444 928 ne-

106 961 175 990 cat
201 958 388 1000 laudemus,
412 958 597 1002 repositam
623 969 644 991 a
669 959 934 994 Bnoucmmsm
960 965 994 995 et
1017 962 1180 1004 Hermo,
1204 973 1291 1005 quae
1316 962 1443 1005 optima

103 1030 166 1058 est.
217 1026 329 1067 Atque
353 1025 400 1057 ita
425 1035 505 1058 mox
530 1026 644 1068 leges:
674 1028 773 1058 Tunc
792 1026 918 1060 morior
937 1028 1043 1062 curis.
1091 1030 1242 1062 Primum
1266 1029 1381 1070 igitur,
1404 1030 1442 1059 ut

102 1090 251 1134 explicet
275 1092 497 1124 sententiam:
524 1091 643 1124 Lena
668 1097 803 1125 nocet
829 1093 978 1136 nobis,
1004 1095 1221 1139 repetitsseam
1239 1096 1313 1127 aliis
1332 1094 1443 1127 verbis

102 1157 134 1189 in
161 1157 325 1200 principio
351 1157 495 1200 distichi,
520 1158 804 1201 quemadmodum
823 1160 905 1193 alias
926 1162 1142 1206 epanalepsin
1160 1162 1263 1205 ponit.
1312 1159 1442 1193 Deinde

101 1235 177 1257 cum
205 1235 266 1268 per
290 1225 516 1268 oppositionis
542 1225 685 1259 formam
709 1227 759 1260 sic
784 1227 898 1261 dicere
923 1233 1060 1273 posset:
1097 1240 1175 1262 nani
1199 1230 1265 1262 fert
1289 1229 1362 1261 aliis
1387 1231 1441 1259 ta-

99 1290 225 1331 bellas,
250 1301 304 1323 me
329 1300 409 1322 vero
438 1290 600 1330 remittit,
625 1291 713 1324 nu'nc
739 1292 812 1334 pari
838 1293 915 1326 loco
941 1294 1063 1337 positis
1089 1294 1241 1327 distichis
1268 1293 1376 1326 tribus
1402 1297 1438 1326 et

97 1356 265 1399 tripartita
296 1355 461 1388 divisione
495 1355 657 1389 describit
691 1358 846 1390 iniuriam
880 1360 1032 1392 mulieris
1067 1358 1131 1391 hoc
1166 1358 1289 1391 modo:
1324 1357 1439 1390 furtim

96 1423 238 1456 tabellas
265 1422 331 1455 sert
354 1422 538 1455 destinatas
564 1423 638 1456 aliis
671 1427 706 1456 et
746 1423 788 1456 ab
823 1424 918 1466 aliis,
955 1435 1059 1468 saepe
1086 1425 1188 1458 etiam
1213 1427 1318 1466 negat
1347 1423 1439 1456 domi

96 1499 170 1523 esse
195 1488 388 1530 Nemesim,
414 1488 471 1521 ubi
497 1492 610 1522 tamen
640 1488 759 1531 adest,
785 1499 888 1533 saepe
916 1492 1049 1524 nuntiat
1075 1491 1230 1535 impediri
1255 1501 1348 1531 eam,
1381 1489 1439 1523 ubi

93 1565 162 1588 nox
186 1555 351 1598 promissa
375 1553 455 1587 mihi
481 1558 564 1588 erat.
615 1556 665 1589 Ac
691 1557 836 1599 primum
862 1557 1052 1591 membrum
1084 1569 1144 1601 per
1170 1559 1328 1601 copulam
1355 1557 1439 1591 sub-

92 1620 163 1653 iicit
187 1622 337 1662 generali
362 1622 574 1662 sententiae,
598 1606 766 1663 ut‘alias,
792 1622 834 1655 cf.
863 1623 889 1664 I,
914 1627 947 1665 5,
975 1626 1032 1655 11.
1058 1643 1103 1648 —-
1146 1623 1304 1658 furtim
1339 1634 1435 1668 por—

93 1692 196 1720 tans
220 1688 408 1720 occulto
434 1687 554 1728 sinu,
586 1688 756 1721 cumulate
782 1688 909 1722 dictum
935 1691 1102 1732 consulto,
1127 1691 1170 1724 cf.
1199 1691 1240 1723 ad
1267 1691 1293 1732 Ι,
1319 1694 1352 1732 5,
1377 1694 1436 1724 65.

92 1754 190 1786 Facit
211 1753 312 1795 enim,
337 1763 380 1786 ne
405 1753 527 1786 sentiat
547 1753 716 1786 Tibullus.
767 1754 818 1787 De
844 1765 880 1788 re
905 1759 1018 1789 autem
1044 1766 1202 1800 compara
1227 1767 1302 1789 cum
1330 1756 1435 1789 Hur-

92 1830 154 1853 ΜΟ
187 1819 286 1852 Ovid.
323 1819 395 1852 Art.
433 1819 507 1851 Am.
536 1817 597 1859 III,
628 1820 717 1852 621:
765 1817 940 1851 tabellas,
977 1821 1076 1864 Quas
1111 1827 1212 1866 tegat
1248 1820 1284 1853 in
1319 1820 1435 1865 lepido

83 1884 211 1931 fascia
247 1884 327 1917 lata
364 1884 456 1918 sina.
480 1903 526 1909 —-
566 1884 676 1917 Porro
714 1884 842 1926 itque
879 1885 1110 1928 reditque,
1152 1887 1254 1918 veluti
1293 1887 1433 1921 VALER.

90 1954 222 1985 FLAcc.
248 1952 275 1992 1,
301 1954 380 1984 725.
415 1954 468 1984 est
501 1951 645 1984 formula
670 1951 850 1992 solemnis,
885 1951 984 1983 simul
1017 1952 1233 1985 sedulitatem
1267 1953 1434 1995 quandam

89 2017 282 2059 significans
307 2020 366 2049 aut
391 2017 624 2057 celeritatem,
661 2020 698 2048 ut
725 2017 832 2049 Ovn).
860 2015 945 2049 Met.
972 2016 1016 2058 ΙΙ,
1039 2019 1129 2050 409:
1163 2017 1244 2049 dam
1270 2018 1360 2050 redit
1386 2017 1433 2049 it-

90 2095 154 2128 que
179 2082 365 2128 frequens.
415 2084 552 2117 Similes
586 2084 752 2117 formulae
786 2087 866 2117 sunt
891 2084 975 2117 Met.
1002 2084 1097 2126 VIII,
1124 2087 1212 2118 163:
1246 2085 1434 2131 refluitque

80 2148 256 2193 fluitque,
280 2148 362 2182 ibid.
388 2151 477 2183 536:
521 2147 752 2194 refoventque
770 2149 994 2194 foventque,
1027 2154 1062 2183 et
1086 2160 1173 2193 quae
1198 2161 1218 2183 a
1245 2150 1434 2184 WUNDER-

89 2225 212 2248 memo
237 2215 425 2248 afferuntur
452 2216 558 2249 vina.
589 2216 674 2249 Aen.
702 2216 762 2257 IV,
789 2218 870 2249 438.
907 2215 987 2258 XII,
1013 2219 1102 2249 866:
1128 2216 1279 2261 fertque
1303 2215 1433 2260 refert-

87 2291 174 2325 que,
209 2282 300 2315 753:
338 2279 439 2325 fugit
471 2279 692 2326 refugitque.
750 2280 914 2314 Nostrum
953 2282 1066 2315 locum
1102 2283 1258 2315 Ovimus
1294 2282 1432 2325 respicit

87 2346 219 2379 Amorr.
254 2345 297 2386 ll,
331 2347 387 2387 19,
421 2347 487 2378 41:
535 2345 664 2391 (incipe
703 2348 887 2394 quaerere)
937 2348 1013 2391 Quo
1043 2347 1149 2391 serat
1189 2354 1255 2380 aut
1295 2348 1431 2393 referat

87 2410 193 2443 solers
219 2409 352 2443 ancilla
377 2408 542 2445 tabellas.
567 2429 613 2435 -—-
640 2412 692 2445 De
717 2412 911 2446 tabellis
942 2413 1088 2455 denique
1123 2414 1279 2447 conferre
1303 2413 1431 2447 iuvabit

86 2476 291 2509 Pnornnru
316 2476 464 2519 elegiam
486 2475 615 2510 XXIII.
643 2477 717 2510 libr.
746 2477 807 2510 ΙΙΙ.
842 2478 900 2510 ubi
936 2482 970 2510 et
1004 2478 1105 2511 verba
1132 2479 1281 2522 videbis,
1318 2482 1429 2523 qualia

86 2543 221 2576 inscribi
248 2543 436 2576 huiusmodi
465 2543 598 2576 tabellis
620 2545 744 2577 ceratis
769 2544 937 2586 solebant,
963 2549 998 2578 et
1023 2546 1105 2578 illud
1132 2546 1251 2588 disces,
1278 2549 1429 2590 potuisse

86 2609 224 2645 casdem
249 2621 350 2654 saepe
376 2611 465 2645 ultro
492 2611 647 2654 citroque
675 2612 785 2652 mitti,
824 2621 899 2645 cum
935 2611 1056 2646 deletis
1085 2614 1163 2647 stilo
1189 2613 1309 2648 litteris
1335 2614 1431 2646 inno-
