1721 2953
262 152 321 177 >ct
817 136 890 179 DE
924 139 1057 180 VITA

263 255 367 294 bulli
399 266 515 293 amor
550 254 682 293 maior
718 260 805 292 erat
841 267 965 307 quam
1000 262 1044 293 ut
1081 253 1336 307 desperaret,
1381 268 1456 295 nec
1492 255 1611 294 Delia

264 333 385 385 plane
419 329 592 370 desierat
625 329 764 370 favere
803 339 964 382 poetae.
1029 329 1133 370 Cum
1168 331 1292 382 igitur
1326 332 1402 370 sub
1435 330 1612 370 hiemem

264 407 419 448 rediret
446 407 621 446 Romam
650 406 839 447 Tibullus
867 405 991 457 'rure,
1034 406 1227 447 credibile
1265 415 1325 446 est
1356 407 1610 446 continuatas

264 498 426 537 preces3
455 497 549 522 nam
572 481 665 522 tulit
691 481 842 521 iterum
870 483 1073 535 promissa
1101 483 1270 524 favoriS.
1325 483 1384 522 Ac
1412 495 1501 522 cum
1528 482 1613 533 pri-

263 573 377 598 mum
407 571 515 598 nova
546 557 688 597 limina
717 565 945 598 tentaturus
974 566 1096 609 esset,
1139 559 1261 600 Delia
1293 572 1393 599 vero
1426 555 1614 598 nondum

265 648 363 674 ausa
392 634 534 672 fallere
564 630 751 672 custodes
778 633 933 673 frustra
961 642 1280 687 exspectaretur,
1308 635 1459 687 scripta
1487 634 1613 685 elegia

265 712 296 760 Ι,
327 715 377 760 2.,
411 707 524 763 quod
552 708 704 748 factum
733 709 919 762 suspicor
947 709 1082 749 hieme
1110 713 1317 750 725-726.
1373 710 1424 748 cf.
1456 708 1613 749 Introd.

265 787 316 828 ad
345 789 456 828 illam
486 786 667 839 elegiam.
726 786 959 827 Gerebatur
993 788 1056 828 his
1090 788 1345 840 temporibus
1382 788 1537 827 bellum
1569 788 1613 826 in

265 863 405 903 Cilicia
435 863 485 902 cf·
515 877 555 903 v.
585 866 651 902 69.
689 863 765 902 sub
804 864 991 917 auspiciis
1027 864 1250 915 Messalae,
1296 865 1368 918 qui
1404 861 1614 905 Orientem

265 940 549 992 componebah
621 939 810 978 Tibullus
849 953 949 979 vero
990 939 1068 979 ista
1109 947 1228 978 nocte
1270 939 1491 979 frustratus
1531 953 1614 991 spe,

263 1029 364 1055 mox
393 1016 479 1054 aliis
508 1014 698 1054 noctibus
721 1013 920 1054 admissus
946 1023 1006 1054 est
1034 1023 1073 1054 et
1097 1015 1252 1054 labitur
1281 1028 1376 1067 pars
1404 1013 1502 1053 anni
1520 1018 1613 1055 726.

262 1091 365 1130 felix
393 1090 557 1141 amanti,
587 1088 716 1130 donec
745 1090 895 1142 puella,
925 1103 1008 1143 qua
1041 1097 1128 1129 erat
1156 1089 1334 1140 levitate,
1363 1102 1473 1130 novo
1503 1102 1614 1128 ama·

261 1166 343 1207 tori
373 1167 532 1219 copiam
563 1166 626 1206 sui
655 1164 783 1205 daret.
840 1167 948 1206 Tuni
977 1166 1128 1218 scripta
1158 1166 1285 1217 elegia
1313 1166 1344 1216 Ι,
1376 1169 1414 1204 6.
1450 1179 1514 1205 me
1550 1164 1614 1204 iu-

265 1241 370 1291 dice,
417 1242 559 1282 ultima
596 1242 641 1280 in
674 1243 754 1282 hoc
790 1255 948 1292 amore,
988 1250 1111 1294 poeta
1141 1250 1385 1294 congerente
1412 1240 1615 1295 quidquid

266 1331 430 1358 severae
454 1316 703 1358 hortationis
731 1326 887 1357 restare
917 1317 1126 1358 videretur
1155 1317 1207 1357 ad
1237 1327 1421 1358 extrema
1448 1318 1613 1357 redacto

265 1393 429 1432 amanti.
487 1392 568 1433 Sed
601 1406 685 1433 non
721 1395 896 1433 multum
930 1393 1110 1433 effecisse
1144 1392 1320 1435 videtur.
1380 1393 1500 1433 Certe
1528 1395 1614 1433 De-

264 1471 318 1509 lia
351 1478 443 1522 post
479 1470 579 1509 haec
617 1470 760 1509 relicta
800 1479 872 1510 est.
930 1472 1064 1524 Atque
1103 1473 1204 1510 hace
1242 1485 1333 1509 mea
1369 1477 1429 1509 est
1463 1469 1513 1509 de
1546 1483 1614 1509 or-

266 1545 359 1584 dine
388 1546 537 1584 harum
567 1545 789 1597 elegiarum
823 1547 1025 1586 sententia
1036 1576 1047 1597 ,
1089 1561 1212 1601 quam
1239 1547 1428 1599 pluribus
1457 1546 1616 1585 firmavi

264 1621 306 1659 in
338 1618 716 1660 Introductionibus
747 1620 798 1659 ad
828 1621 986 1672 singula
1016 1622 1209 1662 carmina.
1268 1620 1481 1669 Quaedam
1508 1629 1615 1659 recte

265 1695 368 1737 vidit
400 1696 641 1745 Passovius,
685 1695 755 1735 sed
790 1697 934 1747 elegias
970 1698 1000 1746 Ι,
1031 1701 1070 1735 2.
1105 1701 1143 1737 5.
1178 1701 1215 1736 6.
1254 1698 1360 1736 male
1397 1695 1615 1737 ordinavit.

264 1772 386 1812 Nunc
415 1785 542 1823 pergo
575 1770 626 1810 ad
655 1772 880 1824 sequentia.
938 1773 1046 1810 Ann.
1078 1777 1172 1812 727.
1208 1771 1387 1810 Messala
1415 1770 1535 1811 rediit
1565 1784 1617 1810 ex

267 1848 436 1891 Oriente
463 1857 502 1887 et
527 1847 565 1887 d.
587 1849 746 1888 XXIV.
769 1848 880 1900 Sept.
904 1848 953 1887 de
976 1849 1194 1902 Aquitanis
1214 1849 1500 1901 triumphavit3
1530 1862 1615 1888 non

268 1927 337 1967 diu
368 1935 462 1980 post
490 1924 576 1965 dies
603 1925 750 1964 natalis
778 1926 865 1964 eius
894 1923 1084 1964 incidisse
1112 1925 1292 1974 videtur⁷
1319 1939 1443 1979 quem
1471 1926 1616 1964 Tibul-

267 2006 330 2043 lus
357 2003 482 2055 elegia
504 2002 673 2054 septima
697 2001 930 2041 celebravit.
990 2000 1109 2041 Circa
1131 2003 1231 2041 haec
1255 2010 1439 2054 tempora
1466 2002 1617 2054 scripta

269 2081 390 2121 etiam
419 2079 817 2121 videntur'carmina
847 2079 892 2117 in
919 2079 1171 2118 Marathum.
1228 2078 1447 2120 Passovius
1478 2092 1525 2117 ea
1551 2092 1615 2116 ce-

268 2156 364 2195 teris
409 2157 548 2208 priora
589 2156 738 2205 statuit,
784 2153 898 2208 quod
942 2168 1025 2194 non
1071 2153 1193 2194 credo
1236 2169 1397 2194 verum.
1469 2153 1615 2207 Neque

272 2232 379 2270 enim
428 2246 532 2282 puer
571 2231 768 2272 amaverit
809 2245 985 2284 puerum
1028 2239 1097 2271 aut
1138 2230 1337 2283 fingendis
1383 2231 1618 2273 huiusmodi

273 2306 480 2345 amoribus
512 2314 627 2358 aptus
660 2307 804 2356 suerit7
847 2306 918 2346 sed
950 2308 1089 2360 potius
1125 2315 1219 2360 post
1253 2307 1399 2347 Deliae
1433 2322 1617 2348 amorem

274 2394 366 2419 cum
405 2389 566 2419 vacaret
603 2383 842 2422 melioribus
879 2383 1064 2422 sensibus
1105 2397 1181 2422 nec
1218 2385 1397 2436 puellam
1434 2385 1616 2434 haberet,

276 2454 328 2494 ad
356 2458 430 2494 hos
459 2456 627 2495 frivolos
658 2458 771 2498 lusus
802 2456 959 2498 delatus
990 2466 1067 2509 est>
1094 2466 1135 2497 et
1158 2467 1373 2511 praecepta
1393 2459 1489 2498 artiS
1513 2457 1616 2498 didi-

276 2531 347 2579 cit,
388 2545 410 2568 a
451 2544 532 2582 qua
569 2531 665 2570 oliin
705 2533 861 2572 alienus
905 2542 1002 2573 erat.
1062 2533 1266 2575 Convenit
1303 2535 1414 2573 nitor
1448 2535 1616 2586 insignis

274 2608 425 2646 horum
456 2605 694 2645 carminum.
762 2609 869 2647 Ann.
908 2613 1001 2649 728.
1042 2608 1107 2650 cdi
1142 2609 1276 2662 potuit
1309 2610 1414 2648 liber
1449 2597 1616 2661 primus.

287 2683 409 2734 &tque
438 2682 536 2721 hacc
571 2681 734 2737 quidem
766 2683 814 2722 de
846 2685 919 2724 his.
