1721 2953
510 168 654 209 LlssR.
684 169 714 208 I.
774 167 932 208 ELEG.
962 169 1032 209 ΙΙΙ.
1393 173 1444 209 67

102 290 135 319 et
160 284 303 321 Remed.
332 285 406 319 Am.
426 285 507 316 219.
534 292 623 325 quae
648 282 852 326 interpretes
881 281 1029 315 laudant.
1078 280 1162 315 Inde
1188 281 1292 325 igitur
1315 280 1438 315 Tibul-

101 351 152 383 lus
178 361 267 384 nunc
292 350 373 383 dicit
397 352 613 393 praetextum
648 357 686 380 se
719 347 904 390 sumpsisse
939 357 1078 390 morae,
1116 347 1212 391 quasi
1245 347 1441 381 observaret

100 416 188 451 liunc
221 418 309 451 diem
343 420 378 450 et
406 417 501 460 ipse,
538 425 606 449 non
630 418 743 448 autem
770 425 889 448 revera
914 425 951 448 se
976 416 1145 458 significat
1175 415 1253 449 huic
1283 416 1442 459 religioni

100 483 281 516 addictum.
306 498 352 507 -
388 482 430 515 V.
457 484 512 517 19.
538 480 779 523 ingressus
802 480 902 514 iter.
952 481 1073 523 Neque
1098 483 1227 524 solum,
1252 482 1319 524 ait,
1344 486 1442 516 ante-

99 558 198 591 quam
218 546 417 590 ingrederer
435 546 512 589 iter,
536 556 648 580 moras
669 545 887 588 quaerebam,
912 545 972 579 sed
991 548 1092 580 etiam
1112 548 1284 590 ingressus
1305 548 1382 581 iam.
1395 566 1442 572 --

99 613 322 647 offensum
347 613 527 657 pedem,
565 612 743 654 absolute,
767 623 834 646 non
860 613 994 646 adiecta
1019 624 1076 655 re,
1106 614 1138 647 in
1164 625 1263 657 quam
1290 615 1364 657 quis
1389 615 1442 648 of-

97 679 224 721 fendit,
259 683 399 714 notante
424 680 744 724 WUNDERLICHIO‚
784 681 841 724 qui
880 679 996 713 laudat
1029 680 1136 713 Ovm.
1168 680 1254 714 Met.
1279 679 1323 722 X,
1354 682 1442 714 452:

101 746 169 778 Ter
196 745 299 789 pedis
333 745 461 790 offensi
483 746 584 792 signo
608 752 662 779 est
687 753 863 780 revocata.
914 747 1076 780 Ceterum
1102 746 1144 780 de
1169 758 1206 780 re
1231 747 1316 780 dixit
1341 747 1443 780 Lrvt-

98 820 207 844 mnus
234 810 277 843 ad
301 809 332 844 h.
358 812 380 845 Ι.
407 815 442 846 et
466 812 761 846 Bnoncxnnsms.
819 813 931 854 Atque
955 812 997 845 in
1022 817 1151 855 porta
1178 814 1288 846 locum
1313 813 1444 856 signifi-

99 879 174 916 cat,
207 874 266 907 ubi
290 875 324 908 id
349 874 495 918 factum,
531 887 596 910 non
622 887 715 918 rem,
742 876 776 909 in
802 887 903 920 quam
928 877 1123 911 offenderit.
1151 897 1198 902 ——
1234 879 1277 912 V.
1303 881 1360 912 21.
1385 880 1442 911 22.

100 940 238 974 Claudit
266 945 377 975 totum
401 942 515 976 locum
540 943 798 976 antecedentem
832 943 985 985 generali
1010 944 1203 985 sententia,
1239 954 1325 986 quae
1351 954 1446 977 sum-

99 1017 188 1041 mam
225 1008 297 1041 eius
336 1009 500 1042 continet·
557 1009 635 1043 Non
670 1010 908 1054 obtemperans
943 1010 1107 1043 anxietati
1139 1010 1260 1042 Deliae
1295 1019 1446 1051 suaeque

99 1073 205 1116 ipsius
229 1074 384 1116 neglexit
409 1075 505 1117 signa
532 1078 566 1108 et
591 1075 719 1108 monita
744 1076 891 1118 Amoris,
918 1086 1028 1118 eoque
1054 1076 1158 1108 invito
1184 1074 1357 1118 profectus
1382 1077 1446 1107 est.

100 1140 191 1174 Hinc
216 1152 359 1185 poenam
384 1142 522 1186 patitur.
571 1142 734 1175 Ceterum
756 1142 890 1175 notabis
917 1143 1018 1176 etiam
1039 1146 1220 1185 sequentes
1245 1141 1331 1174 duos
1351 1142 1447 1174 locos

101 1208 189 1251 aptis
225 1207 376 1242 distichis
411 1208 543 1251 claudi,
580 1220 610 1242 v.
637 1211 695 1243 34.
721 1213 756 1243 et
780 1212 839 1243 51.
862 1212 919 1244 52.
943 1227 991 1234 —
1027 1210 1166 1251 sciat,
1201 1207 1234 1243 h.
1258 1218 1289 1242 e.
1324 1208 1446 1242 damno

100 1286 162 1309 suo
187 1275 308 1310 discat.
355 1277 414 1310 Sic
438 1275 565 1308 sentiet
590 1287 693 1320 supra
723 1276 751 1318 Ι,
775 1279 809 1318 2,
834 1279 893 1310 58.
941 1277 1013 1310 Res
1038 1280 1130 1309 nota.
1167 1271 1340 1317 γνώσεσθε
1365 1275 1448 1308 Με-

102 1350 237 1373 LEAGR.
263 1342 320 1382 93,
346 1342 382 1373 8.
430 1340 510 1373 Non
542 1344 594 1373 est
626 1344 739 1374 autem
765 1351 816 1383 pr.
842 1340 956 1373 futuro
983 1341 1237 1382 coniunctivus,
1271 1344 1309 1373 ut
1333 1340 1449 1373 WUN-

102 1417 323 1441 nnnmcmns
350 1410 486 1448 censet,
520 1407 612 1450 quod
640 1408 669 1441 si
698 1407 860 1440 voluisset
885 1411 1010 1450 poeta,
1036 1407 1069 1440 in
1095 1406 1195 1440 huius
1220 1406 1357 1450 quidem
1381 1390 1449 1439 loci

100 1474 270 1517 gravitate
293 1472 380 1505 sciet
405 1472 584 1507 dicendum
609 1477 684 1506 erat
709 1484 776 1506 non
801 1472 904 1508 sciat,
930 1471 990 1505 sed
1017 1476 1069 1505 est
1094 1483 1145 1516 pr.
1170 1471 1270 1506 scito.
1319 1471 1449 1514 Magna

100 1549 178 1573 cum
203 1539 236 1572 vi
262 1538 457 1583 pronuntiat
476 1538 567 1582 quod
589 1539 662 1583 ipse
688 1549 750 1572 suo
777 1539 934 1583 exemplo
956 1538 1085 1572 didicit.
1136 1539 1296 1572 Ceterum
1321 1537 1451 1581 confer,

101 1605 131 1637 si
165 1603 250 1637 haec
286 1615 486 1648 comparare
520 1606 622 1646 licet,
668 1604 760 1649 apud
796 1605 924 1638 inferos
962 1604 1200 1637 admonentem
1235 1603 1447 1647 Phlegyam:

102 1669 240 1702 Discite
271 1669 451 1702 iustitiam
483 1671 607 1703 moniti
641 1677 676 1703 et
708 1684 778 1704 non
811 1678 963 1703 temnere
990 1670 1107 1706 divos,
1140 1671 1251 1705 VIRG.
1275 1670 1359 1704 Aen.
1386 1671 1447 1712 VI,

104 1739 198 1778 620„
222 1741 258 1770 et
281 1737 436 1770 Ixionem
460 1737 572 1771 PIND.
596 1737 699 1781 Pyth.
724 1739 769 1781 II,
794 1741 860 1773 24:
898 1735 956 1771 τδν
980 1735 1157 1783 ειῗεργέταν
1183 1735 1325 1781 ἀγαναῖς
1350 1735 1448 1778 (ἔμοι-

103 1805 183 1844 βαῖς
207 1803 439 1843 ἕποιχομένους
461 1805 633 1838 τίνεσθαι.

199 1868 242 1902 V.
268 1870 409 1901 23-34.
465 1868 655 1902 Incusat
692 1867 861 1902 Isidem
902 1869 1172 1910 salutarem,
1214 1869 1330 1912 quod
1370 1879 1449 1913 pro

105 1935 280 1979 pietate
303 1935 496 1977 gratiam
521 1935 684 1970 Deliae
709 1946 792 1969 non
817 1936 1041 1969 retulerit
1073 1936 1228 1970 morbo
1263 1935 1315 1968 ab
1341 1946 1452 1968 ama-

105 2007 206 2036 tore
232 2002 444 2046 defenso,
469 2007 667 2047 oratque
691 2007 737 2037 ut
759 2013 872 2037 nunc
897 2003 1056 2037 saltem
1081 2006 1328 2036 succurrat.
1377 2001 1454 2035 No·-

107 2079 170 2102 vus
194 2067 246 2102 hic
272 2069 366 2102 locus
390 2072 443 2101 est
468 2072 506 2101 ut
531 2068 636 2103 vides.
695 2069 892 2102 Transitum
918 2067 999 2102 facit
1024 2079 1085 2112 per
1110 2078 1242 2109 nunc,
1275 2066 1366 2110 quod
1391 2076 1454 2109 ge-

108 2135 253 2168 neratim
276 2134 515 2179 complectitur
539 2134 776 2169 antecedentia
798 2139 833 2168 et
853 2134 1041 2177 significat:
1067 2134 1101 2167 in
1122 2132 1184 2167 hac
1202 2133 1337 2166 miseria
1360 2142 1455 2173 mea;

108 2201 157 2234 sic
182 2200 241 2243 qui
274 2200 422 2233 universi
447 2200 570 2244 prioris
595 2200 662 2234 loci
693 2199 768 2234 fons
797 2204 851 2234 est
881 2199 999 2242 dolor,
1038 2210 1082 2233 ex
1116 2198 1238 2233 eodem
1273 2201 1366 2232 recta
1401 2197 1455 2230 via

108 2265 209 2298 etiam
235 2263 289 2298 hic
313 2265 412 2298 fluxit
435 2276 554 2299 novus.

203 2331 254 2365 De
290 2329 398 2364 Isidis
430 2331 523 2364 cultu
555 2330 645 2376 apud
670 2332 846 2366 Romanos
872 2332 949 2366 vide
975 2332 1209 2365 Bom'rtcssm
1234 2329 1457 2364 Dissertatio-

108 2405 186 2430 nem
210 2396 471 2430 Germanicam:
509 2396 578 2428 Die
610 2396 854 2441 Isis-Vesper
886 2397 978 2430 nach
1010 2397 1119 2429 einem
1151 2395 1457 2429 Herculanisclzen

111 2459 312 2498 Gemdlzlde‚
332 2461 383 2495 in:
409 2460 586 2503 Minerva,
609 2460 858 2494 Tasclzenbuclz
868 2461 906 2508 f.
929 2461 962 2493 d.
976 2461 1067 2495 Jahr
1085 2464 1187 2495 1809.
1212 2460 1332 2506 Leipz.
1351 2463 1457 2495 1808.

111 2536 145 2569 p.
172 2527 360 2568 95-136.‚
395 2536 482 2569 quae
508 2527 611 2560 latine
644 2526 778 2560 reddita
812 2531 864 2561 est
899 2529 933 2561 in
965 2528 1059 2562 Actis
1083 2528 1264 2562 Seminarii
1289 2527 1394 2570 Regii
1420 2532 1456 2560 et

111 2592 297 2625 Societatis
322 2590 546 2636 pliilologicae
578 2593 768 2637 Lipsiensis
803 2594 880 2628 Vol.
906 2593 934 2627 1.
969 2605 1002 2638 p.
1027 2596 1098 2627 265
1122 2604 1196 2636 sqq.
1246 2592 1343 2626 Adde
1369 2602 1456 2635 quae

113 2657 202 2692 idem
228 2658 445 2693 BoB'rTmssn
473 2660 623 2702 pluribus
649 2661 734 2694 locis
770 2661 802 2694 in
837 2658 971 2693 Sabina
1003 2671 1022 2694 a
1057 2671 1094 2694 se
1126 2661 1253 2704 scripta
1288 2658 1459 2703 exposuit.

1027 2729 1086 2768 5*
