1721 2953
590 152 831 195 TIBULLI.
1319 170 1393 197 ccv

160 271 232 308 Illa
261 267 362 308 mihi
390 273 526 305 sancta
557 273 637 316 est,
678 267 772 305 illius
800 263 909 305 dona
940 267 1129 319 sepulcro

214 344 266 382 Et
292 340 518 381 madefacta
546 341 646 380 meis
677 349 785 381 serta
817 342 947 380 feram
977 342 1175 391 lacrimis,

155 420 255 457 Illius
282 415 333 455 ad
364 418 567 456 tumulum
597 417 751 468 fugiam
781 418 1042 471 supplexque
1072 417 1224 457 sedebo

210 491 262 531 Et
290 505 382 530 mea
413 506 506 531 cum
534 500 649 532 muto
683 492 767 532 fata
796 507 950 546 querar
981 493 1131 533 cinere.

675 568 769 575 ——-·

153 604 309 656 Pauper
342 603 419 643 erit
446 612 612 656 praesto
642 605 718 643 tibi
747 619 929 657 semper,
966 620 1112 659 pauper
1141 605 1269 646 adibit

211 679 376 717 Primus
408 688 447 718 et
473 679 518 717 in
543 688 687 719 tenero
720 680 827 719 fixus
858 680 935 720 erit
963 684 1118 730 latere,

159 754 315 806 Pauper
343 754 387 792 in
419 762 591 806 angusto
621 754 727 794 fidus
760 751 894 795 comes
927 756 1085 807 agmine
1116 757 1263 795 turbae

214 829 494 883 Subiicietque
523 844 669 869 manus
701 830 931 883 efficietque
960 831 1090 879 viam,

162 904 321 956 Pauper
349 903 401 943 ad
432 907 613 944 occultos
644 905 787 943 furtim
821 904 994 945 deducet
1027 905 1178 944 amieos

215 979 450 1033 Vinctaque
481 979 530 1019 de
556 980 678 1020 niveo
710 979 899 1019 detrahet
926 981 1014 1032 ipse
1044 978 1165 1032 pede.

50 1050 315 1093 Contrarium
344 1068 611 1106 progressum
641 1056 878 1108 anaphorae
910 1069 933 1094 a
964 1054 1211 1108 specialibus
1253 1052 1305 1092 ad
1333 1067 1401 1105 ge-

48 1128 228 1167 neralius
255 1130 301 1167 in
329 1130 393 1168 his
425 1129 544 1170 vide:

161 1202 223 1242 Sit
251 1203 347 1242 satis
378 1217 398 1242 e
429 1204 624 1244 membris
655 1211 819 1243 tenuem
848 1201 1111 1256 perscindere
1138 1210 1313 1252 vestem,

218 1277 281 1316 Sit
309 1278 404 1317 satis
436 1287 605 1318 ornatus
636 1278 870 1319 dissoluisse
901 1293 1062 1329 comae,

157 1351 219 1393 Sit
247 1353 435 1392 lacrimas
465 1354 643 1395 movisse
675 1354 784 1392 satis.

158 1463 281 1505 Nunc
309 1465 408 1506 Iove
440 1466 516 1505 sub
548 1463 717 1505 domino
752 1464 895 1505 caedes
929 1472 968 1504 et
996 1464 1171 1505 vulnera
1201 1476 1385 1516 semper,

213 1540 336 1580 Nunc
364 1555 499 1591 mare,
528 1534 640 1580 nunc
669 1541 742 1579 leti
768 1540 879 1580 mille
908 1548 1078 1593 repente
1108 1540 1212 1580 viae.

48 1615 307 1657 Praecedunt
340 1618 450 1656 enim
482 1617 601 1656 etiam
634 1616 712 1665 hic,
746 1623 793 1654 ut
821 1616 862 1654 in
895 1614 1152 1656 antecedenti
1181 1616 1287 1663 loco,
1317 1611 1400 1652 duo

48 1692 92 1731 vi
119 1692 235 1743 paria
264 1693 450 1731 membra
484 1706 561 1744 per
589 1691 856 1742 divisionem,
891 1690 986 1729 nunc
1014 1691 1151 1729 caedes
1178 1698 1213 1729 et
1239 1691 1403 1737 vulnera,

49 1781 144 1804 mmo
183 1781 313 1815 mare,
351 1775 440 1805 tum
474 1767 551 1805 toti
589 1767 645 1805 sic
687 1766 938 1816 compositae
978 1764 1202 1803 sententiae
1239 1763 1404 1802 additur

49 1841 264 1892 generalis.
330 1841 466 1894 Atque
504 1840 560 1879 ita
602 1841 865 1891 coniungitur
893 1840 937 1878 in
977 1840 1042 1879 his
1074 1840 1273 1892 exemplis
1305 1840 1403 1877 alias

50 1917 170 1956 aliter
199 1915 354 1968 duplex
382 1916 618 1967 anaphorae
647 1928 768 1960 usus,
805 1929 928 1968 quem
959 1916 1224 1967 explicamus.
1291 1916 1404 1954 Haec

52 1991 278 2032 hactenus.-
330 1991 555 2043 Postquam
598 1988 702 2029 duos
745 1990 946 2041 legitimos
985 1989 1130 2029 modos
1168 1990 1408 2050 anaphorae

50 2066 254 2118 persecuti
295 2079 458 2115 sumus,
495 2066 624 2105 verbo
655 2066 699 2104 in
736 2065 816 2104 fine
848 2064 1144 2116 distinguamus
1179 2078 1249 2105 eos
1278 2066 1404 2114 locos,

52 2141 126 2180 ubi
157 2141 272 2180 nulla
299 2140 392 2180 talis
419 2141 524 2180 ratio
555 2142 855 2189 membrorum,
897 2149 965 2180 ut:

164 2217 273 2255 Tum
303 2216 465 2256 veniam
495 2216 631 2255 subito
665 2230 741 2256 nec
771 2216 992 2270 quisquam
1022 2217 1183 2256 nuntiet
1213 2224 1328 2266 ante,

223 2290 304 2330 Sed
331 2290 474 2332 videar
504 2293 614 2331 eaelo
643 2292 790 2331 missus
823 2291 963 2332 adesse
996 2293 1085 2331 tibi.

167 2367 285 2406 Tunc
317 2367 439 2416 mihi,
470 2367 600 2419 qualis
631 2367 729 2416 eris,
764 2368 909 2418 longos
938 2369 1102 2406 turbata
1131 2367 1319 2420 capillos,

223 2440 358 2482 Obvia
388 2440 562 2481 nudatos
591 2441 712 2480 Delia
745 2456 863 2481 curre
894 2441 1012 2494 pede.

57 2516 322 2568 Perspicuum
351 2525 410 2557 est
433 2517 595 2557 diverso
626 2515 750 2557 modo
781 2518 883 2570 poni
911 2519 1125 2571 repetitam
1148 2521 1405 2572 particulam,

60 2605 193 2644 neque
223 2593 399 2634 habetur
426 2594 491 2633 hic
514 2608 610 2634 vera
644 2594 875 2646 anaphora,
906 2609 1011 2647 quae
1038 2600 1246 2636 continuam
1278 2601 1405 2636 seriem
