1721 2953
279 113 436 141 cxxvm
837 93 913 133 DE
945 90 1106 134 POESI

388 214 475 256 Nec
507 211 603 252 sinit
633 215 821 249 occurrat
849 207 1090 262 quisquam,
1130 209 1203 263 qui
1228 223 1403 264 corpora
1435 211 1548 251 ferro

442 290 647 329 Vulneret
675 292 744 324 aut
771 292 888 338 rapta
919 284 1103 336 praemia
1131 293 1243 325 veste
1273 293 1397 339 petat.

384 433 505 474 Nunc
524 430 626 470 levis
645 436 704 467 est
731 427 941 468 tractanda
958 429 1115 479 Venus,
1147 427 1244 468 dum
1261 430 1449 484 frangere
1482 440 1618 484 postes

440 507 539 547 Non
571 503 700 558 pudet
728 512 768 543 et
795 503 907 544 rixas
940 504 1159 544 inseruisse
1191 505 1320 547 iuvat.

385 639 571 679 Desistas
601 635 815 676 lacrimare
846 650 974 688 puer:
1018 650 1104 675 non
1138 637 1340 687 frangitur
1371 637 1441 677 illa

439 716 492 755 Et
518 723 589 754 tua
617 714 699 753 iam
728 712 830 753 fletu
856 712 1015 752 lumina
1044 712 1151 751 sessa
1180 719 1352 752 tument.

382 848 494 889 Nota
520 846 665 886 Venus
693 837 846 885 furtiva
874 843 976 883 mihi
1007 851 1089 894 est,
1126 851 1171 883 ut
1199 844 1302 883 lenis
1333 851 1475 896 agatur

435 925 635 977 Spiritus,
670 930 717 962 ut
743 936 818 961 nec
848 920 943 961 dent
974 921 1113 960 oscula
1141 929 1260 973 rapta
1289 935 1452 962 sonum.

269 1027 488 1064 Praeterea
517 1020 639 1059 etiam
667 1033 742 1072 per
772 1019 854 1059 duo
878 1017 1050 1060 disticha
1079 1016 1314 1058 extenditur
1337 1018 1530 1071 bipartita
1557 1019 1617 1058 di-

267 1101 393 1149 visio,
434 1105 481 1137 ut
510 1101 546 1147 1,
564 1100 601 1147 6,
620 1100 705 1136 25:

381 1192 533 1244 Saepe,
570 1190 685 1231 velut
715 1202 891 1241 gemmas
921 1189 1008 1228 eius
1039 1187 1282 1241 signumque
1310 1189 1554 1240 probarem,

438 1268 520 1306 Per
550 1279 713 1304 causam
743 1264 910 1303 memini
939 1278 1004 1302 me
1034 1265 1209 1315 tetigisse
1239 1278 1430 1304 manum:

382 1343 513 1396 Saepe
540 1354 655 1381 mero
686 1354 877 1380 somnum
904 1340 1049 1393 peperi
1078 1341 1177 1389 tibi,
1216 1348 1257 1378 at
1283 1342 1370 1392 ipse
1400 1342 1590 1380 bibebam

435 1418 584 1458 Sobria
615 1416 825 1469 supposita
857 1416 1005 1467 pocula
1035 1414 1166 1456 victor
1199 1428 1318 1467 aqua.

268 1512 384 1554 Adde
423 1514 464 1563 Ι,
504 1515 552 1562 5,
583 1514 757 1551 37-39.
802 1510 843 1558 Ι,
877 1512 924 1557 9,
956 1510 1129 1546 25-28.
1180 1507 1241 1555 Π,
1272 1508 1320 1556 4,
1353 1509 1493 1546 7-10.
1522 1507 1617 1543 21-

267 1591 336 1630 24.
365 1597 404 1628 et
433 1588 545 1628 alias.
604 1583 963 1634 Quemadmodum
995 1585 1117 1623 etiam
1145 1584 1351 1635 tripartita
1380 1582 1526 1622 divisio
1556 1583 1617 1621 la-

266 1666 348 1705 tius
377 1673 510 1717 potest
548 1662 735 1713 extendi,
777 1663 827 1701 cf.
857 1663 898 1711 I,
931 1665 977 1711 6,
1009 1661 1186 1709 11-14,
1228 1668 1266 1698 et
1299 1664 1468 1712 77-80.
1507 1659 1546 1707 Ι,
1579 1663 1615 1706 8,

268 1741 444 1780 43—46.
512 1741 649 1794 Atque
688 1739 746 1779 ita
784 1737 899 1779 vides
938 1744 1139 1791 quantum
1181 1744 1319 1788 pateat
1359 1735 1503 1775 divisio
1544 1749 1618 1787 per

267 1819 404 1858 omnia
434 1831 583 1868 genera
611 1815 900 1869 periodorum,
949 1805 1074 1867 quam
1117 1828 1208 1853 cum
1249 1828 1373 1866 supra
1404 1827 1533 1852 unum
1565 1827 1616 1851 ex

266 1893 626 1948 praestantissimis
659 1892 837 1932 artificiis
871 1891 1067 1930 orationis
1099 1891 1298 1941 elegiacae
1321 1889 1518 1939 dixerim,
1549 1891 1617 1929 hoc

267 1976 344 2025 ipso
378 1971 536 2010 Tibullus
565 1973 616 2007 sic
647 1983 734 2006 usus
762 1976 813 2007 est
842 1976 881 2007 ut
911 1969 1004 2006 alius
1033 1982 1150 2006 nemo.
1220 1965 1349 2005 Modo
1380 1966 1535 2018 ubique
1568 1979 1616 2004 eo

269 2045 467 2087 attendas.
525 2045 659 2097 Atque
691 2044 865 2082 observa
894 2055 1067 2092 mecum,
1098 2049 1352 2095 quantopere
1384 2048 1500 2078 acuat
1516 2040 1616 2079 haec

267 2137 332 2162 res
365 2122 590 2162 orationem
615 2105 897 2158 ⁸concinnitate
935 2133 1110 2158 nervosa
1152 2127 1192 2157 et
1223 2118 1480 2170 oppositione
1511 2116 1617 2155 mul-

268 2198 396 2250 tiplici
428 2210 566 2236 rerum
599 2205 638 2234 ct
667 2196 905 2235 verborum.
960 2195 1143 2233 Primum
1175 2194 1432 2246 simplicitate
1461 2200 1501 2230 et
1522 2205 1617 2243 per-

268 2275 478 2327 spicuitate
507 2271 717 2310 distinctae
749 2279 844 2308 sunt
879 2271 953 2308 hae
985 2269 1227 2319 divisiones3
1268 2283 1358 2308 cum
1396 2282 1495 2309 vero
1528 2268 1616 2306 lan-

268 2357 417 2401 gueant
461 2349 681 2394 obscurae,
723 2346 987 2393 artificiosae,
1042 2347 1162 2397 longe
1209 2347 1382 2398 petitae,
1433 2345 1616 2394 vigorem

268 2427 421 2465 habent
460 2425 685 2475 simplices,
730 2423 886 2470 clarae,
927 2423 1190 2473 perspicuae,
1230 2421 1356 2460 veluti
1399 2433 1547 2458 messes
1578 2428 1617 2458 et

267 2504 375 2550 vina,
406 2502 527 2540 facies
561 2507 599 2537 et
630 2498 787 2549 capilli,
818 2506 938 2550 caput
969 2508 1006 2537 et
1034 2498 1171 2550 pedes,
1202 2505 1332 2535 vestes
1362 2504 1400 2534 ct
1434 2496 1616 2543 amictus,

269 2592 414 2617 aurum
449 2584 488 2615 et
515 2575 619 2627 agri,
652 2572 785 2613 undae
817 2574 940 2613 maris
971 2582 1007 2613 et
1033 2574 1159 2623 venti,
1187 2573 1336 2612 imbres
1366 2580 1402 2611 et
1432 2571 1615 2620 fulmina,
