1721 2953
464 140 609 183 LIBR.
637 140 670 181 Ι.
727 138 887 180 ELEG.
917 141 991 181 IX.
1325 146 1399 181 189

51 263 166 307 operis
190 260 359 303 Venerei,
385 256 544 303 σχήματα
570 257 633 301 τῆς
656 252 876 301 Ἀφροδίτης.
912 259 1019 291 Ovio.
1046 258 1119 291 Art.
1147 257 1222 292 Am.
1247 257 1292 300 ΙΙ,
1317 260 1400 292 679.

52 330 114 373 ΙΙΙ,
138 333 218 363 787.
269 328 356 362 Add.
381 327 485 360 Trist.
512 325 556 366 ΙΙ,
581 327 662 358 523.
689 324 879 356 MAR'rnr..
907 323 968 365 IX,
996 335 1050 368 ep.
1076 327 1133 357 69.
1161 323 1287 357 Tibull.
1314 324 1401 357 infra

54 397 99 438 Π,
117 400 150 437 6,
166 398 223 430 52.
237 412 280 421 -
307 393 619 437 disposuisse,
645 391 754 424 Ovm.
775 391 908 424 Amorr.
930 391 990 432 Ill,
1006 394 1038 431 7,
1055 392 1119 424 64:
1147 402 1233 436 quos
1251 401 1314 435 ego
1333 402 1402 422 non

45 462 145 507 finxi
167 459 391 506 disposuique
415 459 542 491 modos.
595 458 671 491 Hoc
697 462 750 491 est
771 468 838 500 quo
861 457 978 490 ordine
1005 458 1164 500 excipere
1189 467 1226 490 se
1246 456 1403 490 debeant.

54 530 235 564 Postremo
259 531 335 562 aut
359 528 507 571 positum
528 529 591 567 est,
614 529 652 558 ut
671 535 774 568 supra
796 525 822 566 I,
845 526 879 565 4,
897 527 953 557 48.
979 528 1014 557 et
1035 525 1224 558 Pnorsswr.
1244 524 1271 566 Ι,
1287 527 1320 565 9,
1342 527 1382 556 10
1396 548 1408 564 ,

54 595 87 627 in
113 594 373 637 amplificatione
400 591 552 625 eiusdem
584 590 654 631 rei,
689 600 766 622 cum
797 589 942 632 primum
982 589 1210 631 indefinitius,
1244 594 1317 623 tum
1342 589 1406 623 de-

53 660 181 692 finitius
209 659 342 692 dicitur.
392 657 481 691 Vide
511 656 618 689 multa
654 654 812 698 exempla
846 654 1068 687 disiunctivae
1106 655 1313 698 particulae,
1348 655 1407 687 ubi

55 725 282 768 copulativam
308 728 508 767 exspectes,
541 722 575 754 in
600 720 746 753 ΗΕΥΝΠ
779 719 928 752 editione
966 720 1060 762 Virg.
1087 721 1164 753 mai.
1191 731 1211 753 a
1235 721 1408 763 Wagnero

56 793 195 831 curata,
220 789 261 822 T.
286 788 347 830 IV,
372 800 405 832 p.
429 791 510 821 577.
532 804 576 811 —-
603 786 645 820 V.
672 787 717 818 65
738 795 812 827 sqq.
862 785 917 817 At
952 790 1026 817 tua
1062 786 1339 829 perdidicit,
1373 790 1410 819 at

56 859 116 888 tua
141 858 254 888 tamen
279 864 366 887 uxor
390 854 488 897 plane
513 852 632 885 didicit
656 855 772 894 turpes
807 850 866 883 has
899 855 1008 890 artem,
1046 856 1084 884 ut
1117 863 1184 885 non
1218 852 1319 886 cedat
1352 863 1412 885 so-

56 920 137 954 rori.
166 939 212 945 ——
249 930 330 953 non
364 921 505 953 solita
540 919 591 952 ab
626 923 743 960 arte,
778 918 914 951 insolita
938 922 1029 960 arte,
1056 918 1099 951 cf.
1125 919 1152 960 I,
1180 922 1213 960 5,
1239 922 1271 954 4.
1321 920 1412 952 Sen-

57 996 134 1020 sus:
170 986 225 1019 Tu
251 996 318 1018 non
342 986 468 1027 sentis,
502 996 578 1019 cum
604 996 719 1018 coram
744 989 778 1017 te
805 983 974 1026 habitum,
1000 991 1156 1027 gestum,
1180 991 1309 1019 motum
1335 996 1412 1019 cor-

58 1056 153 1100 poris
177 1054 219 1087 ad
245 1055 420 1087 mollitiem
446 1058 480 1087 et
507 1054 718 1087 libidinosam
746 1054 918 1086 lasciviam
943 1054 1128 1097 componit,
1153 1065 1253 1097 quam
1280 1055 1313 1087 iu
1339 1064 1412 1088 rem

61 1121 150 1155 conf.
178 1122 322 1154 Honm.
346 1120 408 1162 Ill,
433 1123 466 1161 6,
489 1123 545 1154 21.
572 1120 652 1162 ibiq.
680 1120 918 1152 Mrrscussm..
967 1119 1024 1151 Tu
1050 1130 1142 1161 vero,
1168 1120 1216 1152 ait
1242 1120 1414 1162 Tibullus,

61 1186 139 1220 hinc
165 1188 356 1229 intelligere
382 1185 507 1218 dudum
530 1185 700 1226 debebas,
738 1195 812 1218 eam
838 1184 961 1217 ceteris
988 1194 1124 1227 quoque
1150 1185 1304 1218 omnibus
1329 1185 1416 1218 arti-

63 1255 127 1288 bus
155 1255 252 1288 malis
287 1264 360 1286 esse
389 1253 563 1286 imbutam.
615 1253 674 1285 Sic
709 1263 774 1285 non
810 1262 895 1296 opus
930 1251 1064 1285 videtur
1088 1257 1126 1285 ut
1151 1253 1193 1285 de
1220 1253 1353 1285 lascivis
1379 1248 1422 1285 iu*

62 1321 207 1354 maritali
231 1320 389 1362 amplexu
414 1319 562 1351 motibus
596 1317 741 1350 feminae
777 1318 888 1350 locum
924 1328 1000 1350 cum
1026 1318 1100 1350 aliis
1127 1318 1327 1360 quibusdam
1354 1329 1414 1351 ac-

64 1389 240 1432 cipiamus.
292 1387 345 1419 De
381 1386 516 1418 incessu
551 1384 705 1416 Ovmms
740 1385 814 1416 Art.
851 1386 926 1416 Am.
951 1383 1013 1424 llI,
1039 1386 1130 1416 301:
1171 1386 1272 1415 Haec:
1306 1391 1419 1418 movet

64 1461 143 1488 arte
176 1453 288 1486 latus.
313 1471 354 1478 —
398 1462 476 1496 pro
510 1455 572 1493 te,
609 1451 680 1484 tibi.
706 1469 754 1474 —
791 1451 932 1484 denso
968 1450 1120 1490 dente,
1159 1450 1302 1492 pectinis
1337 1455 1420 1494 puta

67 1523 208 1563 dentati,
232 1521 323 1565 quod
348 1520 480 1553 elicitur
506 1530 525 1552 e
550 1519 654 1553 verbo
674 1524 822 1562 pectere.
871 1517 959 1550 Nam
985 1516 1068 1550 dens
1089 1527 1151 1560 pro
1171 1518 1420 1561 compositione

65 1589 177 1622 varios
201 1587 413 1629 significatus
438 1585 548 1618 habet.
607 1571 717 1617 Porro
742 1584 950 1625 singularem
985 1583 1156 1626 poeticum
1189 1582 1292 1615 (ἴω-[ευ
1319 1582 1421 1615 dente

67 1664 118 1697 pr.
143 1653 256 1686 densis
281 1651 437 1685 dentibus
463 1655 497 1683 et
523 1649 576 1682 hic
601 1649 748 1682 illustrat
773 1649 1114 1689 Wmmnnmcmus,
1145 1652 1181 1681 et
1206 1659 1307 1691 supra
1333 1649 1358 1690 I,
1386 1652 1420 1691 3,

69 1721 127 1751 28.
153 1717 343 1750 illustrarit.
393 1715 470 1748 'Non
506 1718 558 1746 est
589 1718 702 1747 autem
727 1714 873 1746 otiosum
901 1712 1025 1748 denso,
1059 1717 1097 1746 ut
1122 1713 1195 1756 ipse
1222 1714 1336 1754 vides,
1372 1715 1420 1747 si-

70 1783 206 1826 quidem
237 1792 315 1815 raro
340 1781 442 1814 dente
467 1791 533 1814 non
560 1779 646 1813 bene
672 1780 820 1823 pectitur
845 1789 954 1813 coma.
1012 1777 1116 1812 Nihili
1142 1789 1223 1812 vero
1250 1784 1305 1812 est
1330 1780 1423 1823 quod

70 1849 232 1882 BAcmus
267 1847 440 1891 epitheton
479 1847 519 1879 ad
556 1846 730 1878 materiem
766 1845 910 1888 pectinis
948 1834 1051 1888 putat*
1078 1845 1198 1878 referri
1234 1856 1348 1889 posse.
1373 1865 1422 1871 —

73 1915 116 1949 V.
140 1918 186 1947 69
211 1926 261 1957 sq.
310 1914 405 1947 Ista
431 1913 539 1947 haec
567 1912 819 1957 persuadet
845 1912 1011 1953 sacieS,
1046 1913 1195 1954 ironice,
1231 1916 1268 1945 ut
1293 1913 1426 1946 monuit

72 1992 101 2015 c.
127 1981 290 2015 Munssro
316 1985 351 2013 et
375 1980 515 2014 VULmo
542 1980 724 2013 Hermus.
774 1979 936 2020 Scilicet,
972 1979 1099 2021 inquit,
1134 1979 1199 2012 ista
1226 1984 1282 2012 tua
1309 1979 1427 2013 defor-

74 2049 137 2083 mis
162 2052 197 2082 et
221 2051 310 2082 tetra
335 2048 439 2081 facies
466 2047 650 2091 persuadet
678 2048 742 2088 illi,
779 2051 816 2079 ut
840 2046 987 2079 armillas
1012 2056 1134 2078 aureas
1159 2050 1258 2088 gerat
1285 2050 1318 2078 et
1345 2055 1427 2089 pur-

73 2126 160 2161 pura
196 2126 234 2149 se
266 2115 402 2148 vestiat.
450 2115 530 2145 Ista
567 2113 653 2144 lzaec
689 2114 810 2155 iunge,
844 2112 946 2144 veluti
984 2112 1154 2145 PLAU'rth
1190 2110 1355 2154 Amphitr.
1382 2111 1428 2153 Π,

73 2185 109 2224 2,
136 2184 217 2214 125.
241 2181 342 2214 dicitz
382 2179 460 2212 Scio
483 2179 556 2212 ista
583 2178 670 2210 llaec
687 2178 820 2224 sueta,
847 2176 996 2221 proinde
1022 2182 1063 2209 ut
1093 2175 1248 2222 eloquor.
1297 2175 1427 2209 Notum

76 2254 130 2284 est
161 2250 228 2281 iste
261 2247 443 2282 secundam
477 2258 655 2292 personam
689 2246 894 2289 significare.
954 2246 1065 2288 Atque
1100 2244 1187 2276 haee
1223 2249 1327 2287 auget
1363 2245 1429 2277 vim

77 2317 217 2350 ironiae.
277 2315 315 2349 Si
341 2318 459 2348 contra
483 2314 661 2356 iungeres:
701 2311 885 2355 persuadet
912 2308 1019 2351 haec,
1054 2314 1148 2342 recte
1174 2313 1290 2343 monet
1314 2310 1430 2343 Wun-

80 2391 304 2416 nuumemus
338 2381 396 2413 vix
430 2379 550 2413 abesse
584 2388 686 2422 posse
720 2382 774 2409 ut.
824 2375 924 2408 Nunc
959 2376 1192 2408 constructio:
1224 2375 1431 2418 pers-under,

80 2446 215 2480 vinciat
241 2451 275 2477 et
295 2444 460 2490 prodeat,
485 2448 537 2477 est
561 2444 670 2486 qualis
696 2442 787 2486 apud
813 2443 1048 2474 SALLUSTIUM
1073 2440 1308 2484 lugurtb.35=
1337 2442 1433 2473 Huic

81 2514 141 2557 Sp.
167 2512 342 2549 Albinus,
381 2512 443 2558 qui
462 2523 635 2556 proxumo
661 2521 753 2542 anno
783 2515 867 2553 post
893 2508 1078 2542 Baestiam
1103 2521 1180 2541 cum
1207 2510 1248 2552 Q.
1274 2508 1435 2541 Minucio

79 2576 182 2623 Rufo
205 2576 428 2610 consulatum
452 2575 617 2623 gerebat,
646 2574 837 2620 persuadet
866 2575 1032 2620 quoniam
1055 2586 1098 2606 ex
1123 2575 1234 2618 stirpe
1259 2574 1436 2607 Masinis-

82 2654 144 2677 sae
189 2643 238 2676 sit
274 2643 561 2690 Iugurthamque
608 2639 648 2675 ol>
688 2640 820 2675 scelera
859 2639 996 2672 invidia
1036 2652 1114 2672 cum
1156 2646 1248 2673 metu
1296 2644 1435 2684 urgeat,
