1721 2953
275 133 339 176 50
676 125 713 170 T
718 123 919 170 IBULLI
969 123 1080 169 Llss.
1109 122 1161 167 ΙΙ.
1187 132 1220 168 4.

331 254 390 300 At
420 252 530 299 mihi
552 268 633 316 pcr
660 248 841 296 caedem
871 259 911 296 et
932 247 1108 295 facinus
1132 256 1237 293 sunt
1259 244 1381 291 dona
1407 242 1625 309 paranda,

394 341 461 386 Nc
496 339 663 385 iaceam
702 335 897 383 clausam
930 334 1092 382 flebilis
1122 344 1222 380 ante
1254 331 1462 378 domum:

327 427 419 473 Aut
453 423 624 488 rapiam
663 440 881 488 suspensa
913 421 1052 468 sacris
1086 419 1283 483 insignia
1317 416 1460 464 fanis:

398 510 490 559 Sed
524 512 677 558 Venus
715 521 816 556 ante
847 507 957 555 alios
998 519 1063 554 est
1095 505 1306 553 violanda
1341 503 1464 552 mihi.

276 612 321 647 25
335 599 415 646 Illa
450 596 619 645 malum
651 596 828 643 facinus
857 594 1015 642 suadet
1050 593 1370 658 dominamque
1405 608 1614 656 rapacem

401 687 490 733 Dat
526 683 661 732 mihi:
708 681 948 744 sacrilegas
984 680 1144 727 sentiat
1178 678 1254 725 illa
1289 695 1462 724 manus.

339 773 380 820 O
412 782 584 837 percat,
625 769 882 835 quicunqne
917 765 1025 830 legit
1058 765 1314 829 viridesque
1350 761 1614 825 smaragdos

401 859 459 904 Et
493 857 666 903 niveam
701 854 842 922 Tyrio
878 851 1048 899 murice
1077 850 1211 914 tingit
1241 867 1379 896 ovem.

336 946 421 993 Hic
460 945 536 992 dat
567 943 775 991 avaritiae
812 959 970 989 causas
1007 951 1049 987 et
1084 939 1176 986 Coa
1211 936 1372 1003 puellis

281 1046 329 1080 30
407 1031 554 1080 Vestis
591 1041 633 1077 et
665 1048 686 1076 e
718 1028 859 1075 rubro
894 1025 1045 1073 lucida
1083 1023 1255 1072 concha
1286 1021 1413 1069 mari.

338 1121 461 1166 Haec
497 1117 642 1164 fecere
675 1114 841 1162 malas:
889 1113 996 1159 hinc
1034 1110 1190 1158 clavim
1226 1110 1363 1156 ianua
1398 1105 1537 1154 sensit

404 1205 462 1252 Et
495 1202 642 1269 coepit
675 1212 823 1249 custos
855 1197 1022 1246 liminis
1056 1215 1150 1244 esse
1183 1195 1321 1244 canis.

341 1292 455 1348 Sed,
489 1289 683 1355 pretium
720 1288 757 1333 si
795 1285 966 1350 grande
1002 1284 1139 1340 feras,
1175 1279 1380 1330 custodia
1414 1278 1529 1325 victa
1562 1288 1640 1334 est,

407 1378 500 1424 Nec
532 1374 777 1440 prohibent
811 1371 978 1427 claves,
1026 1381 1069 1416 et
1103 1368 1226 1416 canis
1263 1367 1360 1431 ipse
1392 1376 1519 1413 tacet.

289 1466 447 1512 35IIeu
483 1461 740 1527 quicunque
778 1457 902 1504 dedit
938 1455 1128 1503 formam
1166 1451 1365 1500 caelestis
1402 1467 1582 1507 avarae,

414 1548 559 1613 Quale
595 1548 766 1594 bonum
795 1542 946 1591 multis
983 1540 1128 1589 attulit
1161 1539 1234 1587 ille
1271 1537 1422 1585 malis!

340 1637 458 1684 Hinc
494 1635 623 1681 fletus
659 1633 868 1696 rixaeque
905 1639 1086 1685 sonant⁷
1133 1626 1244 1672 haec
1282 1623 1477 1688 denique
1508 1639 1642 1669 causa

408 1721 534 1769 Fecit
568 1731 618 1766 ut
651 1718 833 1765 infamis
868 1716 942 1762 hic
980 1714 1090 1761 deus
1129 1723 1243 1759 esset
1276 1710 1430 1758 Amor.

347 1809 408 1855 At
440 1807 545 1864 tibi⁷
589 1823 702 1871 quae
738 1802 882 1869 pretio
918 1801 1056 1849 victos
1093 1797 1291 1846 excludis
1329 1806 1550 1852 amantes,

294 1908 342 1944 40
420 1893 627 1958 Eripiant
659 1902 810 1956 partas
845 1899 1002 1935 ventus
1039 1898 1081 1932 ct
1114 1884 1232 1948 ignis
1267 1901 1399 1948 opes:

350 1981 476 2045 Quin
512 1992 588 2026 tua
623 1990 717 2024 tum
750 1976 931 2022 iuvenes
969 1982 1168 2037 spectent
1202 1968 1414 2016 incendia
1448 1967 1576 2024 laeti,

418 2068 511 2114 Nec
549 2064 788 2131 quisquam
823 2060 1027 2107 flammae
1065 2055 1247 2105 sedulus
1286 2054 1424 2102 addat
1458 2070 1621 2118 aquam

397 2278 510 2311 V.30.
539 2276 654 2317 Vulgo
680 2286 701 2304 a
728 2274 856 2305 incerto
882 2275 1032 2304 anctore.
1083 2267 1211 2313 Optimi
1239 2278 1293 2311 ap.
1318 2266 1580 2299 LAcnmANNUM
1609 2274 1650 2306 ες

303 2344 390 2378 adde
420 2344 520 2376 ctiam
552 2341 732 2374 Hnscmm
765 2337 1030 2370 annotationem.

403 2438 442 2471 V.
459 2439 515 2469 36.
543 2436 611 2468 Pro
639 2434 784 2466 lectione
820 2432 981 2464 librorum
1014 2428 1179 2462 attulit
1211 2427 1313 2459 l'mm
1342 2421 1480 2454 addidit
1509 2421 1561 2453 vel
1588 2418 1651 2451 ab-

308 2504 410 2538 didit.
467 2503 556 2535 Tum
590 2500 664 2532 libri
700 2499 769 2531 sere
804 2497 898 2541 ipse,
932 2497 1088 2529 Puccms
1123 2493 1217 2525 ille.
1268 2488 1365 2522 Conf.
1395 2487 1438 2520 ad
1470 2487 1503 2528 Ι,
1529 2488 1570 2527 2,
1596 2489 1651 2519 60.

401 2599 516 2633 V.40.
544 2593 727 2639 Dirisiant
757 2593 1015 2625 Bnovxnnsms
1052 2599 1095 2623 ex
1125 2587 1218 2621 libris
1250 2585 1374 2619 nullius
1407 2582 1627 2617 auctoritatis.
