1721 2953
276 125 321 148 cx
334 126 402 148 xxi
803 107 875 146 DF.
912 107 1067 150 POESI

273 221 618 276 quemadmodum
646 221 833 274 pluribus
861 222 903 260 in
929 221 1235 264 Commentario
1264 224 1313 264 ad
1340 224 1613 267 illum'locum

272 302 463 353 explicui.
522 298 671 339 Similis
705 311 769 336 res
800 298 841 337 iu
874 301 972 340 hoc:

382 390 564 426 ljrcutur
594 383 737 435 facies,
776 393 949 425 urentur
979 385 1063 424 sole
1095 385 1251 438 capim,

437 462 604 499 Deteret
630 457 832 499 invalidos
862 467 901 498 et
932 459 996 498 via
1027 459 1145 509 longa
1176 460 1314 511 pedes,

255 560 304 591 ,er
335 551 375 587 in
408 550 506 588 hoc:

376 625 548 666 Frustra
576 624 657 663 iam
690 630 845 672 vestes,
885 623 1038 662 trustra
1069 629 1279 663 mutantur
1310 622 1500 673 amictus,

429 700 623 753 Ansaque
655 711 907 751 compressos
938 696 1089 749 colligit
1119 706 1206 738 arta
1233 697 1378 751 pedes,

265 790 335 827 ubi
376 789 615 828 hexameter
650 785 846 839 bipartito
879 783 929 824 de
971 785 1255 838 superioribus
1296 785 1482 839 partibus
1522 799 1611 826 cor-

263 863 397 915 poris,
443 871 696 916 pentameter
725 862 774 902 de
804 861 978 915 pedibus
1010 863 1102 913 agit.
1167 864 1303 916 Atque
1338 864 1395 903 ita
1433 863 1478 902 in
1508 863 1608 903 aliis,

261 939 413 980 Vidisti
441 940 484 978 in
516 940 708 980 omnibus
734 939 864 980 allatis
887 939 1085 992 exemplis
1109 938 1210 979 (luas
1237 939 1453 992 primarias
1473 949 1607 992 partes
1643 975 1653 983 .

261 1015 508 1064 sententiae3
555 1014 643 1054 dixi
679 1028 779 1055 vero
822 1014 943 1053 etiam
981 1014 1228 1068 tripartitam
1260 1013 1503 1056 divisionem
1542 1029 1608 1054 re-

261 1091 388 1142 periri
416 1088 636 1130 interdum.
693 1089 759 1129 Sic
787 1090 833 1129 in
860 1090 962 1130 hoc:

370 1176 463 1217 Neu
499 1176 672 1228 strepitu
705 1183 854 1215 terrete
888 1173 1062 1228 pedum,
1106 1189 1186 1215 neu
1225 1177 1410 1228 quaerite
1443 1189 1606 1216 nomen.

426 1253 520 1294 Neu
551 1266 682 1306 prope
713 1253 885 1305 fulgenti
914 1252 1072 1291 lumina
1102 1252 1203 1292 ferte
1234 1253 1344 1302 face,

259 1348 296 1379 et
326 1341 367 1379 in
398 1342 499 1380 hoc:

368 1415 454 1456 Ure
487 1429 624 1455 meum
656 1413 794 1467 potius
823 1414 986 1454 flamma
1018 1422 1158 1466 caput,
1195 1422 1233 1453 et
1263 1422 1355 1466 pete
1389 1415 1499 1454 ferro

423 1491 608 1544 Corpus,
648 1498 687 1529 et
713 1490 867 1528 intorto
898 1490 1070 1530 verbere
1102 1497 1215 1541 terga
1243 1503 1346 1530 seca.

257 1582 402 1635 Neque
431 1588 567 1620 tamen
598 1579 792 1631 frequens
820 1591 908 1629 res;
948 1577 1125 1630 legitima
1157 1586 1216 1617 est
1239 1577 1433 1630 bipartita
1458 1578 1605 1619 forma.

261 1656 319 1696 Ad
352 1659 454 1696 hanc
482 1655 604 1707 igitur
632 1652 874 1699 redeamus,
918 1661 957 1692 et
985 1667 1283 1706 persequamur
1312 1668 1422 1693 nunc
1452 1662 1604 1694 ceteras

255 1732 524 1771 distichorum
553 1730 720 1779 formas,
748 1729 792 1768 in
816 1729 966 1782 quibus
993 1742 1040 1767 ea
1070 1737 1291 1781 comparet.
1347 1730 1404 1769 Ac
1424 1730 1604 1789 primum

255 1807 418 1858 quidem
451 1815 510 1846 est
539 1806 611 1845 ubi
639 1806 829 1858 opposita
852 1807 1053 1846 sententia
1081 1804 1310 1858 praecedit,
1339 1814 1428 1846 tum
1458 1805 1603 1848 divisio

255 1885 462 1937 sequitur,
502 1889 546 1921 ut
574 1881 618 1919 in
647 1881 733 1919 his:

365 1966 430 2003 Tu
463 1962 608 2001 Manes
643 1975 694 1999 ne
725 1958 842 1999 laede
875 1973 1007 2009 meos,
1049 1959 1119 2000 sed
1153 1974 1275 2013 parce
1309 1962 1451 2000 solutis

425 2037 620 2077 Crinibus
652 2043 691 2075 et
720 2034 892 2084 teneris,
932 2035 1076 2084 Delia,
1119 2050 1241 2088 parce
1272 2036 1398 2087 genis.

366 2152 451 2192 Nec
484 2149 600 2190 (locet
631 2150 709 2190 hoc
740 2163 905 2200 omue5‚
939 2149 1010 2190 sed
1043 2164 1147 2203 quos
1178 2164 1251 2189 nec
1280 2148 1424 2188 inertia
1456 2147 1600 2190 tardat.

422 2227 507 2267 Nec
539 2234 647 2266 vetat
680 2226 855 2265 obscura
885 2239 1050 2276 surgere
1081 2233 1200 2265 nocte
1231 2225 1367 2264 timor·

364 2342 449 2379 Ner
479 2337 656 2392 pecudes
688 2339 799 2379 velut
827 2346 920 2378 ante
951 2338 1052 2390 petit
1083 2335 1259 2392 (Amor):
1288 2338 1423 2379 fixisse
1443 2338 1597 2389 puellas

419 2417 548 2455 Gestit
583 2424 620 2455 et
653 2415 824 2456 audaces
860 2416 1144 2469 perdomuisse
1175 2416 1299 2456 viros.

255 2510 294 2545 ln
328 2507 415 2545 aliis
447 2506 545 2546 loeis
576 2506 775 2545 sementia
808 2507 921 2560 prior
948 2507 1148 2559 generalis
1185 2514 1254 2555 est,
1289 2505 1475 2557 sequitur
1506 2518 1595 2556 spe—

252 2583 360 2620 ciali<
396 2581 523 2619 divisa
559 2582 765 2631 partibus:
