1721 2953
602 152 838 195 'slssULLL
1313 170 1387 194 cxv

47 275 224 328 puellam
264 270 391 311 voluit
432 270 509 309 hoc
546 268 748 316 carmine,
796 267 905 320 quod
940 283 1021 309 non
1054 281 1269 320 possumus
1307 285 1387 308 nou

48 350 233 398 eredere,
283 346 383 387 duas
426 346 601 386 debebat
641 346 750 384 hunc
790 345 832 383 in
875 345 1041 386 modum
1081 346 1214 385 facere
1255 354 1386 397 partes

46 441 207 470 rerum,
263 424 440 477 primum
484 421 650 477 quidem
695 437 861 463 narrare
904 424 1108 463 somnium
1150 430 1188 462 et
1232 422 1384 462 tristem

45 501 234 542 nuntium
266 499 490 551 Apollinis,
531 496 679 538 deinde
714 512 812 539 vero
850 496 1012 538 dolores
1044 500 1283 552 luctumque
1315 497 1386 537 de-

43 577 210 628 pingere
238 574 364 614 animi
391 575 616 626 ingentem,
648 587 730 627 quo
755 574 834 613 iam
862 588 913 613 ex
941 575 1018 614 hoc
1044 574 1188 616 nunno
1217 575 1385 616 laboret,

43 650 188 691 additis
228 651 419 703 precibus
461 649 634 690 blandis.
704 649 826 689 Nunc
866 659 1000 690 autem
1041 650 1225 689 habitum
1267 650 1385 688 nobis

42 727 258 779 pulchrum
300 723 367 764 dei
406 724 500 765 data
540 738 665 777 opera
704 723 916 774 describit,
962 725 1034 779 qui
1070 727 1184 764 locus
1222 726 1385 775 longior

39 802 105 842 hic
142 803 298 842 alienus
334 810 414 852 est3
453 803 591 842 ieiuna
622 803 744 842 etiam
778 810 817 842 et
847 803 934 842 sine
967 802 1005 843 vi
1042 810 1125 842 tota
1160 802 1384 841 consolatio

41 878 260 931 Apollinis,
291 878 416 918 animi
436 887 571 918 autem
594 879 656 917 sui
680 876 1005 930 desperationem
1027 877 1218 929 graphice
1239 876 1384 916 adum-

38 955 159 993 brare
189 967 274 993 non
301 954 430 993 novit.
487 953 682 1006 Denique
710 953 878 993 omnino
902 955 981 993 hoc
1006 953 1208 1006 ineptum,
1241 966 1384 1006 quem-

40 1027 261 1068 admodum
288 1028 371 1067 iam
394 1029 582 1082 Heynius
610 1029 751 1079 sensit,
786 1027 897 1082 quod
922 1030 973 1067 ab
995 1029 1186 1082 Apolline
1214 1027 1384 1068 docetur

39 1103 241 1143 Neaeram
271 1103 340 1142 alii
368 1105 524 1143 nubere
549 1105 672 1152 velle,
703 1111 742 1143 et
773 1112 853 1142 tam
882 1105 970 1144 leve
1000 1104 1207 1155 negotium
1241 1103 1384 1143 tribuit

38 1181 108 1218 tali
138 1179 229 1220 deo.
287 1179 501 1219 Sufficiant
532 1181 631 1221 haec
658 1181 736 1220 hoc
760 1182 872 1229 loco,
904 1181 982 1219 alia
1010 1179 1054 1218 in
1077 1179 1381 1218 Commentario

38 1254 190 1294 notavi.
213 1278 269 1285 —
326 1253 487 1295 Accedo
526 1255 577 1295 ad
614 1256 775 1308 reliqua
815 1255 1015 1303 carmina,
1060 1269 1238 1307 quorum
1276 1268 1381 1294 non-

38 1331 150 1368 nulla
191 1330 335 1368 melius
374 1331 619 1382 composita,
664 1339 710 1385 ut
748 1316 883 1369 tamen
921 1331 1075 1382 ubique
1113 1329 1319 1370 diversum
1357 1344 1380 1368 a

36 1404 202 1443 Tibullo
236 1413 399 1456 poetam
434 1405 596 1444 sentias.
664 1405 722 1443 Ac
752 1406 951 1444 secundum
985 1418 1171 1454 carmen,
1213 1402 1262 1443 de
1296 1417 1379 1457 quo

33 1480 212 1532 primum
240 1478 390 1531 dicam,
422 1480 564 1520 ultima
587 1480 779 1520 mandata
802 1489 948 1533 poetae
972 1480 1162 1520 morituri
1186 1480 1380 1519 continet.

34 1554 140 1593 Cum
170 1555 278 1596 serre
313 1569 396 1594 non
435 1557 564 1608 possit
599 1565 780 1608 ereptam
812 1571 836 1595 a
864 1557 983 1597 rivali
1014 1570 1229 1609 sponsam,
1270 1569 1379 1594 mor-

33 1637 113 1668 tem
149 1629 226 1669 sibi
251 1629 419 1669 'inferre
456 1629 659 1681 decernit,
701 1646 805 1685 quos
837 1646 980 1672 sensus
1016 1635 1151 1674 brevis
1188 1633 1379 1677 introitus

34 1706 215 1758 exponit.
271 1707 380 1747 Tum
411 1716 642 1760 sequuntur
676 1709 890 1760 mandata3
926 1709 1119 1749 describit
1151 1717 1286 1748 autem
1316 1722 1377 1748 se-

0 1811 1 1840 3
31 1782 232 1832 pulcrales
267 1782 471 1832 honores,
516 1798 620 1836 quos
659 1786 736 1824 sibi
771 1788 821 1824 ab
857 1794 987 1825 amata
1029 1786 1217 1824 exhiberi
1256 1786 1380 1836 cupit,

0 1850 1 1897 i
32 1865 76 1896 ut
110 1871 233 1910 quem
267 1859 406 1898 vivum
445 1859 692 1910 deseruerit,
734 1862 770 1899 ei
806 1870 968 1900 mortuo
1008 1863 1151 1899 saltem
1187 1860 1293 1899 iusta
1328 1873 1377 1897 ne

0 1906 210 1985 irecuset,
263 1932 460 1988 additque
500 1937 543 1974 in
585 1935 666 1974 fine
707 1937 825 1976 etiam
865 1936 1174 1987 inscriptionem
1220 1936 1375 1974 tumulo

28 2009 334 2062 imponendam.
391 2009 457 2049 Sic
492 2019 627 2063 poeta.
686 2011 762 2050 I-Iic
798 2025 848 2050 ne
883 2010 932 2050 de
971 2010 1140 2050 consilio
1174 2009 1377 2050 moriendi

28 2082 179 2135 dicam,
216 2085 328 2138 quod
358 2085 669 2126 fundamentum
703 2087 892 2126 carminis
923 2086 1216 2137 iniucundum,
1251 2101 1274 2125 a
1306 2077 1376 2124 “si-

26 2160 131 2198 bulli
169 2170 253 2200 arte
293 2160 465 2211 recedit,
512 2171 555 2202 ut
599 2164 679 2202 iam
719 2177 845 2216 supra
886 2172 1181 2213 memoratum,
1231 2162 1375 2216 putida

26 2234 234 2286 diligentia
280 2236 417 2275 omnia
462 2247 671 2278 momenta
718 2241 953 2292 sepulturae
998 2253 1275 2294 persequens,
1331 2255 1375 2279 ac

27 2324 120 2350 cum
147 2311 329 2351 clausula
356 2313 545 2353 carminis
570 2315 658 2366 ipso
683 2314 764 2353 fine
790 2314 1078 2354 mandatorum
1107 2314 1375 2362 contineatur,

27 2385 141 2439 quod
172 2395 280 2425 recte
313 2386 404 2427 fieri
437 2389 573 2440 potuit
603 2397 641 2428 et
672 2404 748 2443 per
779 2405 821 2431 se
858 2391 1023 2429 minime
1063 2405 1086 2429 a
1118 2392 1237 2431 nobis
1268 2391 1374 2431 vitu-

27 2469 212 2511 peratur,
250 2462 360 2501 Albii
392 2471 527 2502 tamen
559 2473 690 2504 certus
722 2480 819 2505 usus
849 2468 973 2518 magis
1002 2464 1201 2506 directum
1230 2477 1372 2520 postu—

27 2537 135 2576 labat
166 2539 318 2579 exitum
348 2540 470 2581 finitis
500 2541 713 2582 mandatis.
770 2543 914 2582 ‚Exitus
946 2542 1167 2583 indii—cetos
1194 2542 1370 2582 vidimus

27 2613 76 2649 ab
110 2622 249 2654 exacta
283 2624 486 2656 structura
518 2620 774 2659 'l'ibutlianaa-
813 2622 960 2671 elegiae
999 2622 1172 2660 alic-nos,
1215 2620 1287 2659 visi
1320 2621 1367 2655 ³³¹·

899 2698 921 2733 h

959 2703 978 2731 t».
