1721 2953
302 102 368 150 88
661 99 903 145 'l'llHJLLI
947 99 1058 149 LlB.
1088 99 1158 146 lv.
1189 108 1222 146 3.
1249 107 1282 145 4.

357 224 473 287 Quis
502 224 630 271 furor
652 235 737 281 est,
770 241 883 289 quae
907 243 1054 282 mens,
1092 224 1255 272 densos
1279 224 1494 289 indagine
1518 225 1651 273 collcs

427 310 716 356 Claudentem
753 321 927 357 teneras
964 309 1139 358 laedere
1174 310 1282 358 velle
1317 312 1508 358 manus?

361 396 538 458 Quidve
574 395 694 442 iuvat
725 395 879 442 furtim
911 395 1104 443 latebras
1140 397 1308 444 intrare
1343 397 1541 445 ferarum

307 489 351 524 10
433 480 726 546 Candidaque
762 480 952 528 hamatis
988 501 1117 529 crura
1154 494 1310 529 notare
1346 483 1508 530 rubis?

358 565 448 611 Sed
480 577 652 624 tamen,
700 578 748 613 ut
778 578 924 614 tecum
960 566 1113 625 liceat,
1162 568 1394 626 Celinthe,
1429 569 1608 632 vagari,

430 652 534 716 Ipsa
567 671 650 716 ego
687 671 770 717 per
804 665 978 700 montes
1015 653 1125 700 retia
1162 665 1277 700 torta
1313 654 1478 712 feram,

352 738 457 802 Ipsa
489 755 572 801 ego
608 737 771 786 velocis
809 757 1022 803 quaeram
1057 739 1241 802 vestigia
1279 739 1396 786 cervi

426 823 484 870 Et
512 824 689 871 demam
726 823 858 872 celeri
893 824 1038 872 ferrea
1074 824 1218 872 vincla
1255 824 1367 872 cani.

308 919 353 955 15
367 910 497 957 Tunc
517 910 641 968 mihi,
665 922 771 958 tunc
793 909 1000 975 placeant
1020 909 1167 968 silvae,
1199 910 1250 968 si,
1279 909 1355 957 lux
1377 928 1489 968 mea,
1513 921 1659 957 tecum

430 995 612 1059 Arguar
646 1007 747 1043 ante
782 996 904 1061 ipsas
942 995 1239 1043 concubuisse
1274 995 1456 1061 plagas:

364 1082 494 1128 Tunc
529 1081 676 1128 veniat
712 1081 814 1128 licet
844 1081 902 1128 ad
934 1100 1106 1139 casses,
1152 1080 1332 1128 illaesus
1369 1082 1534 1139 abibit,

435 1168 501 1214 Ne
538 1166 725 1214 Veneris
765 1166 955 1232 cupidae
992 1166 1158 1230 gaudia
1195 1166 1366 1224 turbet,
1413 1186 1532 1233 aper.

382 1254 514 1299 Nunc
550 1252 646 1299 sine
682 1271 752 1298 me
785 1252 842 1299 sit
876 1251 1000 1299 nulla
1031 1255 1198 1310 Venus,
1234 1252 1313 1299 sed
1345 1252 1442 1316 lege
1473 1253 1659 1310 Dianae,

310 1354 357 1388 20
438 1340 566 1385 Caste
603 1356 739 1403 puer,
781 1349 904 1384 casta⁴
939 1338 1049 1384 retia
1088 1350 1218 1401 tange
1253 1357 1418 1385 manu:

360 1426 417 1472 Et
453 1441 746 1489 quaecunque
782 1441 881 1469 meo
914 1423 1068 1469 furtim
1103 1423 1305 1487 subrepit
1342 1423 1508 1483 amori,

430 1510 606 1558 Incidat
639 1509 686 1556 in
723 1528 874 1556 saevas
907 1507 1162 1573 diripienda
1195 1508 1324 1555 feras.

364 1597 424 1644 At
456 1608 504 1643 tu
539 1594 733 1642 venandi
766 1593 965 1641 studium
1002 1593 1197 1641 concede
1229 1593 1429 1657 parenti,

431 1683 487 1730 Et
523 1680 638 1729 celer
671 1680 716 1728 in
753 1691 932 1728 nostros
968 1679 1064 1745 ipse
1100 1696 1280 1726 recurre
1317 1678 1454 1726 sinus⁴

731 1901 1108 1942 CARMEN
1173 1902 1248 1941 IV.

363 1976 499 2062 Huc
536 2013 642 2062 ades
679 2025 719 2060 et
755 2026 931 2062 tenerae
964 2014 1148 2062 morbos
1185 2013 1351 2079 expelle
1385 2012 1582 2078 puellae,

442 2103 540 2148 Huc
578 2100 706 2163 ade-s,
742 2101 921 2148 intonsa
952 2101 1134 2148 Phoebe
1170 2100 1363 2166 superbe
1401 2118 1538 2147 coma.

413 2238 451 2270 V.
473 2239 526 2270 13.
563 2248 684 2269 cervae
711 2238 814 2280 vulgo
839 2237 882 2271 de
912 2238 1107 2271 coniectura
1133 2237 1382 2277 Bnoummsn,
1417 2245 1491 2276 „ue
1520 2234 1552 2266 in
1578 2242 1663 2276 pen-

315 2305 461 2335 tametro
495 2305 547 2335 ter
581 2305 679 2335 sonet
711 2298 751 2334 τό
784 2302 798 2334 i
830 2303 929 2336 sibilo
961 2301 1113 2336 odioso.''
1143 2320 1187 2327 —-
1248 2302 1289 2335 V.
1312 2304 1366 2334 15.
1401 2300 1450 2332 sic
1484 2299 1586 2340 vulgo
1620 2296 1663 2329 de

317 2368 511 2400 coniectura
537 2366 687 2400 Humsn
719 2378 768 2412 pr.
794 2368 831 2401 si
860 2369 984 2402 lectum
1011 2368 1145 2401 admisit
1170 2368 1439 2400 Bnouxnnsms.
1457 2382 1500 2389 -—
1550 2363 1591 2395 V.
1605 2365 1663 2396 20.

317 2437 451 2474 tange
478 2432 555 2464 Cm.
578 2442 658 2465 vss'r.
684 2443 759 2466 cum
785 2434 859 2466 aliis
882 2434 1029 2477 optimae
1056 2437 1155 2466 notae
1177 2432 1279 2466 libris.
1330 2431 1396 2464 Alii
1421 2428 1543 2470 tende,
1572 2426 1664 2470 quod

318 2497 576 2530 Bmmxnvsms
603 2501 753 2541 reposuit
774 2509 816 2531 ex
836 2500 980 2542 antiquis
1001 2498 1213 2532 editionibus.
1231 2515 1276 2521 —
1317 2496 1358 2529 V.
1373 2498 1430 2529 21.
1456 2494 1665 2537 subrepit

319 2568 412 2597 recte
443 2563 517 2596 libri
543 2563 670 2606 optimi.
721 2563 883 2608 subrepet
909 2565 1012 2606 vulgo
1041 2574 1060 2598 e
1085 2562 1309 2597 deterioribus
1334 2561 1478 2595 duobus.
