<?xml version="1.0" encoding="UTF-8"?>
<!DOCTYPE html PUBLIC "-//W3C//DTD XHTML 1.0 Transitional//EN"
    "http://www.w3.org/TR/xhtml1/DTD/xhtml1-transitional.dtd">
<html xmlns="http://www.w3.org/1999/xhtml" xml:lang="en" lang="en">
 <head>
  <title>
</title>
<meta http-equiv="Content-Type" content="text/html;charset=utf-8" />
  <meta name='ocr-system' content='tesseract 3.04.00' />
  <meta name='ocr-capabilities' content='ocr_page ocr_carea ocr_par ocr_line ocrx_word'/>
</head>
<body>
  <div class='ocr_page' id='page_1' title='image "./carminaexrecensi00tibuuoft_0074.png"; bbox 0 0 1721 2953; ppageno 0'>
   <div class='ocr_carea' id='block_1_1' title="bbox 265 149 1072 194">
    <p class='ocr_par' dir='ltr' id='par_1_1' title="bbox 265 149 1072 194">
     <span class='ocr_line' id='line_1_1' title="bbox 265 149 1072 194; baseline -0.001 0"><span class='ocrx_word' id='word_1_1' title='bbox 265 167 393 194; x_wconf 70' lang='lat' dir='ltr'>vam</span> <span class='ocrx_word' id='word_1_2' title='bbox 809 151 884 190; x_wconf 87' lang='lat' dir='ltr'>DE</span> <span class='ocrx_word' id='word_1_3' title='bbox 915 149 1072 194; x_wconf 89' lang='lat' dir='ltr'>POESI</span> 
     </span>
    </p>
   </div>
   <div class='ocr_carea' id='block_1_2' title="bbox 263 264 1614 2593">
    <p class='ocr_par' dir='ltr' id='par_1_2' title="bbox 263 264 1614 2593">
     <span class='ocr_line' id='line_1_2' title="bbox 270 264 1613 319; baseline -0.003 -8"><span class='ocrx_word' id='word_1_4' title='bbox 270 269 406 311; x_wconf 87' lang='lat' dir='ltr'>nuerit</span> <span class='ocrx_word' id='word_1_5' title='bbox 434 265 579 308; x_wconf 82' lang='lat' dir='ltr'><strong>Deliae</strong></span> <span class='ocrx_word' id='word_1_6' title='bbox 617 278 695 305; x_wconf 85' lang='lat' dir='ltr'>usu</span> <span class='ocrx_word' id='word_1_7' title='bbox 734 264 886 317; x_wconf 82' lang='lat' dir='ltr'>iratus,</span> <span class='ocrx_word' id='word_1_8' title='bbox 930 265 1003 307; x_wconf 88' lang='lat' dir='ltr'>sed</span> <span class='ocrx_word' id='word_1_9' title='bbox 1043 267 1175 307; x_wconf 80' lang='lat' dir='ltr'>statim</span> <span class='ocrx_word' id='word_1_10' title='bbox 1213 275 1330 319; x_wconf 84' lang='lat' dir='ltr'>rogat</span> <span class='ocrx_word' id='word_1_11' title='bbox 1368 267 1531 307; x_wconf 81' lang='lat' dir='ltr'>Deliam</span> <span class='ocrx_word' id='word_1_12' title='bbox 1569 277 1613 307; x_wconf 82' lang='lat' dir='ltr'>ut</span> 
     </span>
     <span class='ocr_line' id='line_1_3' title="bbox 269 339 1613 400; baseline -0.003 -14"><span class='ocrx_word' id='word_1_13' title='bbox 269 347 404 400; x_wconf 85' lang='lat' dir='ltr'>potius</span> <span class='ocrx_word' id='word_1_14' title='bbox 434 342 652 384; x_wconf 86' lang='lat' dir='ltr'>condonet.</span> <span class='ocrx_word' id='word_1_15' title='bbox 720 339 852 380; x_wconf 80' lang='lat' dir='ltr'>Porro</span> <span class='ocrx_word' id='word_1_16' title='bbox 882 341 912 391; x_wconf 99' lang='grc' dir='ltr'>Ι,</span> <span class='ocrx_word' id='word_1_17' title='bbox 947 344 985 391; x_wconf 87' lang='grc'>9,</span> <span class='ocrx_word' id='word_1_18' title='bbox 1016 343 1056 380; x_wconf 86' lang='grc'>5.</span> <span class='ocrx_word' id='word_1_19' title='bbox 1084 341 1272 395; x_wconf 86' lang='lat' dir='ltr'>loquitur</span> <span class='ocrx_word' id='word_1_20' title='bbox 1301 341 1350 382; x_wconf 88' lang='lat' dir='ltr'>de</span> <span class='ocrx_word' id='word_1_21' title='bbox 1383 356 1520 395; x_wconf 84' lang='lat' dir='ltr'>poena</span> <span class='ocrx_word' id='word_1_22' title='bbox 1550 342 1613 382; x_wconf 85' lang='lat' dir='ltr'>di-</span> 
     </span>
     <span class='ocr_line' id='line_1_4' title="bbox 268 415 1613 474; baseline -0.004 -12"><span class='ocrx_word' id='word_1_23' title='bbox 268 422 365 464; x_wconf 85' lang='lat' dir='ltr'>vina</span> <span class='ocrx_word' id='word_1_24' title='bbox 393 419 513 474; x_wconf 86' lang='lat' dir='ltr'>pueri</span> <span class='ocrx_word' id='word_1_25' title='bbox 544 415 712 470; x_wconf 85' lang='lat' dir='ltr'>perfidi,</span> <span class='ocrx_word' id='word_1_26' title='bbox 749 415 821 456; x_wconf 81' lang='lat' dir='ltr'>sed</span> <span class='ocrx_word' id='word_1_27' title='bbox 849 417 921 457; x_wconf 85' lang='lat' dir='ltr'>vix</span> <span class='ocrx_word' id='word_1_28' title='bbox 949 417 1111 457; x_wconf 81' lang='lat' dir='ltr'>locutus</span> <span class='ocrx_word' id='word_1_29' title='bbox 1138 418 1402 458; x_wconf 84' lang='lat' dir='ltr'>miseratione</span> <span class='ocrx_word' id='word_1_30' title='bbox 1431 419 1613 470; x_wconf 81' lang='lat' dir='ltr'>tangitur</span> 
     </span>
     <span class='ocr_line' id='line_1_5' title="bbox 268 493 1613 549; baseline -0.004 -11"><span class='ocrx_word' id='word_1_31' title='bbox 268 506 308 538; x_wconf 88' lang='lat' dir='ltr'>et·</span> <span class='ocrx_word' id='word_1_32' title='bbox 349 497 591 549; x_wconf 86' lang='lat' dir='ltr'>depreeatur</span> <span class='ocrx_word' id='word_1_33' title='bbox 633 507 736 533; x_wconf 85' lang='lat' dir='ltr'>eam.</span> <span class='ocrx_word' id='word_1_34' title='bbox 810 493 919 533; x_wconf 90' lang='lat' dir='ltr'>Tum</span> <span class='ocrx_word' id='word_1_35' title='bbox 958 509 997 535; x_wconf 88' lang='lat' dir='ltr'>v.</span> <span class='ocrx_word' id='word_1_36' title='bbox 1036 497 1206 533; x_wconf 81' lang='lat'><strong>11-12.</strong></span> <span class='ocrx_word' id='word_1_37' title='bbox 1253 493 1305 534; x_wconf 84' lang='lat' dir='ltr'>ad</span> <span class='ocrx_word' id='word_1_38' title='bbox 1346 496 1449 534; x_wconf 87' lang='lat' dir='ltr'>iram</span> <span class='ocrx_word' id='word_1_39' title='bbox 1493 494 1613 534; x_wconf 86' lang='lat' dir='ltr'>redit.</span> 
     </span>
     <span class='ocr_line' id='line_1_6' title="bbox 267 570 1612 622; baseline -0.004 -8"><span class='ocrx_word' id='word_1_40' title='bbox 267 574 402 614; x_wconf 87' lang='lat' dir='ltr'>Carm.</span> <span class='ocrx_word' id='word_1_41' title='bbox 431 573 462 621; x_wconf 87' lang='lat' dir='ltr'>I,</span> <span class='ocrx_word' id='word_1_42' title='bbox 493 575 557 621; x_wconf 80' lang='lat'>10,</span> <span class='ocrx_word' id='word_1_43' title='bbox 587 570 678 609; x_wconf 83' lang='lat' dir='ltr'>init.</span> <span class='ocrx_word' id='word_1_44' title='bbox 718 570 930 611; x_wconf 84' lang='lat' dir='ltr'>invehitur</span> <span class='ocrx_word' id='word_1_45' title='bbox 966 571 1143 622; x_wconf 84' lang='lat' dir='ltr'>graviter</span> <span class='ocrx_word' id='word_1_46' title='bbox 1182 571 1226 609; x_wconf 83' lang='lat' dir='ltr'>in</span> <span class='ocrx_word' id='word_1_47' title='bbox 1256 571 1434 622; x_wconf 85' lang='lat' dir='ltr'>primum</span> <span class='ocrx_word' id='word_1_48' title='bbox 1465 571 1612 609; x_wconf 88' lang='lat' dir='ltr'>inven-</span> 
     </span>
     <span class='ocr_line' id='line_1_7' title="bbox 266 645 1612 697; baseline -0.005 -8"><span class='ocrx_word' id='word_1_49' title='bbox 266 658 398 690; x_wconf 83' lang='lat' dir='ltr'>torem</span> <span class='ocrx_word' id='word_1_50' title='bbox 428 647 586 687; x_wconf 88' lang='lat' dir='ltr'>ensium</span> <span class='ocrx_word' id='word_1_51' title='bbox 614 645 869 694; x_wconf 82' lang='lat' dir='ltr'>bellicorum,</span> <span class='ocrx_word' id='word_1_52' title='bbox 900 657 1000 684; x_wconf 84' lang='lat' dir='ltr'>mox</span> <span class='ocrx_word' id='word_1_53' title='bbox 1028 658 1128 686; x_wconf 86' lang='lat' dir='ltr'>vero</span> <span class='ocrx_word' id='word_1_54' title='bbox 1160 653 1326 684; x_wconf 83' lang='lat' dir='ltr'>excusat</span> <span class='ocrx_word' id='word_1_55' title='bbox 1357 658 1451 684; x_wconf 89' lang='lat' dir='ltr'>eum</span> <span class='ocrx_word' id='word_1_56' title='bbox 1482 652 1522 683; x_wconf 88' lang='lat' dir='ltr'>et</span> <span class='ocrx_word' id='word_1_57' title='bbox 1548 658 1612 697; x_wconf 82' lang='lat' dir='ltr'>ce-</span> 
     </span>
     <span class='ocr_line' id='line_1_8' title="bbox 267 718 1612 772; baseline -0.006 -7"><span class='ocrx_word' id='word_1_58' title='bbox 267 735 376 766; x_wconf 88' lang='lat' dir='ltr'>teros</span> <span class='ocrx_word' id='word_1_59' title='bbox 405 724 593 764; x_wconf 84' lang='lat' dir='ltr'>homines</span> <span class='ocrx_word' id='word_1_60' title='bbox 623 729 796 761; x_wconf 84' lang='lat' dir='ltr'>accusat.</span> <span class='ocrx_word' id='word_1_61' title='bbox 850 722 1066 761; x_wconf 87' lang='lat' dir='ltr'>Postremo</span> <span class='ocrx_word' id='word_1_62' title='bbox 1088 721 1141 767; x_wconf 93' lang='lat' dir='ltr'>II,</span> <span class='ocrx_word' id='word_1_63' title='bbox 1167 725 1203 771; x_wconf 86' lang='lat'>6,</span> <span class='ocrx_word' id='word_1_64' title='bbox 1228 726 1249 760; x_wconf 90' lang='grc'>7</span> <span class='ocrx_word' id='word_1_65' title='bbox 1274 733 1364 772; x_wconf 85' lang='lat' dir='ltr'>sqq.</span> <span class='ocrx_word' id='word_1_66' title='bbox 1394 718 1612 759; x_wconf 79' lang='lat' dir='ltr'>exordium</span> 
     </span>
     <span class='ocr_line' id='line_1_9' title="bbox 267 795 1613 855; baseline -0.006 -14"><span class='ocrx_word' id='word_1_67' title='bbox 267 802 387 855; x_wconf 88' lang='lat' dir='ltr'>plane</span> <span class='ocrx_word' id='word_1_68' title='bbox 429 798 696 839; x_wconf 76' lang='lat' dir='ltr'>dramaticum</span> <span class='ocrx_word' id='word_1_69' title='bbox 736 804 818 836; x_wconf 84' lang='lat' dir='ltr'>est:</span> <span class='ocrx_word' id='word_1_70' title='bbox 862 797 990 848; x_wconf 87' lang='lat' dir='ltr'>surgit</span> <span class='ocrx_word' id='word_1_71' title='bbox 1019 796 1157 836; x_wconf 87' lang='lat' dir='ltr'>animo</span> <span class='ocrx_word' id='word_1_72' title='bbox 1189 797 1405 837; x_wconf 89' lang='lat' dir='ltr'>consilium</span> <span class='ocrx_word' id='word_1_73' title='bbox 1434 795 1613 834; x_wconf 86' lang='lat' dir='ltr'>abeundi</span> 
     </span>
     <span class='ocr_line' id='line_1_10' title="bbox 265 870 1612 925; baseline -0.005 -9"><span class='ocrx_word' id='word_1_74' title='bbox 265 877 307 916; x_wconf 90' lang='lat' dir='ltr'>in</span> <span class='ocrx_word' id='word_1_75' title='bbox 336 877 503 924; x_wconf 87' lang='lat' dir='ltr'>bellum,</span> <span class='ocrx_word' id='word_1_76' title='bbox 532 882 619 913; x_wconf 81' lang='lat' dir='ltr'>tum</span> <span class='ocrx_word' id='word_1_77' title='bbox 649 873 810 913; x_wconf 84' lang='lat' dir='ltr'>sortiter</span> <span class='ocrx_word' id='word_1_78' title='bbox 839 873 1010 925; x_wconf 87' lang='lat' dir='ltr'>capitur,</span> <span class='ocrx_word' id='word_1_79' title='bbox 1041 871 1113 913; x_wconf 83' lang='lat' dir='ltr'>sed</span> <span class='ocrx_word' id='word_1_80' title='bbox 1139 873 1211 914; x_wconf 77' lang='lat' dir='ltr'>vix</span> <span class='ocrx_word' id='word_1_81' title='bbox 1241 880 1406 925; x_wconf 85' lang='lat' dir='ltr'>captum</span> <span class='ocrx_word' id='word_1_82' title='bbox 1434 870 1612 924; x_wconf 90' lang='lat' dir='ltr'>denique</span> 
     </span>
     <span class='ocr_line' id='line_1_11' title="bbox 268 942 1611 1000; baseline -0.006 -8"><span class='ocrx_word' id='word_1_83' title='bbox 268 952 456 992; x_wconf 80' lang='lat' dir='ltr'>abiicitur</span> <span class='ocrx_word' id='word_1_84' title='bbox 484 951 648 999; x_wconf 85' lang='lat' dir='ltr'>iterum,</span> <span class='ocrx_word' id='word_1_85' title='bbox 679 963 770 989; x_wconf 86' lang='lat' dir='ltr'>cum</span> <span class='ocrx_word' id='word_1_86' title='bbox 799 950 861 990; x_wconf 84' lang='lat' dir='ltr'>vis</span> <span class='ocrx_word' id='word_1_87' title='bbox 892 948 995 989; x_wconf 81' lang='lat' dir='ltr'>desit</span> <span class='ocrx_word' id='word_1_88' title='bbox 1025 949 1176 988; x_wconf 85' lang='lat' dir='ltr'>animo.</span> <span class='ocrx_word' id='word_1_89' title='bbox 1232 948 1361 988; x_wconf 84' lang='lat' dir='ltr'>Vides</span> <span class='ocrx_word' id='word_1_90' title='bbox 1393 942 1516 1000; x_wconf 75' lang='lat' dir='ltr'>quam</span> <span class='ocrx_word' id='word_1_91' title='bbox 1546 947 1611 984; x_wconf 83' lang='lat' dir='ltr'>hie</span> 
     </span>
     <span class='ocr_line' id='line_1_12' title="bbox 265 1022 1612 1069; baseline -0.005 0"><span class='ocrx_word' id='word_1_92' title='bbox 265 1029 404 1069; x_wconf 84' lang='lat' dir='ltr'>varius</span> <span class='ocrx_word' id='word_1_93' title='bbox 434 1035 570 1067; x_wconf 83' lang='lat' dir='ltr'>motus</span> <span class='ocrx_word' id='word_1_94' title='bbox 601 1028 650 1065; x_wconf 80' lang='lat' dir='ltr'>sit</span> <span class='ocrx_word' id='word_1_95' title='bbox 679 1027 827 1067; x_wconf 79' lang='lat' dir='ltr'>suavis.</span> <span class='ocrx_word' id='word_1_96' title='bbox 894 1026 991 1065; x_wconf 88' lang='lat' dir='ltr'>Post</span> <span class='ocrx_word' id='word_1_97' title='bbox 1029 1024 1247 1064; x_wconf 78' lang='lat' dir='ltr'>exordium</span> <span class='ocrx_word' id='word_1_98' title='bbox 1283 1026 1327 1063; x_wconf 85' lang='lat' dir='ltr'>in</span> <span class='ocrx_word' id='word_1_99' title='bbox 1356 1022 1492 1063; x_wconf 84' lang='lat' dir='ltr'>medio</span> <span class='ocrx_word' id='word_1_100' title='bbox 1524 1036 1612 1062; x_wconf 86' lang='lat' dir='ltr'>car-</span> 
     </span>
     <span class='ocr_line' id='line_1_13' title="bbox 264 1096 1614 1153; baseline -0.007 -9"><span class='ocrx_word' id='word_1_101' title='bbox 264 1105 396 1153; x_wconf 86' lang='lat' dir='ltr'>mine,</span> <span class='ocrx_word' id='word_1_102' title='bbox 426 1113 471 1143; x_wconf 86' lang='lat' dir='ltr'>ut</span> <span class='ocrx_word' id='word_1_103' title='bbox 501 1104 578 1142; x_wconf 89' lang='lat' dir='ltr'>hoc</span> <span class='ocrx_word' id='word_1_104' title='bbox 608 1103 741 1141; x_wconf 82' lang='lat' dir='ltr'>statim</span> <span class='ocrx_word' id='word_1_105' title='bbox 772 1100 941 1150; x_wconf 85' lang='lat' dir='ltr'>addam,</span> <span class='ocrx_word' id='word_1_106' title='bbox 972 1100 1035 1139; x_wconf 89' lang='lat' dir='ltr'>bis</span> <span class='ocrx_word' id='word_1_107' title='bbox 1066 1099 1290 1138; x_wconf 76' lang='lat' dir='ltr'>adhibirffln</span> <span class='ocrx_word' id='word_1_108' title='bbox 1318 1111 1408 1136; x_wconf 83' lang='lat' dir='ltr'>rem</span> <span class='ocrx_word' id='word_1_109' title='bbox 1437 1096 1559 1137; x_wconf 86' lang='lat' dir='ltr'>video</span> <span class='ocrx_word' id='word_1_110' title='bbox 1590 1112 1614 1135; x_wconf 86' lang='lat' dir='ltr'>a</span> 
     </span>
     <span class='ocr_line' id='line_1_14' title="bbox 264 1172 1613 1231; baseline -0.007 -11"><span class='ocrx_word' id='word_1_111' title='bbox 264 1181 454 1230; x_wconf 79' lang='lat' dir='ltr'>Tibullo,</span> <span class='ocrx_word' id='word_1_112' title='bbox 494 1179 674 1231; x_wconf 86' lang='lat' dir='ltr'>primum</span> <span class='ocrx_word' id='word_1_113' title='bbox 703 1178 734 1227; x_wconf 92' lang='lat' dir='ltr'>I,</span> <span class='ocrx_word' id='word_1_114' title='bbox 767 1181 805 1216; x_wconf 85' lang='grc'>6.</span> <span class='ocrx_word' id='word_1_115' title='bbox 832 1177 907 1215; x_wconf 88' lang='lat' dir='ltr'>ubi</span> <span class='ocrx_word' id='word_1_116' title='bbox 936 1190 1027 1215; x_wconf 77' lang='lat' dir='ltr'>oum</span> <span class='ocrx_word' id='word_1_117' title='bbox 1059 1190 1100 1215; x_wconf 83' lang='lat' dir='ltr'>v.</span> <span class='ocrx_word' id='word_1_118' title='bbox 1132 1178 1197 1214; x_wconf 87' lang='grc'>16.</span> <span class='ocrx_word' id='word_1_119' title='bbox 1229 1174 1423 1225; x_wconf 81' lang='lat' dir='ltr'>abreptus</span> <span class='ocrx_word' id='word_1_120' title='bbox 1453 1172 1514 1211; x_wconf 86' lang='lat' dir='ltr'>ira</span> <span class='ocrx_word' id='word_1_121' title='bbox 1545 1186 1613 1210; x_wconf 89' lang='lat' dir='ltr'>ze-</span> 
     </span>
     <span class='ocr_line' id='line_1_15' title="bbox 263 1253 1612 1310; baseline -0.007 -13"><span class='ocrx_word' id='word_1_122' title='bbox 263 1258 443 1310; x_wconf 74' lang='lat' dir='ltr'>lotypiae</span> <span class='ocrx_word' id='word_1_123' title='bbox 491 1255 659 1295; x_wconf 82' lang='lat' dir='ltr'>dixisset</span> <span class='ocrx_word' id='word_1_124' title='bbox 700 1253 863 1305; x_wconf 81' lang='lat' dir='ltr'>coniugi</span> <span class='ocrx_word' id='word_1_125' title='bbox 901 1253 1071 1293; x_wconf 87' lang='lat' dir='ltr'>Deliae:</span> <span class='ocrx_word' id='word_1_126' title='bbox 1117 1265 1183 1291; x_wconf 88' lang='lat' dir='ltr'>me</span> <span class='ocrx_word' id='word_1_127' title='bbox 1225 1264 1394 1305; x_wconf 86' lang='lat' dir='ltr'>quoque</span> <span class='ocrx_word' id='word_1_128' title='bbox 1437 1257 1612 1297; x_wconf 78' lang='lat' dir='ltr'>servato,</span> 
     </span>
     <span class='ocr_line' id='line_1_16' title="bbox 265 1324 1612 1385; baseline -0.004 -15"><span class='ocrx_word' id='word_1_129' title='bbox 265 1340 405 1385; x_wconf 80' lang='lat' dir='ltr'>peccet</span> <span class='ocrx_word' id='word_1_130' title='bbox 443 1338 489 1370; x_wconf 89' lang='lat' dir='ltr'>ut</span> <span class='ocrx_word' id='word_1_131' title='bbox 528 1330 597 1369; x_wconf 84' lang='lat' dir='ltr'>illa</span> <span class='ocrx_word' id='word_1_132' title='bbox 636 1329 759 1376; x_wconf 80' lang='lat' dir='ltr'>nihil,</span> <span class='ocrx_word' id='word_1_133' title='bbox 803 1342 842 1368; x_wconf 88' lang='lat' dir='ltr'>v.</span> <span class='ocrx_word' id='word_1_134' title='bbox 873 1332 939 1369; x_wconf 81' lang='lat'>23.</span> <span class='ocrx_word' id='word_1_135' title='bbox 971 1335 1126 1367; x_wconf 81' lang='lat' dir='ltr'>mutata</span> <span class='ocrx_word' id='word_1_136' title='bbox 1155 1327 1357 1366; x_wconf 82' lang='lat' dir='ltr'>sententia</span> <span class='ocrx_word' id='word_1_137' title='bbox 1387 1324 1612 1365; x_wconf 74' lang='lat' dir='ltr'>custodiam</span> 
     </span>
     <span class='ocr_line' id='line_1_17' title="bbox 263 1400 1611 1459; baseline -0.004 -14"><span class='ocrx_word' id='word_1_138' title='bbox 263 1408 425 1459; x_wconf 83' lang='lat' dir='ltr'>puellae</span> <span class='ocrx_word' id='word_1_139' title='bbox 462 1404 540 1444; x_wconf 83' lang='lat' dir='ltr'>sibi</span> <span class='ocrx_word' id='word_1_140' title='bbox 578 1401 764 1442; x_wconf 85' lang='lat' dir='ltr'>mandari</span> <span class='ocrx_word' id='word_1_141' title='bbox 796 1404 905 1451; x_wconf 85' lang='lat' dir='ltr'>vult,</span> <span class='ocrx_word' id='word_1_142' title='bbox 947 1410 985 1442; x_wconf 82' lang='lat' dir='ltr'>et</span> <span class='ocrx_word' id='word_1_143' title='bbox 1022 1403 1072 1451; x_wconf 87' lang='grc' dir='ltr'>ΙΙ,</span> <span class='ocrx_word' id='word_1_144' title='bbox 1103 1405 1140 1453; x_wconf 85' lang='grc'>3,</span> <span class='ocrx_word' id='word_1_145' title='bbox 1173 1403 1241 1442; x_wconf 75' lang='grc'>49.</span> <span class='ocrx_word' id='word_1_146' title='bbox 1279 1403 1354 1441; x_wconf 89' lang='lat' dir='ltr'>ubi</span> <span class='ocrx_word' id='word_1_147' title='bbox 1389 1401 1530 1454; x_wconf 87' lang='lat' dir='ltr'>opinio</span> <span class='ocrx_word' id='word_1_148' title='bbox 1562 1400 1611 1440; x_wconf 88' lang='lat' dir='ltr'>de</span> 
     </span>
     <span class='ocr_line' id='line_1_18' title="bbox 264 1477 1612 1536; baseline -0.006 -12"><span class='ocrx_word' id='word_1_149' title='bbox 264 1485 493 1536; x_wconf 73' lang='lat' dir='ltr'>frugalitate</span> <span class='ocrx_word' id='word_1_150' title='bbox 523 1480 709 1520; x_wconf 84' lang='lat' dir='ltr'>Nemesis</span> <span class='ocrx_word' id='word_1_151' title='bbox 739 1480 875 1519; x_wconf 86' lang='lat' dir='ltr'>subito</span> <span class='ocrx_word' id='word_1_152' title='bbox 902 1487 1107 1528; x_wconf 82' lang='lat' dir='ltr'>mutatur,</span> <span class='ocrx_word' id='word_1_153' title='bbox 1150 1493 1195 1519; x_wconf 91' lang='lat' dir='ltr'>ac</span> <span class='ocrx_word' id='word_1_154' title='bbox 1226 1478 1390 1519; x_wconf 85' lang='lat' dir='ltr'>docebit</span> <span class='ocrx_word' id='word_1_155' title='bbox 1418 1487 1457 1517; x_wconf 83' lang='lat' dir='ltr'>te</span> <span class='ocrx_word' id='word_1_156' title='bbox 1489 1477 1612 1517; x_wconf 88' lang='lat' dir='ltr'>Com-</span> 
     </span>
     <span class='ocr_line' id='line_1_19' title="bbox 265 1554 1611 1611; baseline -0.004 -11"><span class='ocrx_word' id='word_1_157' title='bbox 265 1560 488 1600; x_wconf 84' lang='lat' dir='ltr'>mentarius</span> <span class='ocrx_word' id='word_1_158' title='bbox 519 1556 619 1611; x_wconf 86' lang='lat' dir='ltr'>quid</span> <span class='ocrx_word' id='word_1_159' title='bbox 649 1557 725 1596; x_wconf 87' lang='lat' dir='ltr'>sibi</span> <span class='ocrx_word' id='word_1_160' title='bbox 755 1557 852 1597; x_wconf 78' lang='lat' dir='ltr'>velit</span> <span class='ocrx_word' id='word_1_161' title='bbox 881 1557 939 1595; x_wconf 85' lang='lat' dir='ltr'>ibi</span> <span class='ocrx_word' id='word_1_162' title='bbox 964 1570 1044 1596; x_wconf 84' lang='lat' dir='ltr'>res.</span> <span class='ocrx_word' id='word_1_163' title='bbox 1103 1554 1185 1595; x_wconf 80' lang='lat' dir='ltr'>Sed</span> <span class='ocrx_word' id='word_1_164' title='bbox 1206 1556 1329 1595; x_wconf 82' lang='lat' dir='ltr'>unica</span> <span class='ocrx_word' id='word_1_165' title='bbox 1352 1563 1487 1594; x_wconf 84' lang='lat' dir='ltr'>tamen</span> <span class='ocrx_word' id='word_1_166' title='bbox 1511 1556 1611 1594; x_wconf 84' lang='lat' dir='ltr'>haec</span> 
     </span>
     <span class='ocr_line' id='line_1_20' title="bbox 266 1631 1612 1687; baseline -0.002 -14"><span class='ocrx_word' id='word_1_167' title='bbox 266 1637 473 1687; x_wconf 48' lang='lat' dir='ltr'>exemplem</span> <span class='ocrx_word' id='word_1_168' title='bbox 514 1635 635 1684; x_wconf 68' lang='lat' dir='ltr'>vulgo</span> <span class='ocrx_word' id='word_1_169' title='bbox 668 1633 776 1671; x_wconf 86' lang='lat' dir='ltr'>enim</span> <span class='ocrx_word' id='word_1_170' title='bbox 805 1633 940 1671; x_wconf 85' lang='lat' dir='ltr'>miuus</span> <span class='ocrx_word' id='word_1_171' title='bbox 969 1633 1106 1670; x_wconf 82' lang='lat' dir='ltr'>locum</span> <span class='ocrx_word' id='word_1_172' title='bbox 1136 1632 1261 1670; x_wconf 84' lang='lat' dir='ltr'>habet</span> <span class='ocrx_word' id='word_1_173' title='bbox 1296 1631 1425 1681; x_wconf 77' lang='lat' dir='ltr'>figura</span> <span class='ocrx_word' id='word_1_174' title='bbox 1461 1631 1504 1669; x_wconf 87' lang='lat' dir='ltr'>in</span> <span class='ocrx_word' id='word_1_175' title='bbox 1542 1631 1612 1670; x_wconf 84' lang='lat' dir='ltr'>tali</span> 
     </span>
     <span class='ocr_line' id='line_1_21' title="bbox 263 1709 1611 1766; baseline -0.003 -15"><span class='ocrx_word' id='word_1_176' title='bbox 263 1722 378 1766; x_wconf 81' lang='lat' dir='ltr'>parte</span> <span class='ocrx_word' id='word_1_177' title='bbox 409 1711 581 1763; x_wconf 76' lang='lat' dir='ltr'>elegiae,</span> <span class='ocrx_word' id='word_1_178' title='bbox 610 1710 683 1748; x_wconf 87' lang='lat' dir='ltr'>ubi</span> <span class='ocrx_word' id='word_1_179' title='bbox 714 1709 799 1747; x_wconf 86' lang='lat' dir='ltr'>sere</span> <span class='ocrx_word' id='word_1_180' title='bbox 831 1709 1050 1748; x_wconf 83' lang='lat' dir='ltr'>continuus</span> <span class='ocrx_word' id='word_1_181' title='bbox 1073 1721 1312 1760; x_wconf 80' lang='lat' dir='ltr'>progressus</span> <span class='ocrx_word' id='word_1_182' title='bbox 1341 1721 1481 1747; x_wconf 86' lang='lat' dir='ltr'>rerum</span> <span class='ocrx_word' id='word_1_183' title='bbox 1512 1710 1611 1747; x_wconf 90' lang='lat' dir='ltr'>solet</span> 
     </span>
     <span class='ocr_line' id='line_1_22' title="bbox 265 1782 1611 1837; baseline -0.003 -11"><span class='ocrx_word' id='word_1_184' title='bbox 265 1804 362 1837; x_wconf 70' lang='lat' dir='ltr'>esse,</span> <span class='ocrx_word' id='word_1_185' title='bbox 397 1787 546 1826; x_wconf 72' lang='lat' dir='ltr'>eximie</span> <span class='ocrx_word' id='word_1_186' title='bbox 576 1798 673 1824; x_wconf 84' lang='lat' dir='ltr'>vero</span> <span class='ocrx_word' id='word_1_187' title='bbox 706 1792 799 1835; x_wconf 83' lang='lat' dir='ltr'>apta</span> <span class='ocrx_word' id='word_1_188' title='bbox 828 1782 871 1820; x_wconf 81' lang='lat' dir='ltr'>iu</span> <span class='ocrx_word' id='word_1_189' title='bbox 904 1782 1083 1821; x_wconf 75' lang='lat' dir='ltr'>exordiis</span> <span class='ocrx_word' id='word_1_190' title='bbox 1111 1790 1171 1822; x_wconf 85' lang='lat' dir='ltr'>est</span> <span class='ocrx_word' id='word_1_191' title='bbox 1201 1790 1239 1821; x_wconf 88' lang='lat' dir='ltr'>et</span> <span class='ocrx_word' id='word_1_192' title='bbox 1268 1783 1312 1821; x_wconf 86' lang='lat' dir='ltr'>in</span> <span class='ocrx_word' id='word_1_193' title='bbox 1343 1784 1477 1833; x_wconf 81' lang='lat' dir='ltr'>exitu3</span> <span class='ocrx_word' id='word_1_194' title='bbox 1509 1784 1611 1823; x_wconf 84' lang='lat' dir='ltr'>etin</span> 
     </span>
     <span class='ocr_line' id='line_1_23' title="bbox 264 1859 1609 1915; baseline -0.001 -14"><span class='ocrx_word' id='word_1_195' title='bbox 264 1867 342 1904; x_wconf 79' lang='lat' dir='ltr'>hoe</span> <span class='ocrx_word' id='word_1_196' title='bbox 376 1861 564 1915; x_wconf 79' lang='lat' dir='ltr'>quidem,</span> <span class='ocrx_word' id='word_1_197' title='bbox 608 1874 699 1899; x_wconf 85' lang='lat' dir='ltr'>eum</span> <span class='ocrx_word' id='word_1_198' title='bbox 732 1860 991 1910; x_wconf 77' lang='lat' dir='ltr'>abrumpitur</span> <span class='ocrx_word' id='word_1_199' title='bbox 1022 1872 1164 1898; x_wconf 83' lang='lat' dir='ltr'>cursus</span> <span class='ocrx_word' id='word_1_200' title='bbox 1194 1860 1312 1910; x_wconf 84' lang='lat' dir='ltr'>prior</span> <span class='ocrx_word' id='word_1_201' title='bbox 1343 1859 1515 1911; x_wconf 77' lang='lat' dir='ltr'>elegiae,</span> <span class='ocrx_word' id='word_1_202' title='bbox 1560 1859 1609 1899; x_wconf 85' lang='lat' dir='ltr'>de</span> 
     </span>
     <span class='ocr_line' id='line_1_24' title="bbox 266 1931 1612 1991; baseline -0.001 -18"><span class='ocrx_word' id='word_1_203' title='bbox 266 1952 349 1991; x_wconf 77' lang='lat' dir='ltr'>quo</span> <span class='ocrx_word' id='word_1_204' title='bbox 379 1937 520 1988; x_wconf 79' lang='lat' dir='ltr'>paullo</span> <span class='ocrx_word' id='word_1_205' title='bbox 553 1942 643 1986; x_wconf 84' lang='lat' dir='ltr'>post·</span> <span class='ocrx_word' id='word_1_206' title='bbox 675 1932 828 1980; x_wconf 82' lang='lat' dir='ltr'>dicam,</span> <span class='ocrx_word' id='word_1_207' title='bbox 872 1933 917 1970; x_wconf 86' lang='lat' dir='ltr'>in</span> <span class='ocrx_word' id='word_1_208' title='bbox 947 1931 1128 1972; x_wconf 81' lang='lat' dir='ltr'>exordiis</span> <span class='ocrx_word' id='word_1_209' title='bbox 1169 1941 1305 1972; x_wconf 85' lang='lat' dir='ltr'>autem</span> <span class='ocrx_word' id='word_1_210' title='bbox 1345 1942 1390 1973; x_wconf 84' lang='lat' dir='ltr'>ut</span> <span class='ocrx_word' id='word_1_211' title='bbox 1431 1943 1470 1974; x_wconf 87' lang='lat' dir='ltr'>et</span> <span class='ocrx_word' id='word_1_212' title='bbox 1509 1935 1612 1976; x_wconf 86' lang='lat' dir='ltr'>vivi-</span> 
     </span>
     <span class='ocr_line' id='line_1_25' title="bbox 266 2008 1610 2063; baseline -0.003 -10"><span class='ocrx_word' id='word_1_213' title='bbox 266 2016 379 2063; x_wconf 83' lang='lat' dir='ltr'>dior,</span> <span class='ocrx_word' id='word_1_214' title='bbox 419 2012 590 2051; x_wconf 83' lang='lat' dir='ltr'>liberior</span> <span class='ocrx_word' id='word_1_215' title='bbox 628 2017 764 2048; x_wconf 86' lang='lat' dir='ltr'>motus</span> <span class='ocrx_word' id='word_1_216' title='bbox 801 2008 970 2047; x_wconf 81' lang='lat' dir='ltr'>affectus</span> <span class='ocrx_word' id='word_1_217' title='bbox 1007 2009 1136 2059; x_wconf 88' lang='lat' dir='ltr'>possit</span> <span class='ocrx_word' id='word_1_218' title='bbox 1167 2022 1277 2055; x_wconf 84' lang='lat' dir='ltr'>esse,</span> <span class='ocrx_word' id='word_1_219' title='bbox 1318 2017 1357 2047; x_wconf 87' lang='lat' dir='ltr'>et</span> <span class='ocrx_word' id='word_1_220' title='bbox 1386 2008 1521 2048; x_wconf 85' lang='lat' dir='ltr'>redire</span> <span class='ocrx_word' id='word_1_221' title='bbox 1550 2018 1610 2049; x_wconf 90' lang='lat' dir='ltr'>ta-</span> 
     </span>
     <span class='ocr_line' id='line_1_26' title="bbox 264 2085 1610 2139; baseline -0.003 -10"><span class='ocrx_word' id='word_1_222' title='bbox 264 2104 359 2129; x_wconf 80' lang='lat' dir='ltr'>men</span> <span class='ocrx_word' id='word_1_223' title='bbox 402 2086 497 2127; x_wconf 82' lang='lat' dir='ltr'>iude</span> <span class='ocrx_word' id='word_1_224' title='bbox 536 2086 650 2125; x_wconf 73' lang='lat' dir='ltr'>facile</span> <span class='ocrx_word' id='word_1_225' title='bbox 693 2093 813 2138; x_wconf 81' lang='lat' dir='ltr'>queat</span> <span class='ocrx_word' id='word_1_226' title='bbox 852 2093 995 2137; x_wconf 87' lang='lat' dir='ltr'>poeta,</span> <span class='ocrx_word' id='word_1_227' title='bbox 1045 2098 1217 2137; x_wconf 84' lang='lat' dir='ltr'>eamque</span> <span class='ocrx_word' id='word_1_228' title='bbox 1256 2085 1366 2124; x_wconf 68' lang='lat' dir='ltr'>viam</span> <span class='ocrx_word' id='word_1_229' title='bbox 1406 2087 1610 2139; x_wconf 82' lang='lat' dir='ltr'>persequi,</span> 
     </span>
     <span class='ocr_line' id='line_1_27' title="bbox 267 2157 1611 2218; baseline -0.002 -15"><span class='ocrx_word' id='word_1_230' title='bbox 267 2179 389 2218; x_wconf 77' lang='lat' dir='ltr'>quam</span> <span class='ocrx_word' id='word_1_231' title='bbox 420 2164 545 2213; x_wconf 75' lang='lat' dir='ltr'>elegia</span> <span class='ocrx_word' id='word_1_232' title='bbox 576 2175 684 2199; x_wconf 71' lang='lat' dir='ltr'>nuuc</span> <span class='ocrx_word' id='word_1_233' title='bbox 713 2162 905 2211; x_wconf 81' lang='lat' dir='ltr'>postulet.</span> <span class='ocrx_word' id='word_1_234' title='bbox 961 2158 1065 2199; x_wconf 87' lang='lat' dir='ltr'>Satis</span> <span class='ocrx_word' id='word_1_235' title='bbox 1093 2157 1142 2199; x_wconf 85' lang='lat' dir='ltr'>de</span> <span class='ocrx_word' id='word_1_236' title='bbox 1167 2160 1244 2199; x_wconf 88' lang='lat' dir='ltr'>his.</span> <span class='ocrx_word' id='word_1_237' title='bbox 1302 2159 1366 2199; x_wconf 78' lang='lat' dir='ltr'>Ad</span> <span class='ocrx_word' id='word_1_238' title='bbox 1397 2161 1611 2211; x_wconf 85' lang='lat' dir='ltr'>superiora</span> 
     </span>
     <span class='ocr_line' id='line_1_28' title="bbox 265 2235 1610 2289; baseline -0.003 -9"><span class='ocrx_word' id='word_1_239' title='bbox 265 2250 306 2280; x_wconf 90' lang='lat' dir='ltr'>ut</span> <span class='ocrx_word' id='word_1_240' title='bbox 342 2239 527 2289; x_wconf 83' lang='lat' dir='ltr'>redeam,</span> <span class='ocrx_word' id='word_1_241' title='bbox 573 2236 735 2276; x_wconf 82' lang='lat' dir='ltr'>abunde</span> <span class='ocrx_word' id='word_1_242' title='bbox 766 2236 944 2276; x_wconf 79' lang='lat' dir='ltr'>indicavi</span> <span class='ocrx_word' id='word_1_243' title='bbox 973 2236 1031 2275; x_wconf 89' lang='lat' dir='ltr'>ibi</span> <span class='ocrx_word' id='word_1_244' title='bbox 1063 2235 1161 2289; x_wconf 84' lang='lat' dir='ltr'>quid</span> <span class='ocrx_word' id='word_1_245' title='bbox 1191 2238 1323 2276; x_wconf 88' lang='lat' dir='ltr'>inesse</span> <span class='ocrx_word' id='word_1_246' title='bbox 1354 2237 1397 2275; x_wconf 88' lang='lat' dir='ltr'>in</span> <span class='ocrx_word' id='word_1_247' title='bbox 1429 2235 1610 2276; x_wconf 67' lang='lat' dir='ltr'>exordiis</span> 
     </span>
     <span class='ocr_line' id='line_1_29' title="bbox 266 2312 1610 2366; baseline -0.002 -10"><span class='ocrx_word' id='word_1_248' title='bbox 266 2319 414 2365; x_wconf 82' lang='lat' dir='ltr'>soleat,</span> <span class='ocrx_word' id='word_1_249' title='bbox 457 2331 500 2355; x_wconf 76' lang='lat' dir='ltr'>ac</span> <span class='ocrx_word' id='word_1_250' title='bbox 533 2329 625 2355; x_wconf 88' lang='lat' dir='ltr'>cum</span> <span class='ocrx_word' id='word_1_251' title='bbox 657 2312 767 2365; x_wconf 86' lang='lat' dir='ltr'>apud</span> <span class='ocrx_word' id='word_1_252' title='bbox 803 2314 903 2352; x_wconf 88' lang='lat' dir='ltr'>alios</span> <span class='ocrx_word' id='word_1_253' title='bbox 940 2313 1134 2352; x_wconf 78' lang='lat' dir='ltr'>introitus</span> <span class='ocrx_word' id='word_1_254' title='bbox 1172 2314 1321 2364; x_wconf 81' lang='lat' dir='ltr'>elegiae</span> <span class='ocrx_word' id='word_1_255' title='bbox 1358 2327 1478 2366; x_wconf 88' lang='lat' dir='ltr'>saepe</span> <span class='ocrx_word' id='word_1_256' title='bbox 1515 2327 1610 2365; x_wconf 83' lang='lat' dir='ltr'>per-</span> 
     </span>
     <span class='ocr_line' id='line_1_30' title="bbox 268 2388 1608 2443; baseline 0 -15"><span class='ocrx_word' id='word_1_257' title='bbox 268 2393 402 2430; x_wconf 64' lang='lat' dir='ltr'>brexis</span> <span class='ocrx_word' id='word_1_258' title='bbox 433 2391 504 2437; x_wconf 77' lang='lat' dir='ltr'>sit,</span> <span class='ocrx_word' id='word_1_259' title='bbox 546 2399 589 2428; x_wconf 92' lang='lat' dir='ltr'>ut</span> <span class='ocrx_word' id='word_1_260' title='bbox 620 2392 864 2443; x_wconf 83' lang='lat' dir='ltr'>plerumque</span> <span class='ocrx_word' id='word_1_261' title='bbox 895 2390 1005 2442; x_wconf 86' lang='lat' dir='ltr'>apud</span> <span class='ocrx_word' id='word_1_262' title='bbox 1035 2390 1297 2442; x_wconf 85' lang='lat' dir='ltr'>Propertium</span> <span class='ocrx_word' id='word_1_263' title='bbox 1331 2398 1369 2429; x_wconf 86' lang='lat' dir='ltr'>et</span> <span class='ocrx_word' id='word_1_264' title='bbox 1400 2388 1608 2439; x_wconf 63' lang='lat' dir='ltr'>Ovidium,</span> 
     </span>
     <span class='ocr_line' id='line_1_31' title="bbox 267 2463 1607 2518; baseline -0.001 -12"><span class='ocrx_word' id='word_1_265' title='bbox 267 2467 518 2506; x_wconf 69' lang='lat' dir='ltr'>eontrarium</span> <span class='ocrx_word' id='word_1_266' title='bbox 543 2479 701 2504; x_wconf 88' lang='lat' dir='ltr'>morem</span> <span class='ocrx_word' id='word_1_267' title='bbox 731 2466 918 2518; x_wconf 84' lang='lat' dir='ltr'>sequitur</span> <span class='ocrx_word' id='word_1_268' title='bbox 941 2466 1144 2513; x_wconf 74' lang='lat' dir='ltr'>Tibullus,</span> <span class='ocrx_word' id='word_1_269' title='bbox 1175 2465 1290 2503; x_wconf 88' lang='lat' dir='ltr'>cuius</span> <span class='ocrx_word' id='word_1_270' title='bbox 1321 2463 1492 2503; x_wconf 82' lang='lat' dir='ltr'>exordia</span> <span class='ocrx_word' id='word_1_271' title='bbox 1522 2466 1607 2504; x_wconf 87' lang='lat' dir='ltr'>sere</span> 
     </span>
     <span class='ocr_line' id='line_1_32' title="bbox 264 2539 1606 2593; baseline -0.002 -11"><span class='ocrx_word' id='word_1_272' title='bbox 264 2544 452 2593; x_wconf 73' lang='lat' dir='ltr'>longiora</span> <span class='ocrx_word' id='word_1_273' title='bbox 492 2549 586 2581; x_wconf 85' lang='lat' dir='ltr'>sunt</span> <span class='ocrx_word' id='word_1_274' title='bbox 627 2550 664 2581; x_wconf 86' lang='lat' dir='ltr'>et</span> <span class='ocrx_word' id='word_1_275' title='bbox 701 2543 903 2581; x_wconf 78' lang='lat' dir='ltr'>vestibula</span> <span class='ocrx_word' id='word_1_276' title='bbox 942 2542 1099 2592; x_wconf 78' lang='lat' dir='ltr'>egregia</span> <span class='ocrx_word' id='word_1_277' title='bbox 1137 2539 1376 2580; x_wconf 81' lang='lat' dir='ltr'>carminum.</span> <span class='ocrx_word' id='word_1_278' title='bbox 1434 2539 1606 2579; x_wconf 82' lang='lat' dir='ltr'>Minime</span> 
     </span>
    </p>
   </div>
   <div class='ocr_carea' id='block_1_3' title="bbox 266 2616 1605 2669">
    <p class='ocr_par' dir='ltr' id='par_1_3' title="bbox 266 2616 1605 2669">
     <span class='ocr_line' id='line_1_33' title="bbox 266 2616 1605 2669; baseline -0.002 -12"><span class='ocrx_word' id='word_1_279' title='bbox 266 2620 390 2658; x_wconf 68' lang='lat' dir='ltr'>iei&#39;ur</span> <span class='ocrx_word' id='word_1_280' title='bbox 427 2616 517 2658; x_wconf 84' lang='lat' dir='ltr'>dico</span> <span class='ocrx_word' id='word_1_281' title='bbox 556 2618 656 2656; x_wconf 86' lang='lat' dir='ltr'>alios</span> <span class='ocrx_word' id='word_1_282' title='bbox 692 2619 813 2669; x_wconf 83' lang='lat' dir='ltr'>plane</span> <span class='ocrx_word' id='word_1_283' title='bbox 845 2616 1014 2657; x_wconf 84' lang='lat' dir='ltr'>eandem</span> <span class='ocrx_word' id='word_1_284' title='bbox 1044 2617 1242 2656; x_wconf 83' lang='lat' dir='ltr'>rationem</span> <span class='ocrx_word' id='word_1_285' title='bbox 1277 2616 1412 2669; x_wconf 81' lang='lat' dir='ltr'>sequi:</span> <span class='ocrx_word' id='word_1_286' title='bbox 1454 2617 1605 2655; x_wconf 83' lang='lat' dir='ltr'>Tibulli</span> 
     </span>
    </p>
   </div>
  </div>
 </body>
</html>
