1721 2953
273 87 356 124 234
588 81 958 125 COMMENTAR.
991 85 1049 126 IN
1081 84 1307 127 TIBULLI

272 199 394 243 plicem
420 198 568 239 cultum,
603 203 639 231 at
664 197 754 231 Coas
785 202 900 233 vestes
931 203 967 233 et
1002 200 1169 244 mancipia
1195 199 1397 245 Aethiopica
1426 203 1461 234 et
1488 202 1619 235 colores

270 266 416 297 selectos
450 263 479 295 si
512 262 714 307 praebeam,
750 264 881 306 gratior
904 266 979 298 sim.
1028 265 1129 299 Talia
1160 266 1250 300 enim
1285 270 1417 308 amant,
1453 267 1535 299 talia
1560 267 1618 308 qni

270 331 390 370 offert,
416 340 558 372 regnum
583 334 698 372 tenet,
723 330 787 363 etsi
813 331 889 364 vilis
914 331 1015 365 homo
1040 333 1104 374 sit,
1128 333 1177 365 uti
1203 342 1291 365 nune
1317 331 1490 365 Nemesim
1515 330 1617 364 homo

269 395 360 436 cepit
384 405 427 427 ex
454 395 579 439 praeda
604 395 719 437 dives,
753 406 856 440 saepe
881 397 962 431 olim
986 398 1076 431 inter
1100 399 1266 442 mancipia
1293 398 1460 431 venditus.
1510 397 1618 431 Vobis

267 465 402 502 autem,
443 461 560 494 rustici
593 461 660 503 dii,
698 461 755 504 qui
788 472 877 496 nunc
909 463 1017 507 copiis
1051 464 1173 496 vestris
1197 465 1355 497 allectam
1380 463 1548 497 abducitis
1573 473 1617 497 ex

266 524 351 557 urbe
374 525 522 568 puellam
546 526 579 559 in
609 526 714 560 ditem
740 526 875 568 villam,
901 526 1026 561 devota
1051 532 1151 561 sunto
1176 539 1315 562 munera
1337 533 1452 563 vestra
1475 533 1510 562 et
1534 539 1616 572 per-

264 594 343 623 eant
370 592 504 634 potius⁷
538 603 581 626 ne
608 603 686 626 rure
712 594 845 636 puellae
870 594 957 637 sint3
995 595 1135 628 meliora
1172 596 1252 629 olim
1287 601 1442 640 tempora
1466 596 1614 637 fuerunt,

265 667 342 690 cum
375 658 556 700 glandibus
594 663 629 692 et
664 670 750 702 aqua
785 661 937 694 viverent
971 660 1125 694 homines
1157 662 1190 694 in
1227 662 1391 706 pellibus,
1430 666 1465 695 at
1489 663 1614 696 amoris

263 722 390 764 gaudia
426 724 532 757 libere
570 726 686 759 Venus
723 726 924 769 praeberet,
962 737 1026 759 nec
1061 731 1177 760 custos
1213 731 1248 760 et
1280 728 1380 761 ianua
1416 728 1614 761 excluderet

263 792 442 823 amantem.
493 790 592 824 Nunc
626 796 739 825 autem
772 793 853 835 quid
887 793 1030 837 prodest
1060 792 1142 827 mihi
1176 797 1258 837 toga
1295 795 1456 837 elegans,
1492 795 1520 828 si
1546 805 1612 828 non

260 853 360 888 video
395 856 573 898 puellam?
620 857 727 890 Immo
762 858 860 890 mitto
895 856 1001 900 haec3
1040 858 1200 892 abducite
1238 869 1292 892 me
1330 860 1365 891 in
1399 861 1610 901 servitutem,

262 931 350 965 opus
376 924 538 957 rusticum
564 924 685 958 faciam
710 925 744 957 in
778 925 869 967 agris
903 925 1080 968 dominae,
1117 930 1156 960 ut
1179 926 1348 959 interdum
1374 915 1494 960 saltem
1520 926 1612 959 fruar

261 988 334 1021 eius
367 989 544 1034 adspectu.
591 991 644 1025 Ita
678 992 848 1026 Tibullus.
898 994 1052 1037 Apparet
1086 1004 1130 1027 ex
1163 992 1226 1027 hac
1260 994 1474 1026 enarratione
1506 1003 1610 1035 argu-

260 1056 364 1088 menti
389 1060 470 1100 apte
495 1061 529 1091 et
555 1057 695 1102 pulchre
722 1056 907 1091 cohaerere
932 1059 1044 1091 omnia
1073 1062 1107 1091 et
1127 1069 1207 1091 vere
1229 1059 1399 1101 poeticam
1419 1068 1493 1091 esse
1516 1068 1610 1091 com—

259 1123 462 1166 positionem
489 1125 632 1167 elegiae.
682 1125 874 1158 Servire
908 1125 1003 1158 vult
1035 1124 1151 1168 apud
1185 1124 1428 1158 dominam:
1468 1124 1531 1158 hoc
1558 1129 1611 1159 est

257 1187 372 1222 thema
406 1190 582 1232 carminis,
621 1191 829 1224 enuntiatum
855 1191 969 1223 statim
1006 1191 1038 1223 in
1075 1190 1267 1224 exordio
1302 1195 1336 1224 et
1364 1193 1543 1235 repetitum
1575 1191 1608 1224 in

260 1255 408 1296 exitu3
449 1266 525 1289 nam
561 1256 650 1289 inter
683 1256 808 1289 formas
841 1266 961 1289 suaves
987 1257 1174 1299 elegiarum
1200 1257 1300 1291 etiam
1327 1256 1410 1291 llaec
1442 1262 1513 1300 est,
1551 1258 1606 1291 ubi

257 1329 388 1352 summa
412 1322 601 1362 sententia,
629 1323 737 1365 posita
767 1323 799 1355 in
825 1323 986 1365 exordio,
1014 1323 1102 1356 redit
1127 1324 1161 1356 in
1186 1325 1262 1357 fine.
1311 1325 1348 1357 In
1375 1324 1518 1358 medio
1544 1335 1607 1357 au-

256 1388 326 1418 tem
352 1387 548 1419 carmine
582 1387 736 1419 videmus
767 1392 841 1418 tres
870 1392 995 1429 partes
1027 1399 1155 1422 rerum.
1204 1388 1364 1420 Primum
1390 1388 1504 1421 laudat
1531 1399 1605 1431 my-

256 1449 367 1484 thicae
403 1453 524 1485 aetatis
558 1463 708 1494 morem,
745 1463 822 1486 cum
854 1463 950 1486 amor
987 1455 1111 1497 primas
1146 1454 1273 1497 ubique
1306 1458 1459 1496 teneret,
1501 1459 1605 1497 atque

255 1520 358 1551 etiam
385 1519 430 1552 dii
458 1518 602 1553 honores
627 1524 662 1553 et
687 1520 806 1553 domos
834 1531 912 1553 suas
947 1521 1178 1563 relinquerent
1211 1526 1246 1555 et
1279 1522 1321 1554 ad
1347 1522 1494 1555 infimam
1520 1532 1604 1555 con-

255 1585 417 1620 ditionem
443 1587 690 1620 descenderent
716 1591 857 1630 propter
882 1598 1043 1620 amorem.
1109 1590 1197 1619 Tum
1223 1590 1366 1633 opponit
1390 1593 1425 1622 et
1450 1590 1604 1632 exagitat

253 1661 415 1693 praesens
440 1652 612 1685 saeculum
641 1655 677 1685 et
701 1650 898 1685 hodiernam
925 1653 1091 1686 luxuriam
1117 1657 1152 1686 et
1177 1654 1371 1696 avaritiam,
1408 1655 1466 1688 ubi
1492 1657 1602 1700 pretio

251 1716 409 1750 venditur
440 1728 536 1751 amor
571 1722 606 1750 et
638 1717 667 1750 is
702 1712 849 1761 puellam
884 1716 985 1751 habet
1017 1719 1074 1760 qui
1107 1719 1254 1752 maxima
1288 1719 1378 1753 dona
1404 1720 1480 1754 fert.
1529 1722 1600 1753 Po-

251 1788 380 1815 stremo
415 1783 458 1816 ad
494 1783 625 1828 priscae
657 1782 882 1826 simplicitatis
915 1783 1051 1817 laudem
1084 1784 1172 1818 redit
1203 1784 1246 1817 ab
1272 1785 1337 1818 alia
1364 1790 1476 1819 tamen
1502 1791 1600 1830 parte

251 1860 340 1883 nunc
374 1854 552 1883 tractatam
589 1853 624 1883 et
657 1851 782 1883 amoris
817 1850 960 1884 liberum
995 1861 1093 1885 usum
1127 1851 1302 1896 praedicat
1335 1852 1368 1885 in
1401 1855 1495 1886 tenui
1528 1857 1599 1886 tum

249 1917 342 1949 victu
366 1916 539 1958 cultuque.
589 1915 758 1948 Nimirum
793 1924 909 1948 amore
940 1915 1021 1949 nihil
1056 1920 1109 1950 est
1143 1918 1252 1951 maius
1284 1921 1388 1961 atque
1422 1921 1599 1962 praestan-

250 1981 339 2022 tius3
376 1980 453 2015 huic
486 1980 654 2022 honores,
692 1980 848 2022 divitiae,
886 1982 988 2024 gulae
1023 1983 1236 2026 voluptates,
1273 1984 1340 2016 alia
1366 1984 1480 2017 omnia
1504 1988 1600 2028 post-

249 2044 424 2088 habenda,
450 2056 512 2089 pro
538 2045 602 2079 hoc
627 2046 821 2088 molestiae,
856 2046 989 2080 labores
1015 2057 1132 2080 omnes
1158 2049 1344 2083 tolerandiz
1384 2050 1432 2082 ita
1457 2061 1511 2084 res
1536 2051 1599 2084 suit

248 2112 283 2145 in
306 2112 475 2154 mythicae
500 2114 621 2146 aetatis
646 2114 874 2157 simplicitate,
895 2119 997 2156 atque
1023 2115 1069 2147 ita
1093 2116 1196 2148 etiam
1221 2126 1310 2149 nunc
1336 2116 1493 2150 Tibullus
1517 2128 1596 2151 sen-

248 2178 300 2212 tit.
351 2179 437 2212 Cum
472 2179 578 2222 igitur
609 2172 736 2213 servire
770 2181 851 2214 velit
884 2182 975 2224 apud
1012 2182 1202 2224 dominam,
1237 2183 1268 2216 in
1303 2182 1415 2216 medio
1450 2185 1597 2218 carmine

246 2245 394 2278 illustrat
431 2249 466 2278 et
505 2251 648 2280 exornat
684 2246 768 2280 hanc
806 2249 913 2291 ipsam
952 2249 1060 2282 ideam
1100 2250 1224 2283 amoris
1263 2260 1324 2293 pro
1362 2260 1493 2283 summo
1528 2251 1594 2283 fine

246 2311 360 2344 emnia
394 2312 592 2353 tolerantis,
631 2323 696 2355 qua
731 2313 853 2346 ‹luctus-
888 2318 922 2346 et
955 2314 1028 2358 ipse
1055 2320 1193 2358 paratus
1220 2320 1272 2348 est
1297 2316 1442 2348 tolerare
1468 2315 1593 2356 omnia,

246 2386 310 2409 nec
343 2381 456 2420 potest
482 2379 624 2422 reperiri
653 2381 772 2413 melior
798 2381 906 2414 unitas
933 2392 1056 2415 rerum.
1115 2382 1225 2415 Simul
1261 2393 1383 2425 magna
1419 2385 1473 2415 est
1507 2392 1592 2415 con-

246 2443 388 2476 cinnitas
413 2449 614 2478 structurae.
666 2447 712 2479 Ut
740 2448 827 2480 enim
857 2449 967 2482 exitus
993 2449 1035 2482 ad
1064 2449 1241 2482 exordium
1267 2448 1365 2489 redit,
1391 2448 1439 2481 sic
1463 2435 1500 2480 iu⁴
1519 2458 1593 2481 me-

247 2511 303 2544 ‹lio
329 2513 476 2545 carmine
505 2515 603 2546 tertia
641 2526 716 2556 pars
751 2515 792 2547 ad
822 2516 982 2558 priunum
1017 2514 1100 2548 haec
1126 2515 1230 2557 igitur
1255 2519 1305 2547 est
1336 2514 1442 2547 forma
1470 2515 1593 2547 carmi-

246 2578 298 2611 nis
324 2579 510 2621 exquisita:
540 2582 565 2612 A
590 2581 614 2611 Β
642 2581 668 2612 C
691 2581 718 2613 Β
740 2582 779 2622 Α,
806 2582 846 2614 ‹lc
875 2593 939 2624 qua
968 2584 1068 2616 etiam
1095 2583 1126 2614 in
1154 2581 1399 2614 Dissertatione
1424 2581 1465 2614 ‹le
1492 2582 1592 2614 Poesi
