1721 2953
267 147 319 181 52
583 136 951 181 COMMENTAR.
980 136 1040 178 IN
1071 136 1297 178 TIBULLI

270 267 421 312 opponit.
471 265 620 298 Vossms
654 271 721 295 non
756 259 899 294 attendit
923 259 965 294 ad
993 269 1178 304 pronomen
1205 257 1278 302 ipse
1305 259 1337 291 in
1365 257 1531 302 principio
1556 267 1611 290 se-

271 333 371 366 cundi
398 331 481 371 loci,
514 332 552 361 ut
575 326 846 370 circumscriptio
871 325 945 358 eius
970 324 1131 358 ostendit.
1190 324 1281 357 Sane
1305 327 1400 356 recte
1424 322 1546 365 aliquis
1571 319 1615 353 de

271 409 308 432 se
333 397 423 439 loqui
452 398 566 439 potest
591 394 657 426 ita:
693 393 840 426 Ferreus
865 392 929 425 fuit
953 391 1025 433 hic,
1052 392 1109 433 qui
1135 394 1170 424 te
1195 389 1358 423 deseruit.
1417 389 1552 421 Utinam
1581 387 1616 420 in

270 468 445 508 posterum
480 469 650 502 nunquam
681 462 716 492 te
750 467 895 491 caream.
953 456 1081 489 Confer
1114 455 1216 489 modo
1251 454 1338 488 infra
1371 454 1416 496 ΙΙ,
1452 456 1486 495 6,
1521 454 1613 486 7-9.

270 530 370 563 Nunc
404 531 519 560 autem
552 525 723 569 oppositio
748 522 985 567 pronominum
1017 520 1077 552 ille
1109 519 1254 565 -ipse
1288 519 1442 552 habetur.
1502 518 1619 554 Quare

272 594 362 638 quod
391 595 538 629 Vossms
563 591 607 625 ad
632 591 810 624 mulierum
835 589 996 622 iudicium
1021 591 1197 632 provocat,
1222 585 1490 620 lnermeneutices
1515 593 1619 626 regu—

273 664 324 696 las
360 673 426 704 ego
460 660 539 693 viris
577 658 687 692 doctis
722 657 842 690 melius
877 656 1030 697 cognitas
1064 658 1161 697 puto.
1210 652 1288 686 Non
1313 652 1423 694 magis
1448 661 1526 684 vera
1552 651 1618 683 alia

274 730 388 774 opinio
414 728 566 762 HssYmo
590 725 738 759 maxime
764 723 917 767 probata,
942 721 1148 765 generaliter
1172 720 1265 763 loqui
1290 723 1437 763 poetam,
1470 717 1616 751 ferreum

279 807 355 832 esse
380 795 436 838 qui
460 793 589 827 Deliam
615 792 775 825 deserere
802 790 884 823 velit
908 788 1070 832 possitve,
1095 797 1158 820 nec
1183 786 1226 820 de
1251 790 1346 820 certo
1372 785 1507 819 homine
1533 794 1620 828 quo*

274 863 352 896 dam
377 862 444 905 agi.
495 860 582 893 Cum
608 859 697 892 euim
722 858 826 892 verba
850 860 974 900 poetae
999 855 1084 888 sint:
1122 853 1270 899 ferreas
1304 851 1364 884 ille
1387 850 1489 897 fuit,
1525 850 1621 884 vides

273 930 347 974 ipse
371 928 414 961 de
440 928 530 961 facta
554 938 591 960 re
615 927 706 968 loqui
732 936 829 965 eum,
866 934 909 957 ne
934 931 1089 956 moneam
1126 925 1254 953 temere
1279 918 1383 952 minui
1409 917 1619 961 praeclaram

273 997 340 1029 vim
370 996 456 1037 loci,
494 1005 556 1038 pro
590 1004 670 1026 vera
705 1002 742 1025 re
768 991 952 1025 substituta
976 991 1066 1022 ficta.
1123 987 1234 1030 Igitur
1267 989 1382 1018 certus
1413 983 1513 1016 homo
1548 982 1621 1015 fuit.

274 1061 376 1094 Hunc
401 1070 482 1093 vero
507 1070 573 1101 ego
606 1067 771 1101 nuperum
807 1059 994 1089 amatorem
1028 1053 1133 1086 fuisse
1166 1051 1290 1093 credo,
1327 1060 1437 1092 neque
1462 1048 1622 1090 equitem,

274 1127 334 1162 sed
359 1127 491 1167 ducem,
516 1125 559 1158 de
584 1135 651 1168 quo
677 1134 757 1157 mox
781 1123 903 1156 dicam.
933 1139 980 1146 -—
1007 1121 1048 1154 V·
1077 1122 1134 1153 68.
1160 1116 1388 1151 maluerit.
1437 1115 1624 1157 Perperam

273 1193 486 1226 Huscnxms
513 1200 556 1223 ex
581 1200 648 1223 uno
672 1189 758 1222 libro
783 1185 961 1219 maluerat
988 1184 1129 1229 probat,
1162 1182 1252 1226 quod
1279 1180 1442 1226 postulari
1468 1179 1626 1223 opinatur

275 1259 476 1303 imperfecto
504 1261 636 1300 posset.
685 1255 724 1288 ln
758 1263 825 1296 quo
858 1251 996 1284 fallitur.
1046 1249 1102 1282 Tu
1134 1247 1217 1281 illud
1253 1247 1364 1291 potius
1395 1244 1530 1278 notabis
1563 1254 1624 1287 pro

276 1325 449 1358 abstracto
477 1332 603 1365 genere
629 1319 780 1353 dicendi:
807 1318 938 1350 ferreus
964 1316 1047 1357 suit,
1073 1315 1130 1357 qui
1157 1324 1233 1348 cum
1257 1313 1426 1357 potuerit,
1453 1311 1625 1351 maluerit,

278 1388 420 1433 pulchre
452 1392 570 1431 posset
605 1386 813 1429 praelatum,
850 1386 888 1414 ut
921 1381 1123 1414 narrationis
1148 1380 1300 1422 vigorem
1326 1378 1466 1411 haberet
1500 1377 1622 1410 oratio.

277 1456 405 1490 Similis
430 1455 585 1487 iunctura
610 1450 696 1484 infra
718 1450 778 1491 lv,
806 1453 837 1490 1,
862 1452 930 1482 50:
962 1446 1099 1481 Via-erit
1127 1445 1186 1478 ille
1213 1456 1318 1478 senex
1345 1443 1516 1490 quamvis,
1543 1442 1626 1474 dam

276 1527 378 1553 terna
408 1530 473 1562 per
505 1515 618 1550 orbem
652 1514 804 1547 Saecula
831 1511 1020 1558 fertilibus
1053 1510 1162 1543 Titan
1189 1510 1388 1542 decurreret
1416 1507 1530 1542 horis,
1567 1508 1625 1541 ubi

277 1586 431 1620 similiter
457 1581 650 1615 decurrerit
676 1581 802 1613 mavult
827 1578 1061 1618 Hvscnmus,
1100 1579 1288 1620 praeeunte
1315 1559 1627 1614 WunnnnmcniQ

278 1653 379 1685 male.
429 1650 551 1683 Paullo
576 1652 653 1692 post
686 1647 812 1680 ibidem
850 1657 881 1679 v.
910 1648 967 1681 65.
1002 1644 1120 1677 eadem
1151 1641 1361 1676 constructio
1395 1640 1501 1674 redit:
1539 1639 1627 1683 Quis

277 1727 459 1762 nunqnam
484 1713 653 1747 candente
680 1711 752 1744 dies
779 1711 949 1754 apparuit
975 1714 1077 1744 orla,
1103 1719 1163 1740 seu
1191 1717 1300 1750 snpra
1327 1711 1442 1737 terras
1466 1701 1628 1736 Phoebus

279 1793 339 1814 sea
367 1785 523 1812 curreret
547 1778 659 1824 inst-a.
676 1795 721 1801 -
749 1777 787 1810 V.
815 1778 871 1809 69.
898 1778 1006 1817 agat
1031 1776 1154 1814 ante,
1180 1773 1288 1806 Vm‘e.
1316 1772 1445 1812 Georg.
1469 1769 1530 1811 ΙΙΙ,
1546 1770 1626 1801 552.

280 1847 323 1879 cf.
355 1846 579 1879 samm-imum
615 1843 648 1875 in
681 1840 843 1874 Biblioth.
881 1841 955 1873 crit.
989 1839 1051 1881 111,
1088 1851 1121 1882 p.
1149 1841 1205 1872 68.
1264 1838 1316 1870 De
1341 1835 1500 1869 historica
1527 1839 1626 1868 rent

280 1913 409 1950 dicam⁷
445 1922 521 1944 cum
545 1909 608 1942 hoc
634 1918 770 1942 carmen
802 1912 880 1940 ante
914 1906 1060 1939 reditum
1085 1905 1257 1938 Messalae
1282 1904 1446 1947 scriptum
1472 1903 1536 1943 sit,
1571 1903 1629 1944 qui

282 1990 359 2013 cum
385 1978 472 2021 apud
500 1977 675 2009 Orientem
702 1977 916 2014 versaretur,
943 1972 1045 2005 etiam
1072 1971 1104 2003 in
1130 1971 1249 2003 Cilicia
1276 1969 1404 2002 bellum
1430 1968 1557 2010 gessit,
1585 1966 1627 1999 cf.

279 2047 307 2088 Ι,
329 2050 362 2087 7,
388 2048 454 2086 16.‚
480 2044 522 2077 ad
549 2043 611 2076 boc
637 2041 835 2075 referendus
860 2039 995 2072 videtur
1022 2040 1127 2072 locus.
1177 2038 1327 2070 Allatum
1351 2040 1406 2069 est
1432 2035 1628 2068 bellicosum

281 2103 427 2144 maxime
453 2114 486 2142 et
511 2109 641 2142 domitu
677 2106 849 2140 difficilem
886 2105 991 2137 fuisse
1023 2103 1111 2136 hunc
1145 2104 1328 2147 populum,
1367 2106 1405 2134 ut
1430 2101 1531 2134 etiam
1557 2101 1628 2132 sine

281 2181 440 2220 respectu
466 2176 507 2209 ad
535 2172 705 2208 Messalae
730 2172 982 2216 expeditionem
1008 2181 1070 2214 pro
1097 2171 1256 2213 exemplo
1280 2168 1537 2202 commemorari
1566 2177 1629 2211 po-

282 2242 397 2275 tuerit.
447 2240 531 2273 Mihi
557 2240 703 2273 maxime
728 2238 885 2281 displicet
912 2247 951 2269 ea
977 2237 1075 2276 ratio,
1096 2246 1183 2278 quae
1211 2246 1272 2279 pro
1293 2235 1381 2268 veris
1404 2234 1480 2267 ficta
1502 2232 1629 2274 ubique

281 2307 487 2340 substituere
512 2308 641 2346 tentat,
667 2313 733 2347 quo
759 2302 839 2336 nihil
865 2303 973 2345 magis
999 2303 1145 2335 nativam
1172 2301 1239 2334 vim
1265 2300 1362 2334 huius
1388 2309 1532 2344 poeseos
1558 2298 1628 2331 dis-

285 2372 397 2405 solvit.
448 2372 499 2403 De
524 2380 605 2404 vero
630 2370 722 2402 bello
748 2369 840 2410 loqui
867 2372 1003 2409 poetam
1036 2378 1078 2400 ne
1109 2367 1247 2408 dubita3
1283 2377 1359 2400 nam
1385 2375 1446 2409 pro
1471 2365 1628 2408 exemplo

284 2441 385 2475 etiam
413 2439 532 2472 melius
558 2438 614 2470 alii
641 2437 794 2470 bellicosi
820 2435 936 2479 populi
962 2435 1128 2467 nominari
1153 2437 1322 2477 poterant,
1349 2435 1386 2465 ut
1410 2429 1538 2472 Parthi,
1568 2431 1629 2464 Ci-

283 2506 366 2538 lices
390 2509 426 2537 ut
450 2504 638 2536 nominaret
660 2513 726 2545 quo
753 2503 827 2535 iure
854 2502 1053 2544 negabimus
1076 2508 1215 2545 propter
1239 2499 1364 2532 bellum
1390 2497 1516 2531 factum
1541 2507 1628 2539 esse,

283 2572 373 2616 quod
399 2572 523 2604 scimus
550 2570 621 2602 istis
648 2570 859 2612 temporibus
886 2579 961 2602 cum
988 2569 1027 2602 iis
1053 2566 1215 2610 gestum?
1264 2565 1374 2598 Porro
1401 2564 1559 2598 existimo
1585 2564 1627 2597 de

284 2638 369 2672 duce
399 2637 489 2679 loqui
516 2639 668 2679 poetam3
705 2634 876 2676 quomodo
904 2634 991 2667 enim
1018 2633 1099 2666 haec
1127 2632 1248 2667 verba:
1285 2636 1371 2676 agat
1399 2636 1481 2662 onte
1508 2635 1626 2662 cala:-

1716 153 1721 286 l

1719 302 1721 357 ς
