1721 2953
284 158 334 192 18
596 147 962 190 COMMENTAR.
993 149 1046 187 ἸΝ
1082 149 1307 189 TlllllLLl

287 283 404 308 versus
430 271 588 305 reiiceres
612 279 688 303 cum
713 268 904 303 Huscmuo
930 270 1081 312 aliisque.
1108 272 1163 302 ubi
1189 272 1279 304 nulla
1300 278 1351 305 est
1371 271 1548 316 emphasis,
1573 282 1634 305 nec

291 342 400 376 minus
434 339 520 372 male
554 347 630 370 cum
664 337 793 371 Voss1o
833 336 933 380 plane
968 337 1120 370 eiiceres.
1181 337 1342 371 Ceterum
1369 338 1513 372 eundem
1539 348 1636 372 usum

292 417 391 449 quem
417 413 505 437 nunc
531 413 561 435 v.
587 407 661 437 est,
700 402 803 435 etiam
827 401 913 434 aliae
944 412 1061 436 omues
1088 404 1227 436 voculae
1252 404 1284 437 in
1311 405 1535 438 collocatione
1561 415 1636 438 ver-

288 475 407 506 borum
438 469 571 503 habent.
628 467 795 512 Erigitur
829 466 955 513 ubique
987 474 1023 500 et
1058 468 1202 502 acuitur
1239 476 1406 503 accentus
1444 470 1638 503 rhetoricas

290 536 528 572 antecedentis
545 534 646 569 ⁴vocis
670 534 830 567 subiecta
864 533 939 566 alia
973 533 1114 569 leviori,
1151 546 1240 580 quae
1272 543 1454 569 accentum
1478 548 1547 569 non
1572 536 1637 568 Iza-

292 605 383 638 beat.
432 605 485 637 De
510 613 575 646 qua
601 612 638 635 re
668 602 749 635 olim
774 601 842 634 alio
873 602 950 635 loco
984 602 1188 644 explicatius
1213 602 1333 637 dicam.
1383 604 1471 637 Nam
1497 607 1550 637 est
1573 614 1639 637 una

291 684 335 707 ex
355 671 494 705 summis
519 669 652 713 legibus
672 668 905 701 collocationis
924 668 1115 703 verborum.
1132 687 1176 693 —-
1192 666 1243 703 'V.
1259 673 1306 703 35
1322 681 1371 712 sq.
1423 671 1524 712 Hic,
1549 671 1639 714 apud

289 748 366 779 me,
402 737 435 769 in
469 745 546 769 meo
579 732 719 778 praedio
753 733 847 765 nulla
876 732 972 765 vobis
1008 732 1154 776 praeda,
1186 744 1261 767 cum
1295 739 1466 778 pastorem
1501 737 1639 769 lustrem

291 803 472 848 quotannis
497 805 531 834 et
557 800 676 834 Palem
702 799 834 842 placem
856 802 893 831 ut
917 801 1053 831 tueatur
1078 808 1231 840 gregem.
1280 799 1345 833 Est
1369 800 1473 843 igitur
1495 800 1553 832 hic
1577 811 1640 844 op-

292 869 442 912 positum
466 867 597 900 verbis:
623 865 664 897 de
692 876 818 909 magno
841 876 967 910 grege,
992 865 1100 907 qualis
1128 866 1160 897 in
1187 866 1260 898 aliis
1283 867 1374 908 agris
1400 870 1464 908 est,
1488 871 1522 900 et
1547 867 1640 900 vides

294 935 406 969 omnia
431 934 559 977 optime
583 932 708 970 iuncta.
733 931 823 973 quod
850 935 989 975 propter
1013 931 1194 964 anmum
1219 941 1351 965 moneo.
1399 932 1510 965 Porro
1533 942 1640 973 sacra,

296 1002 340 1035 de
364 1000 487 1042 quibus
513 1001 613 1042 poeta
635 997 796 1039 loquitur,
821 995 942 1029 Palilia
967 1000 1054 1036 sunt,
1077 995 1111 1028 d.
1131 995 1227 1029 XXI.
1244 998 1325 1040 Apr.
1352 996 1517 1029 celebrari
1541 997 1641 1029 solita

292 1079 354 1112 pro
390 1075 514 1111 pecore
548 1069 582 1097 et
617 1063 831 1107 pastoribus,
865 1062 909 1096 cf.
935 1063 1044 1095 Ovu).
1070 1062 1162 1095 Fast.
1188 1062 1247 1103 IV,
1271 1064 1340 1094 72⁴1
1366 1072 1438 1104 sqq.
1488 1062 1640 1094 Primum

294 1132 453 1177 purgatio
479 1131 612 1174 pecoris
637 1129 719 1170 fuit,
753 1127 795 1160 de
821 1137 886 1169 qua
912 1131 1003 1159 tacet
1028 1125 1080 1159 hic
1104 1126 1273 1159 Tibullus.
1320 1126 1406 1159 Post
1431 1126 1536 1169 dapes
1559 1136 1640 1159 vero

294 1200 383 1231 lacte
407 1197 540 1239 signum
565 1194 652 1227 deae
676 1202 842 1236 sparsum,
870 1201 938 1234 quo
956 1191 1125 1234 pertinent
1144 1191 1268 1224 Ovum
1295 1191 1413 1224 rerba:
1438 1190 1641 1223 Silvicolam

296 1263 412 1309 tepido
437 1263 530 1295 lacte
551 1271 697 1305 precare
720 1259 856 1295 Palem,
882 1263 920 1292 ut
943 1258 1097 1291 similiter
1122 1257 1208 1291 infra
1233 1258 1279 1300 11,
1303 1260 1338 1300 5,
1355 1259 1421 1290 27:
1445 1258 1573 1290 Panem
1589 1257 1641 1288 vi-

295 1330 391 1363 debis
425 1329 513 1360 lacte
545 1325 746 1358 madentem.
796 1324 930 1356 Interea
955 1332 1074 1366 preces
1099 1323 1193 1356 fiunt.
1244 1323 1332 1356 Tum
1360 1323 1462 1357 etiam
1488 1326 1642 1366 pastores

296 1394 546 1433 lustrabantur,
577 1395 611 1424 et
636 1389 668 1422 lii
694 1390 830 1432 quidem
855 1389 995 1422 Baccho
1025 1388 1149 1422 madidi
1188 1389 1345 1422 ardentes
1372 1390 1515 1433 stipulas
1547 1393 1640 1421 tran-

293 1461 463 1500 silientes,
500 1458 543 1491 cl'.
570 1457 647 1492 Tib.
673 1456 717 1498 ll,
742 1460 776 1498 5,
801 1460 858 1490 90.
908 1457 1003 1489 Duos
1027 1456 1133 1498 igitur
1157 1454 1235 1489 festi
1261 1456 1345 1488 ritus
1371 1455 1522 1499 potiores
1546 1464 1641 1487 com-

294 1536 483 1561 memorans
508 1525 612 1557 instar
637 1524 783 1556 omnium
809 1524 916 1555 utitur
940 1523 1113 1566 particulis
1137 1533 1221 1565 que
1243 1541 1291 1548 -
1316 1527 1380 1564 et,
1417 1523 1539 1565 quibus
1564 1522 1640 1555 iuu-

295 1597 440 1636 guntur,
467 1594 560 1623 recte
586 1592 723 1622 notante
747 1588 1065 1629 Wuunssnmcmo,
1091 1592 1128 1620 ut
1153 1587 1298 1620 Graecis
1322 1589 1359 1619 τέ
1383 1606 1428 1611 —
1454 1591 1529 1629 καί,
1554 1598 1642 1630 quae

295 1658 338 1691 ad
362 1667 461 1690 unam
487 1665 558 1688 rem
582 1652 836 1686 describendam
863 1652 1051 1695 pertinent,
1077 1652 1180 1684 veluti
1205 1652 1232 1693 1,
1256 1655 1291 1694 3,
1315 1655 1373 1685 25.
1398 1656 1432 1695 5,
1455 1655 1514 1687 54.
1564 1654 1642 1687 Me-

299 1730 409 1760 morat
434 1735 533 1765 ver0,
566 1721 790 1766 progrediens
815 1732 835 1754 a
860 1721 980 1754 minori
1006 1721 1048 1754 ad
1075 1723 1201 1764 maius,
1235 1723 1378 1766 primum
1413 1724 1557 1767 pastoris
1590 1725 1642 1756 lu-

297 1793 514 1832 strationem,
546 1793 616 1822 tum
642 1789 743 1821 ritum
769 1787 950 1831 spargendi
977 1787 1114 1828 Palem,
1147 1788 1211 1820 etsi
1237 1788 1271 1820 in
1296 1788 1384 1822 sesto
1408 1789 1483 1832 ipso
1506 1794 1643 1822 contra-

295 1859 365 1892 rius
390 1857 474 1890 ordo
500 1865 612 1889 rerum
638 1858 738 1886 esset.
765 1870 810 1876 —
839 1852 879 1886 V.
902 1854 959 1884 36.
987 1851 1234 1895 placidam,
1268 1857 1308 1886 ut
1332 1853 1465 1897 placida
1489 1854 1552 1895 sit,
1580 1864 1640 1898 per

297 1923 468 1968 prolepsin
495 1920 605 1964 poetis
629 1918 892 1952 usitatissimam.
943 1916 1031 1950 Vide
1057 1927 1110 1960 ap.
1137 1917 1313 1951 Tibullum
1338 1918 1365 1960 1,
1390 1921 1424 1960 2,
1450 1921 1483 1952 6.
1500 1918 1638 1961 firma,-

297 1990 325 2031 l,
358 1991 391 2029 3,
419 1991 475 2021 66.
512 1984 667 2029 insigni5
707 1984 734 2025 Ι,
768 1987 803 2024 7,
835 1985 892 2016 51.
937 1985 971 2025 8,
997 1986 1053 2017 16.
1088 1982 1247 2022 nitidus,-
1287 1984 1314 2026 I,
1345 1987 1378 2026 9,
1413 1987 1445 2018 1.
1479 1984 1641 2021 miseros,-

297 2056 342 2097 ll,
369 2057 402 2096 3,
437 2056 470 2086 9.
505 2050 667 2097 graciles.
688 2068 734 2074 —-
774 2050 925 2092 Singulis
951 2051 1163 2093 perlustratis
1187 2050 1230 2084 de
1259 2051 1416 2084 universa
1442 2050 1642 2083 tractatione

298 2120 426 2164 aliquid
451 2118 653 2161 addendum,
667 2127 742 2150 esse
764 2117 873 2151 video.
923 2117 1217 2152 Quemadmodum
1242 2127 1344 2161 supra
1369 2116 1410 2149 de
1436 2116 1643 2159 plantatione

300 2191 335 2220 et
359 2186 499 2219 deorum
525 2183 748 2226 agricolarum
774 2183 867 2216 cultu
895 2182 999 2224 dixit,
1031 2183 1078 2215 ita
1103 2193 1191 2216 nunc
1216 2183 1259 2217 de
1285 2183 1445 2227 pecuaria
1469 2187 1504 2216 et
1527 2185 1642 2225 pasto-

299 2252 396 2285 ritiae
422 2250 506 2284 deae
531 2251 644 2292 cultu,
670 2260 757 2292 quae
781 2250 892 2283 suavis
916 2254 968 2283 est
993 2250 1211 2283 concinnitas.
1260 2249 1507 2294 Repreliendas
1531 2252 1641 2281 tamen

299 2316 389 2350 aliud
422 2316 530 2359 primo
565 2315 750 2358 adspectu,
787 2315 830 2348 de
855 2325 922 2357 quo
949 2326 1036 2349 nunc
1063 2326 1195 2349 moneo.
1258 2316 1343 2349 Cum
1370 2316 1458 2348 enim
1484 2315 1516 2346 in
1539 2322 1640 2355 supe-

299 2378 389 2410 riore
414 2378 489 2409 loco
519 2387 647 2410 messes
673 2381 708 2410 et
732 2377 891 2411 Cererem
918 2380 1174 2420 memoraverit,
1205 2377 1248 2411 de
1272 2379 1424 2411 aratione
1448 2376 1495 2408 ibi
1529 2375 1642 2417 potius

299 2442 417 2477 credas
452 2442 630 2474 dicendum
666 2442 770 2475 fuisse
802 2454 903 2485 quam
938 2442 1002 2477 hic.
1066 2444 1196 2476 Tamen
1231 2453 1292 2476 cur
1327 2441 1391 2474 hoc
1423 2450 1489 2472 non
1522 2439 1642 2472 fecerit

300 2513 413 2554 poeta,
438 2508 662 2542 manifestum.
713 2511 961 2544 Plantationem
989 2511 1061 2554 ipse
1086 2510 1189 2543 faciet
1212 2509 1291 2542 data
1314 2517 1438 2551 opera3
1473 2506 1581 2538 aratio
1606 2508 1642 2537 et

299 2575 433 2618 pecoris
458 2583 536 2606 cura
562 2574 666 2605 servis
687 2573 757 2606 sere
783 2575 955 2617 incumbit,
982 2586 1044 2609 nec
1069 2576 1131 2608 nisi
1157 2573 1324 2607 interdum
1351 2577 1387 2605 ut
1412 2571 1558 2616 placebit
1578 2571 1640 2602 ali-

299 2640 379 2681 quid
405 2650 447 2672 ex
474 2638 524 2671 his
549 2638 650 2671 rebus
677 2640 821 2682 attinget
845 2646 955 2683 poeta.
1006 2642 1064 2674 Sic
1084 2640 1208 2673 factum
1233 2643 1269 2672 ut
1295 2638 1403 2672 aratio
1429 2636 1481 2670 hic
1506 2636 1639 2669 demum

299 2711 551 2740 memoraretur.
