1721 2953
314 153 381 198 20
729 148 969 196 'l‘lssvLLl
1015 152 1124 199 Lm.
1157 152 1183 196 1.
1211 161 1243 196 5.

371 274 611 321 Evenient:
658 273 734 321 dat
770 275 899 338 signa
935 275 1070 323 deus:
1117 289 1221 324 sunt
1256 277 1442 324 numina
1481 279 1661 335 amanti,

435 361 582 407 Saevit
618 372 658 406 et
691 360 854 408 iniusta
887 361 982 425 lege
1019 362 1169 410 relicta
1206 365 1369 410 Venus.

368 448 425 493 At
463 459 505 492 tu
543 465 677 511 quam
715 447 908 511 primum
947 467 1080 512 sagae
1117 461 1353 514 praecepta
1389 448 1562 514 rapacis

312 545 357 577 60
440 533 629 579 Desere:
679 552 783 580 nam
817 533 948 581 (lonis
985 534 1177 582 vincitur
1214 535 1359 582 omnis
1397 554 1534 581 amor.

374 619 548 683 Pauper
583 619 664 666 erit
700 632 878 684 praesto
911 638 1087 685 semper
1124 621 1228 677 tibi,
1273 639 1446 686 pauper
1482 620 1624 667 adibit

430 705 608 752 Primus
646 717 687 752 et
721 705 765 752 iu
806 717 956 752 tenero
993 704 1105 752 fixus
1143 707 1225 753 erit
1260 705 1420 763 latere,

363 791 539 856 Pauper
574 792 620 838 in
658 804 849 855 angusto
886 790 1004 838 fidus
1037 810 1184 839 comes
1219 792 1396 856 agmine
1432 791 1589 838 turbae

422 877 727 943 Subiicietque
763 897 922 924 manus
960 877 1214 944 efficietque
1250 878 1390 935 viam,

306 964 542 1027 ‹35Pauper
579 964 635 1010 ad
671 963 868 1011 occultos
905 963 1058 1010 furtim
1096 964 1287 1012 deducet
1321 964 1486 1011 amicos

432 1049 679 1115 Vinclaque
715 1050 770 1097 de
802 1050 930 1097 niveo
963 1049 1166 1097 detrahet
1200 1051 1295 1115 ipse
1329 1050 1454 1116 pede.

357 1136 454 1182 Heu
489 1136 691 1182 canimus
728 1136 922 1191 frustra,
966 1155 1048 1183 nec
1081 1136 1227 1182 verbis
1258 1137 1372 1183 victa
1408 1136 1594 1201 patescit

427 1224 591 1279 Ianua,
643 1223 722 1270 sed
758 1222 891 1288 plena
924 1234 988 1270 est
1023 1223 1311 1288 percutienda
1351 1243 1498 1271 manu.

356 1308 413 1354 At
450 1320 517 1365 tu⁷
566 1309 641 1373 qui
679 1309 828 1373 potior
858 1328 979 1356 nunc
1015 1328 1086 1366 es,
1131 1329 1229 1356 mea
1258 1310 1350 1357 fata
1385 1309 1560 1357 timeto:

301 1407 348 1441 70
427 1397 641 1440 Versatur
677 1393 806 1440 celeri
844 1394 956 1440 Fors
995 1393 1100 1440 levis
1135 1395 1243 1441 orbe
1279 1407 1413 1442 rotae.

349 1482 448 1527 Non
484 1480 648 1527 frustra
683 1480 866 1545 quidam
904 1481 991 1527 iam
1028 1499 1148 1527 nunc
1186 1481 1232 1527 in
1268 1480 1419 1527 limine
1454 1492 1621 1546 perstat

418 1565 612 1612 Sedulus
648 1586 697 1613 ac
734 1566 891 1613 crebro
924 1566 1141 1631 prospicit
1178 1585 1227 1612 ac
1263 1566 1453 1629 refugit,

359 1652 414 1698 Et
449 1651 627 1699 simulat
657 1652 846 1699 transire
884 1652 1092 1708 domum,
1125 1670 1228 1698 mox
1265 1651 1428 1698 deinde
1459 1650 1647 1699 recurrit

417 1736 549 1783 Solus
588 1749 628 1783 et
661 1750 762 1783 ante.
798 1738 918 1802 ipsas
953 1748 1126 1784 excreat
1156 1755 1298 1802 usque
1332 1736 1464 1784 fores.

298 1823 516 1870 75Nesci0
554 1823 664 1888 quid
700 1823 888 1870 furtivus
927 1841 1052 1870 amor
1088 1834 1229 1888 parat.
1265 1834 1386 1869 utere
1420 1840 1611 1887 quaem,

419 1909 538 1955 Dum
577 1908 696 1956 licet:
749 1909 793 1954 in
830 1908 1001 1973 liquida
1038 1920 1114 1955 nat
1150 1909 1229 1955 tibi
1267 1908 1399 1955 linter
1434 1928 1561 1974 aqua.

391 2108 502 2142 v.61.
537 2108 808 2141 Lmummuus:
835 2109 978 2152 Pauper
1002 2107 1067 2139 erit
1089 2113 1234 2151 praesto
1259 2106 1324 2139 tibi
1352 2112 1495 2151 praesto
1520 2117 1643 2140 secun-

295 2172 374 2206 dum
399 2173 515 2206 libros.
566 2162 649 2206 Hoc*
672 2172 786 2206 laudat
811 2174 1054 2213 Gonnnm'us,
1090 2183 1220 2206 comma
1251 2173 1278 2205 is
1307 2183 1434 2216 ponens
1460 2178 1537 2216 post
1566 2171 1642 2205 tibi.

294 2237 365 2270 Sed
390 2238 567 2282 Pauper
595 2239 681 2270 erit
715 2242 901 2281 praesto
933 2247 1109 2281 semper
1142 2238 1228 2270 tibi
1261 2242 1313 2271 est
1337 2235 1529 2271 emendatio
1551 2237 1642 2280 opti-

295 2313 349 2336 ma
384 2305 467 2343 loci,
511 2314 598 2345 quae
630 2304 662 2336 in
696 2303 849 2336 Muniam
884 2303 1032 2336 editione
1069 2301 1229 2344 habetur,
1273 2307 1411 2346 recepta
1447 2313 1467 2334 a
1502 2303 1640 2342 Vossm,

294 2369 609 2409 ἲΐυκοηηιμηηο,
643 2368 794 2403 ΒΛοΠπι
825 2386 866 2392 -
928 2368 1039 2401 Y.67.
1077 2368 1291 2410 patescit
1352 2368 1465 2408 XHssgo
1489 2365 1638 2411 Jbtsscst

296 2446 339 2469 ex
373 2434 514 2469 duobus.
