1721 2953
250 186 293 209 ci.
788 172 863 211 DE
897 169 1055 213 POESI

364 285 490 325 Flava
520 282 667 332 Ceres,
698 283 772 323 tibi
804 285 854 324 sit
887 294 1030 326 nostro
1061 284 1111 325 de
1140 299 1238 326 rure
1269 300 1420 326 corona

421 358 589 410 Spicea,
630 372 735 411 quae
765 361 907 413 templi
939 359 1118 413 pendeat
1149 369 1242 399 ante
1274 361 1406 401 sores:

364 433 633 485 Pomosisque
663 435 793 473 ruber
821 445 956 476 eustos
984 443 1166 488 ponatur
1198 435 1241 474 in
1270 435 1423 484 horus,

418 508 592 547 Terreat
619 516 666 547 ut
695 522 816 549 saeva
846 511 948 551 falce
978 513 1153 564 Priapus
1193 524 1301 551 aves.

361 583 448 621 Vos
479 597 666 636 quoque,
708 584 836 624 felicis
868 585 1079 640 quondam
1109 601 1221 625 nunc
1251 583 1445 638 pauperis
1477 581 1562 634 agri

419 657 644 708 Custodes,
686 659 801 698 fertis
831 674 1006 700 munera
1034 670 1192 712 vestra,
1227 661 1370 700 Lares.

251 731 323 770 ubi
367 732 482 773 vides
524 734 634 773 inter
675 734 835 776 Cereris
881 744 921 775 et
960 736 1133 776 Larium
1177 734 1458 788 apostrophen
1502 731 1606 771 alius

250 808 408 847 formae
448 808 649 849 distichon
688 811 881 862 positum.
947 812 1007 851 Ae
1044 812 1166 863 vulgo
1208 810 1260 850 ad
1298 819 1504 850 summum
1543 807 1606 847 bis

251 882 429 924 admittit
457 885 563 924 hane
592 883 763 936 figuram
789 887 999 936 continuo,
1035 901 1160 940 quam
1181 884 1416 939 Lygdamus
1445 891 1608 937 quatter

249 959 413 1011 repetiit·
452 959 531 1009 ΙΙΙ,
564 963 609 1010 6,
638 961 725 999 init.
765 969 909 1000 contra
946 962 1057 1000 Albii
1095 975 1266 1001 morem.
1334 957 1459 1011 Apud
1496 959 1608 997 hunc

251 1041 318 1073 ter
343 1048 391 1073 ea
425 1034 554 1072 utitur
585 1035 741 1088 Sibylla
773 1037 1000 1076 vaticinans
1035 1034 1092 1086 ΙΙ,
1124 1042 1169 1086 5,
1198 1039 1247 1074 51
1282 1048 1372 1088 sqq.
1408 1033 1607 1074 invitante

252 1109 343 1161 ipso
367 1110 437 1148 tali
462 1109 662 1150 vividiore
686 1118 798 1150 motu
828 1111 966 1150 animi.
1021 1112 1070 1150 In
1095 1112 1208 1150 exitu
1235 1109 1423 1150 carminis
1449 1108 1610 1162 septimi

251 1184 350 1227 libri
379 1184 503 1237 primi
536 1185 607 1224 ubi
644 1186 772 1225 multa
813 1194 1094 1235 coarctantur,
1138 1194 1277 1241 tamen
1314 1184 1486 1225 variatio
1523 1196 1611 1222 non

255 1257 381 1298 deest.
448 1258 557 1299 Nam
587 1268 808 1312 postquam
838 1259 978 1301 Osi-rin
1006 1261 1191 1310 vocavit,
1226 1260 1276 1301 ad
1306 1259 1427 1300 Genii
1456 1260 1612 1302 allocu-

253 1334 408 1374 tionem
434 1347 519 1374 non
546 1334 755 1383 continuo,
786 1334 857 1374 sed
882 1335 1096 1376 interiecto
1124 1337 1226 1374 alitis
1252 1337 1409 1376 formae
1437 1334 1610 1374 disticho

253 1409 421 1460 transit3
453 1408 551 1448 inde
582 1405 633 1449 ad
655 1407 875 1448 Messalam
905 1423 946 1448 se
978 1411 1202 1459 convertit,
1233 1408 1343 1448 unde
1374 1410 1416 1447 in
1448 1408 1528 1447 fine
1559 1405 1611 1447 ad

258 1484 435 1526 Genium
459 1483 579 1525 redit.
638 1483 719 1528 Sed
744 1484 847 1522 nihil
872 1484 1120 1528 luculentius
1144 1486 1186 1524 in
1212 1485 1291 1524 hoc
1319 1496 1467 1535 genere
1492 1484 1611 1522 initio

258 1561 357 1611 eleg.
388 1559 508 1612 priui.
540 1559 637 1598 libri
670 1558 861 1608 secundi,
901 1557 1012 1599 unde
1050 1558 1179 1600 discas
1220 1567 1265 1598 ut
1302 1559 1424 1597 etiam
1460 1557 1506 1595 in
1540 1556 1613 1595 tali

257 1636 348 1674 loeo
390 1642 512 1687 poeta
550 1634 771 1674 variaverit
811 1632 972 1673 dicendi
1012 1635 1187 1683 ferinas,
1236 1634 1310 1675 ubi
1346 1633 1501 1685 ubique
1540 1645 1613 1671 ex-

258 1720 413 1762 spectes
456 1708 674 1750 seeundam
715 1723 949 1761 personam.
1017 1710 1076 1748 Ae
1117 1710 1297 1761 primum
1335 1716 1444 1748 recte
1479 1707 1613 1747 Lach-

258 1801 435 1825 mannus
466 1785 583 1825 initio
616 1785 779 1824 eiecisse
808 1783 974 1826 videtur
1001 1785 1279 1835 coniecturam
1302 1783 1474 1822 Dousae
1505 1784 1614 1837 Quis-

260 1864 340 1915 quis
377 1862 491 1910 ades,
523 1861 682 1912 scweas3
729 1859 932 1899 secundae
970 1874 1172 1912 personae
1209 1859 1293 1900 vim
1324 1859 1514 1898 Tibullus
1551 1872 1614 1897 se-

262 1937 406 1989 quenti
435 1935 606 1974 disticho
637 1936 884 1983 reservavit,
922 1936 994 1973 ubi
1025 1933 1080 1972 (lii
1113 1943 1326 1974 vocantur.
1384 1935 1491 1974 Hinc
1520 1933 1613 1973 vide

261 2020 307 2052 ut
336 2013 515 2064 primum
544 2010 680 2049 denuo
708 2009 826 2048 tertia
854 2022 1030 2061 persona
1062 2024 1099 2048 v.
1120 2014 1156 2048 5.
1178 2013 1217 2048 6.
1243 2007 1446 2048 succedat.
1504 2009 1614 2048 Tum

261 2088 488 2142 alloquitur
519 2087 678 2137 singula
707 2100 856 2137 genera
888 2087 1105 2136 agrestium
1141 2101 1179 2125 v.
1199 2091 1258 2135 7.,
1293 2100 1333 2125 v.
1354 2088 1443 2136 11„
1487 2087 1616 2125 inter-

261 2164 378 2216 ponit
408 2176 507 2202 vero
540 2159 660 2200 etiam
698 2162 763 2200 hie
795 2163 963 2200 alteram
995 2161 1169 2200 formam
1199 2160 1441 2200 indirectam
1471 2162 1615 2201 tertiae

265 2249 463 2289 personae
494 2251 533 2276 v.
554 2240 636 2285 11„
666 2234 876 2275 reductam
907 2251 929 2274 a
958 2236 1250 2286 Lachmanno,
1286 2251 1378 2275 eum
1411 2245 1616 2275 correcto-

263 2327 355 2352 rum
385 2313 493 2352 mala
528 2310 721 2350 sedulitas
755 2310 975 2350 secundam
1005 2312 1222 2351 intulisset.
1277 2310 1346 2350 Sic
1381 2311 1523 2350 finitur
1553 2311 1616 2348 in-

264 2389 424 2428 troitus.
484 2386 681 2439 Sequitur
710 2399 775 2424 res
806 2385 964 2435 divina,
1006 2387 1077 2425 ubi
1106 2395 1228 2437 poeta
1261 2386 1440 2438 primum
1473 2398 1616 2424 omnes

266 2471 445 2514 agrestes
489 2469 724 2513 praesentes
770 2461 1018 2514 alloquitur,
1078 2474 1182 2514 quos
1229 2469 1321 2499 ante
1361 2474 1437 2512 per
1479 2468 1617 2511 partes

267 2541 468 2578 allocutus
505 2544 614 2583 crat,
657 2544 739 2574 tum
777 2549 916 2587 preces
953 2536 1051 2574 facit
1084 2535 1133 2574 ad
1168 2535 1280 2575 deos.
1347 2535 1480 2588 Atque
1515 2536 1616 2574 haee

270 2616 477 2653 hactenus.
535 2612 628 2649 lure
656 2610 845 2650 iudicavit
870 2611 1059 2650 Tibullus
1088 2623 1170 2650 non
1198 2609 1358 2660 augeri,
1389 2610 1459 2649 scd
1484 2610 1616 2661 frangi
