1721 2953
619 134 863 175 TIBULLI.
1290 154 1377 177 cnm
1388 155 1409 177 x

64 260 282 297 personam
322 247 517 287 continuo
560 248 782 289 secundam
824 259 997 303 poneret
1037 265 1182 304 magna
1225 266 1316 291 cum
1361 256 1411 301 vi,

64 324 115 361 cf.
145 323 205 370 ΙΙ,
237 324 283 371 4,
313 325 364 361 5:

175 409 224 446 Et
252 421 326 446 seu
357 407 456 460 quid
487 411 620 449 merui
653 425 725 450 seu
756 410 856 465 quid
888 414 1166 464 peccavimus,
1208 415 1302 453 urit.

228 481 341 521 Uror
369 484 436 522 io:
475 498 666 535 remove,
708 500 829 527 saeva
858 489 1017 540 puella,
1056 487 1185 529 faces!

62 566 100 596 et
128 556 164 595 11
175 586 185 605 ,
219 560 267 605 6,
296 561 376 598 27:

169 632 271 683 Spes
301 632 463 673 facilem
486 633 697 674 Nemesim
724 636 899 689 spondet
922 638 1042 687 mihi,
1077 639 1147 677 sed
1174 649 1294 689 negat
1328 640 1410 680 illa.

224 707 304 746 Hei
334 709 453 759 mihi,
492 724 544 749 ne
578 711 738 760 vincas,
780 711 884 751 dura
917 714 1075 764 puella,
1116 711 1257 752 deam!

56 793 172 834 Adde
202 797 242 846 1,
270 802 307 846 7,
333 801 382 837 51
409 812 498 852 sqq.
557 799 741 839 Similem
771 801 988 840 transitum
1019 800 1254 853 Lygdamus
1284 801 1409 840 habet

56 871 134 919 111,
166 873 214 922 4,
243 876 281 911 3.
345 872 554 913 Audacior
582 888 682 915 vero
712 877 974 928 Propertius,
1016 876 1088 929 qui
1120 878 1161 914 in
1194 877 1408 917 continua-

55 946 167 984 tione
212 946 393 988 eiusdem
435 948 598 1002 periodi
638 949 689 989 ad
730 949 952 991 secundam
991 951 1156 1000 transit,
1206 960 1248 990 ut
1282 952 1339 1001 II,
1370 957 1407 1003 9,

61 1024 110 1060 13
141 1035 256 1075 sqq.:

167 1106 451 1162 Foedavitque
483 1124 642 1159 conum,
685 1120 724 1151 et
753 1114 857 1151 tanti
887 1125 1039 1165 corpus
1068 1115 1217 1152 Achilli

222 1183 490 1237 Maximaque
522 1186 562 1223 in
595 1200 723 1237 parva
753 1187 917 1226 sustulit
945 1201 1036 1227 ossa
1065 1203 1212 1237 manu,

169 1258 273 1297 Cum
304 1260 380 1298 tibi
410 1274 485 1299 nec
515 1261 663 1300 Peleus
694 1260 836 1300 aderat
865 1271 939 1302 cet.

54 1343 170 1384 Adde
199 1345 275 1394 ΙΙΙ,
300 1351 335 1395 7,
368 1349 431 1387 11.
463 1355 501 1386 et
530 1347 846 1388 Laclimannum
876 1347 925 1388 ad
955 1350 1066 1388 hunc
1096 1350 1232 1388 locum
1263 1349 1406 1400 impri-

53 1421 214 1473 misque
246 1419 298 1459 ad
328 1420 403 1470 ΙΙΙ,
437 1425 501 1461 13.
533 1427 733 1474 pag.285.
791 1422 906 1472 Quae
940 1437 1004 1464 res
1037 1424 1170 1463 aliena
1200 1440 1223 1464 a
1253 1424 1410 1463 Tibulli

52 1495 326 1548 simplicitate.
392 1497 470 1537 Hic
506 1512 607 1538 vero.
636 1500 854 1539 transitum
886 1514 908 1538 a
937 1498 1115 1540 secunda
1148 1514 1326 1553 persona
1359 1498 1407 1538 ad

55 1571 214 1611 tertiam
247 1573 358 1612 hunc
392 1574 515 1612 habet
550 1575 587 1621 I,
617 1578 663 1622 2,
695 1578 771 1614 35:

165 1659 327 1699 Parcite
357 1660 607 1711 luminibus,
648 1676 718 1701 seu
752 1664 814 1701 vir
844 1676 916 1701 seu
947 1661 1101 1701 femina
1130 1662 1199 1702 fiat

222 1731 371 1774 Obvia.

52 1810 70 1848 Ι
81 1838 92 1859 ,
125 1813 172 1857 6,
204 1812 283 1847 39;

164 1883 273 1922 Tum
301 1883 449 1935 procul
480 1883 641 1932 absitis,
677 1884 864 1936 quisquis
894 1882 989 1923 colit
1019 1891 1105 1923 arte
1138 1884 1326 1937 capillos,

219 1957 272 1996 Et
300 1955 393 1996 fluit
424 1956 555 1997 effuso
587 1958 653 1996 cui
686 1966 780 2009 toga
808 1959 903 1998 laxa
932 1958 1046 2009 sinu,

51 2059 155 2099 quos
186 2045 299 2085 locos
336 2045 450 2083 nulla
480 2043 718 2084 necessitate
751 2054 919 2096 cogente
950 2045 1049 2085 olim
1082 2054 1260 2085 mutatos
1296 2055 1404 2086 recte

51 2123 95 2161 in
130 2122 337 2174 integrum
372 2120 550 2160 restituit
578 2120 883 2163 Lachmannus.
951 2121 1059 2161 Nam
1093 2121 1274 2162 secunda
1310 2137 1406 2175 per-

52 2210 154 2236 sona
189 2197 234 2236 in
273 2197 508 2235 hortatione
550 2197 681 2235 utitur
715 2205 859 2249 poeta,
900 2196 1019 2236 tertia
1049 2197 1094 2236 in
1125 2197 1404 2249 designatione

53 2271 247 2321 subiecti,
300 2284 383 2324 quo
424 2271 529 2309 nihil
571 2272 720 2324 aptius.
793 2273 1008 2312 Postremo
1048 2271 1152 2311 illud
1190 2281 1317 2312 restat
1355 2272 1404 2312 de

52 2348 323 2401 apostrophes
349 2361 429 2386 usu
458 2346 707 2398 notandum,
740 2349 952 2388 Tibullum
984 2362 1069 2388 non
1095 2362 1232 2389 amare
1258 2351 1405 2388 multas

53 2422 307 2463 diversarum
338 2435 613 2475 personarum
644 2432 713 2463 aut
741 2438 882 2463 rerum
911 2423 1178 2464 allocutiones
1210 2426 1406 2464 continuo

53 2511 231 2549 ponere,
269 2495 339 2537 sed
370 2497 503 2537 variat
534 2498 764 2540 orationem
794 2499 1036 2552 interposita
1068 2498 1188 2539 tertia
1217 2514 1407 2552 persona,

53 2573 179 2612 veluti
212 2573 266 2613 sic
300 2574 340 2621 Ι,
374 2579 420 2622 1,
452 2577 529 2614 15:
