1721 2953
257 122 309 157 50
570 112 939 157 (DMMENTAR.
971 114 1029 154 m
1060 114 1288 156 TlBULLl

258 232 474 273 affirmantis,
507 230 567 264 sed
594 229 694 262 habet
719 229 819 263 simul
845 219 935 274 ἧθ-ος
958 230 1101 273 ubique,
1140 240 1203 264 nec
1235 231 1308 264 sine
1332 230 1477 273 quodam
1503 230 1604 263 animi

259 310 360 333 sensu
390 299 457 331 dici
492 296 626 330 videtur
657 306 818 339 unquam.
866 297 926 331 Sic
958 307 1047 331 nunc
1082 298 1115 330 in
1140 307 1178 331 re
1203 298 1287 331 mira
1321 298 1480 342 ponitur,
1519 298 1603 331 alias

259 365 479 399 acerbitatem
506 361 607 395 habet
632 366 666 395 et
691 363 833 395 ironiam
857 366 917 396 aut
941 361 1170 405 hilaritatem,
1203 362 1375 405 dolorem,
1407 363 1604 396 excusatio-

259 442 356 472 nem,
392 429 569 462 audaciam
595 428 725 470 (Ox-11).
750 427 837 461 Met.
862 427 938 469 VII,
963 431 1022 461 53.
1041 428 1125 472 66.)
1161 432 1197 461 et
1230 438 1318 471 quae
1345 432 1423 461 sunt
1455 429 1531 461 alia.
1557 446 1604 452 -

259 495 490 537 cantibus,
514 493 667 527 adhibito
691 497 774 537 puta
798 494 898 527 simul
923 494 1057 527 turbiue
1082 495 1228 537 magico,
1253 494 1298 527 cs.
1319 494 1464 528 HoRA‘r.
1491 494 1606 537 Epod.

259 563 372 603 xvh,
397 565 430 596 6.
456 565 490 595 7.
514 577 559 586 -—
599 559 776 603 herbis,
811 561 949 604 potione
974 565 1104 605 parata.
1156 562 1219 595 His
1245 563 1350 605 igitur
1375 564 1477 596 rebus
1505 574 1606 606 opem

258 629 483 672 promiserat,
515 631 551 661 et
573 628 750 671 inceperat
774 628 842 661 iam
866 637 951 661 rem.
976 647 1021 652 —
1049 629 1091 662 V.
1117 631 1177 661 63.
1202 630 1406 671 solvere,
1432 630 1606 673 proprium

259 696 292 728 in
319 694 380 728 hae
413 705 471 737 re,
510 694 557 727 ef.
581 694 816 728 Bnoucrums.
849 694 892 727 ad
917 693 949 727 h.
976 696 1000 727 Ι.
1039 698 1073 727 et
1108 695 1300 738 interprett.
1327 695 1369 728 ad
1393 696 1551 739 Propert.
1578 697 1606 738 1,

259 763 293 802 4,
320 763 377 797 15.
403 778 448 785 —
488 763 618 807 etme
644 759 872 793 lustravit
896 759 1069 801 taedis,
1107 763 1210 802 atque
1234 760 1336 793 etiam
1362 761 1516 794 lustravit
1540 771 1607 795 me.

261 827 371 860 Aliter
395 827 739 860 Wunnnnmcnms:
781 829 816 860 et
841 836 921 860 vere
945 826 1125 867 lustravit,
1161 825 1194 859 h.
1221 837 1251 860 e.
1277 831 1314 860 et
1340 837 1420 860 vere
1444 837 1608 870 aggressa

261 895 314 925 est
338 903 409 926 rem
434 893 646 926 lustratione.
696 893 823 926 Censet
853 894 960 936 igitur
994 894 1143 926 carmina
1176 898 1211 927 et
1236 893 1356 928 herbas
1392 900 1513 938 postea
1547 895 1608 929 de·

261 969 352 991 nium
378 957 584 991 adhibendas
609 958 723 999 fuisse,
749 958 881 991 initium
907 963 1020 991 autem
1044 959 1282 992 incantationis
1307 970 1382 993 esse
1407 961 1606 994 lustratione

260 1024 401 1059 factum.
449 1025 518 1059 Yix
552 1030 657 1058 recte.
706 1025 867 1058 Ceterum
898 1025 1023 1058 verba:
1058 1025 1231 1058 lustrarit
1257 1025 1373 1058 taedis
1407 1026 1440 1060 h.
1467 1037 1496 1061 e.
1523 1027 1607 1060 saci-

262 1091 324 1124 bus
351 1101 395 1124 ex
418 1090 520 1124 taeda
544 1091 696 1124 admixto
721 1090 883 1135 sulphure
909 1095 944 1124 et
967 1092 1152 1133 bitumine,
1193 1093 1344 1135 explicat
1369 1092 1607 1125 Cnmnrmcs

260 1158 433 1200 Panegyr.
465 1157 596 1190 Honor.
624 1167 656 1190 v.
682 1158 771 1189 324:
810 1154 996 1188 lustralem
1032 1155 1083 1189 sic
1119 1155 1186 1187 rite
1216 1156 1357 1202 facem,
1401 1156 1459 1188 cui
1493 1157 1608 1189 lumen

262 1223 405 1256 odorum
429 1221 600 1265 sulphure
626 1220 786 1254 caeruleo
811 1220 980 1266 nigroque
1007 1220 1173 1254 bitumine
1189 1221 1330 1267 fumat,
1355 1223 1485 1255 circum
1504 1235 1607 1255 mem-

264 1288 327 1320 bra
360 1294 457 1320 rotat
494 1287 618 1320 doctus
647 1287 842 1333 purganda
875 1288 1050 1322 sacerdos.
1100 1289 1190 1323 Vide
1213 1289 1310 1333 plura
1335 1300 1389 1333 ap.
1415 1290 1606 1324 BROUCKH.

262 1355 304 1388 ad
332 1354 363 1387 h.
390 1355 412 1387 l.
439 1358 474 1387 et
498 1356 648 1387 Serme.
672 1354 715 1387 ad
742 1356 842 1388 Aetn.
863 1357 949 1388 350.
999 1354 1210 1388 Adhibuerat
1233 1360 1348 1389 autem
1374 1356 1607 1390 lustrationem

262 1431 364 1463 saga,
402 1424 440 1453 ut
464 1424 628 1463 purgaret
651 1421 775 1453 malum
802 1426 925 1463 poetae
950 1422 1061 1454 animo
1085 1421 1274 1455 inhaerens.
1299 1440 1344 1447 -—
1386 1427 1519 1456 nocte
1545 1435 1610 1458 se-

263 1498 391 1528 rena,
430 1486 462 1519 h.
490 1497 519 1519 e.
553 1488 688 1519 lucente
723 1487 813 1519 luna.
862 1487 1016 1520 Locrus.
1052 1487 1272 1532 Philopseud.
1308 1499 1339 1521 c.
1366 1489 1429 1522 14:
1467 1486 1608 1527 αὐξομέ-

261 1567 320 1598 νην
347 1550 500 1598 τηρήσας
529 1550 592 1596 τήν
617 1548 778 1596 σελήνην,
804 1549 881 1585 τότε
905 1549 970 1597 γιῖρ
997 1548 1040 1589 οἷς
1068 1551 1252 1585 {antonelli}
1272 1550 1318 1586 τὰ
1345 1555 1491 1587 ’τοιαῦτα
1517 1555 1608 1586 τελε»-

263 1629 482 1664 σιοινργεῑιῆαι.
530 1619 617 1654 Vide
651 1621 747 1663 plura
780 1631 836 1663 ap.
870 1620 1082 1653 HnnsDoRF.
1117 1620 1160 1652 ad
1193 1620 1314 1655 Horat.
1340 1622 1414 1655 Sat.
1438 1621 1466 1663 1,
1491 1625 1524 1663 8,
1551 1625 1608 1656 2¹.

262 1692 299 1721 et
326 1687 558 1720 BRoucxnth.
584 1686 626 1718 ad
652 1687 810 1729 Propert.
836 1686 881 1727 11,
910 1689 940 1727 l,
965 1688 1022 1719 73.
1048 1704 1095 1709 —-
1141 1685 1290 1720 hostia
1325 1688 1471 1731 pulla,
1511 1690 1608 1731 nigra

264 1754 348 1795 ovis,
373 1753 515 1786 Homrr.
541 1753 614 1786 Sat.
640 1752 667 1793 I,
694 1755 728 1793 8,
752 1754 809 1785 27.
835 1753 945 1786 vnto.
972 1754 1055 1785 Aen.
1085 1752 1123 1794 V,
1146 1755 1227 1787 736.
1254 1753 1389 1787 SENssc.
1413 1753 1502 1788 Oed.
1527 1757 1609 1789 556.

263 1819 398 1853 Busan.
423 1819 547 1861 Praep.
572 1816 703 1859 Evang.
731 1817 791 1857 lv,
815 1818 849 1849 4.
900 1818 998 1852 Quae
1025 1816 1163 1851 laudant
1187 1818 1404 1861 interpretes.
1426 1837 1473 1843 ——
1499 1819 1611 1853 Con-

265 1885 378 1923 cidit
403 1885 452 1917 ad
479 1885 606 1925 deos,
633 1884 675 1917 ad
700 1894 793 1917 aram
818 1883 970 1917 deorum.
1021 1885 1127 1918 Ovrn.
1152 1884 1297 1919 Heroid.
1322 1884 1350 1928 1,
1376 1888 1440 1919 26:
1463 1885 1610 1930 ponimu-

265 1950 315 1982 ad
335 1950 474 1994 patrios
500 1948 652 1983 barbara
672 1950 808 1994 praeda
834 1951 924 1984 cleos.
975 1951 1062 1986 Add.
1088 1951 1168 1985 ibid.
1194 1951 1273 1994 XII,
1298 1955 1379 1986 128.
1404 1970 1447 1976 -
1482 1953 1523 1985 V.
1551 1955 1607 1987 66.

264 2015 486 2059 magicos,
512 2016 648 2058 inferos,
677 2026 762 2058 quos
788 2017 821 2049 in
847 2017 988 2058 magicis
1012 2017 1115 2050 rebus
1141 2017 1353 2050 invocabant.
1402 2017 1480 2050 Non
1508 2028 1609 2061 parra

266 2082 384 2125 copia,
421 2082 450 2114 si
482 2081 566 2114 fides
601 2082 774 2115 Vmermo
811 2083 895 2115 Aen.
920 2082 981 2123 lv,
1006 2085 1088 2116 510.
1149 2083 1280 2126 Magici
1314 2084 1471 2117 dicuntur
1507 2085 1607 2118 etiam

266 2147 407 2180 Luem.
433 2146 492 2185 Vl,
515 2149 598 2180 577.
623 2166 669 2180 .—
699 2147 795 2180 Haec
820 2147 925 2189 igitur
950 2149 1061 2181 onmia
1087 2149 1150 2182 iam
1177 2149 1306 2183 fecerat
1329 2161 1432 2193 saga,
1466 2154 1501 2184 et
1525 2161 1607 2184 con-

264 2214 428 2246 tinuasset
453 2223 524 2246 rem
555 2217 590 2245 et
614 2214 807 2257 repetiisset
828 2214 911 2247 istos
935 2215 1021 2248 ritus
1047 2220 1081 2248 et
1106 2219 1217 2258 artes,
1243 2218 1306 2250 nisi
1331 2218 1519 2252 obstitisset
1544 2218 1576 2251 T
1579 2219 1608 2251 i-

262 2277 376 2311 bullus
413 2288 455 2311 ne
490 2283 663 2321 pergeret.
689 2297 733 2303 —-
772 2279 814 2313 V.
848 2281 904 2312 65.
940 2283 995 2313 66.
1054 2280 1124 2313 Sed
1158 2283 1362 2318 recusabam
1401 2285 1498 2319 solvi.
1554 2285 1606 2318 Ad

261 2343 386 2376 verbaz
422 2353 578 2377 carere
603 2354 739 2388 posse
763 2345 895 2378 velim
931 2345 975 2378 ci'.
1002 2345 1108 2380 Ovio,
1137 2348 1210 2380 Art.
1233 2347 1279 2389 11,
1303 2350 1391 2381 454:
1430 2348 1507 2392 Quo
1534 2348 1607 2380 sine

264 2419 333 2440 non
354 2408 468 2452 possit
493 2408 627 2451 rit-ere,
656 2422 759 2454 posse
784 2410 881 2446 velit.
906 2431 953 2435 —
990 2413 1076 2446 Post
1099 2412 1182 2447 haec
1207 2414 1300 2447 vides
1325 2413 1403 2456 quid
1430 2413 1520 2447 dicat
1545 2415 1607 2448 Ti-

261 2474 392 2507 bullus:
437 2474 616 2508 Cruciatus
642 2476 813 2510 doloribus
847 2477 985 2511 maximi
1016 2479 1141 2512 amoris
1175 2479 1471 2522 obtemperaverat
1504 2481 1607 2522 paul-

261 2539 366 2582 lisper
398 2550 504 2582 sagae
540 2550 639 2583 opem
673 2542 903 2583 promittenti,
945 2543 1004 2575 sed
1039 2543 1155 2576 relicta
1181 2553 1260 2576 mox
1295 2552 1348 2575 res
1383 2548 1435 2576 est
1460 2544 1606 2587 incepta,

261 2614 337 2637 cum
362 2615 427 2637 non
453 2606 636 2639 sustineret
660 2607 756 2640 solvi.
817 2610 895 2645 Qua
924 2610 1116 2643 narratione
1142 2609 1222 2651 quid
1247 2609 1337 2642 aliud
1365 2610 1509 2653 probare
1535 2612 1607 2643 vult
