1721 2953
250 105 333 141 288
569 93 941 140 COMMENTAR.
969 97 1027 139 IN
1060 97 1287 140 TIBULLI

252 224 360 253 matre
384 218 486 260 longe
510 213 648 249 maiore.
680 232 726 239 —-
762 215 849 260 sic,
887 227 956 252 vox
980 215 1189 260 amuranus,
1228 217 1278 252 sic
1313 228 1432 253 vescar
1457 219 1596 254 innoxia

252 288 367 327 lauro,
401 287 440 317 ut
463 292 552 317 nuno
585 292 664 316 vera
696 281 790 326 dixi,
824 295 864 320 ac
888 285 993 320 nolim
1019 285 1112 319 vesci
1137 285 1201 319 nisi
1226 295 1304 319 vera
1330 285 1449 320 cecini.
1487 286 1597 320 Ovm.

252 353 337 386 Met.
361 349 457 392 VIII,
481 352 569 383 866:
607 347 666 380 Sic
690 347 757 382 llas
784 347 870 382 deus
902 349 1066 396 aequoris
1091 356 1188 384 artes
1213 349 1375 384 Adiuvat
1390 372 1398 387 ,
1434 355 1476 383 ut
1501 362 1597 383 nemo

248 419 320 450 iam
351 415 485 448 dadam
509 414 630 448 littore
647 413 698 447 -ἰη
716 414 807 453 isto,
842 416 904 450 Me
929 423 1047 450 tamen
1069 423 1230 462 excepto,
1266 430 1329 451 nec
1346 416 1490 463 femina
1514 429 1597 450 con<

248 483 347 517 stitit
371 482 460 517 ulla.
509 483 620 517 Porro
651 482 737 517 lauri
770 483 852 518 folia
883 485 1106 520 manducasse
1130 490 1226 520 vates
1258 485 1382 520 furoris
1406 496 1508 520 causa
1533 495 1597 519 no-

249 556 341 592 tum,
376 550 419 584 cf.
455 549 646 584 SPANHEM.
680 548 724 583 ad
761 548 955 584 Callimach.
992 551 1026 584 in
1062 550 1138 585 Del.
1172 552 1231 585 94.
1270 551 1441 585 laudatum
1475 551 1542 585 iam
1575 561 1596 583 a

249 618 513 651 Bnoucxlmsxo
546 619 582 650 et
617 615 790 658 Hermo,
824 620 860 650 et
887 617 975 650 adde
1000 618 1173 652 Vum’lmu
1197 617 1240 652 ad
1268 618 1398 652 Tibulli
1429 617 1517 652 hunc
1543 618 1596 652 lo-

249 693 337 716 cum.
363 700 410 707 —-
444 681 580 717 Vesci
613 691 691 715 cum
716 685 837 724 quarto
869 692 949 716 casu
975 683 1176 726 antiquioris
1207 684 1354 718 maxime
1380 687 1416 718 et
1439 685 1594 728 poeticae

247 750 405 784 dictionis
431 752 502 790 est,
536 750 645 782 rarius
670 753 783 782 autem
808 748 935 791 legitur
959 749 992 783 in
1017 749 1194 794 prosaicis.
1221 769 1266 778 ·-
1300 751 1486 784 innoxia
1518 750 1592 784 scil.

248 827 268 850 a
305 815 432 849 furore.
480 814 623 848 Luem.
655 814 716 856 1X,
751 816 842 848 892:
888 826 976 861 gens
1011 826 1035 848 a
1071 827 1176 849 saevo
1213 821 1413 860 serpentum
1449 815 1596 849 innoxia

249 894 440 915 morsu.—
464 880 606 923 Pergit:
633 884 676 913 et
701 885 933 915 aeternum
959 881 1020 915 sit
1043 881 1148 915 mihi
1174 883 1440 925 virginitas,
1465 883 1592 926 quippe

247 960 348 994 quam
373 948 553 982 retinuisse
577 951 744 992 perpetuo
773 947 922 981 Cumaea
946 948 1080 990 Sibylla
1108 948 1251 990 dicitur,
1288 948 1330 983 cf.
1363 950 1470 982 Ovrn.
1505 949 1590 982 Met.

246 1015 436 1057 X1V‚129
462 1024 537 1057 sqq.
585 1013 714 1047 Tamen
748 1013 906 1046 Tibullus
938 1013 996 1055 qui
1031 1013 1134 1046 toties
1168 1014 1292 1047 amoris
1325 1014 1522 1048 recordatur
1557 1015 1590 1048 in

247 1080 311 1114 hoc
337 1080 504 1122 carmine,
542 1090 618 1113 cum
649 1080 758 1113 ironia
790 1079 936 1123 quadam
973 1079 1120 1113 iucunda
1152 1078 1215 1114 hoc
1250 1081 1389 1114 verbum
1415 1082 1591 1125 scripsisse

247 1147 390 1180 videtur.
417 1165 463 1170 —
496 1149 539 1179 te
565 1145 674 1186 sibi,
708 1144 912 1187 Phoebe,
948 1146 1131 1179 vocavit
1163 1149 1206 1179 et
1238 1146 1432 1180 iactavit
1465 1146 1593 1180 fusas

247 1223 416 1255 comas,
450 1213 538 1246 inter
572 1210 752 1244 dicendum
787 1214 870 1254 puta
902 1210 1038 1254 saepius
1065 1212 1211 1255 repetita
1235 1211 1327 1254 vice,
1363 1216 1464 1254 atque
1489 1212 1593 1245 etiam

246 1289 335 1311 nunc
371 1279 405 1311 in
439 1279 506 1311 fine
535 1278 687 1320 graviter
714 1278 764 1310 sic
797 1276 959 1310 claudens
995 1278 1201 1312 vaticinium.
1251 1278 1458 1312 Observabis
1491 1289 1591 1322 quam

246 1345 386 1387 dignum
420 1344 550 1376 exitum
583 1343 814 1384 magnitudine
847 1353 961 1376 rerum
999 1349 1210 1377 narratarum
1249 1348 1351 1388 poeta
1388 1345 1588 1387 imposuerit

246 1411 454 1451 narrationi;
494 1409 650 1443 videmus
689 1409 778 1442 enim
816 1413 997 1453 praesente
1035 1409 1100 1443 deo
1139 1411 1333 1444 vaticinium
1375 1411 1592 1444 memorabile

247 1480 444 1519 peractum,
480 1477 736 1516 monstrantque
761 1484 880 1507 comae
905 1475 1050 1508 iactatae
1077 1474 1252 1509 dominans
1282 1477 1316 1510 in
1340 1481 1417 1510 vate
1443 1477 1591 1511 divinum

246 1551 380 1574 numen.
431 1539 574 1573 Constat
607 1539 827 1572 iactationem
863 1550 1036 1574 comarum
1070 1541 1226 1574 fanaticis
1261 1546 1296 1574 et
1329 1543 1590 1577 vaticinantibus

244 1607 349 1639 fuisse
383 1605 564 1649 propriam.
621 1604 733 1637 Affert
768 1604 998 1637 (immunes
1035 1604 1192 1649 Euripid.
1225 1605 1379 1650 Iphigen.
1415 1609 1526 1642 Aulid.
1552 1621 1582 1644 v.

243 1674 314 1703 757
340 1681 413 1713 sqq.
449 1669 493 1703 de
520 1668 722 1702 Cassandra.
771 1668 1092 1703 Wuxnssnmcnms
1124 1671 1256 1704 confert
1288 1673 1429 1706 VALER.
1456 1673 1589 1708 chc.

243 1738 271 1779 1,
298 1739 381 1769 208.
419 1740 455 1770 et
490 1746 628 1780 sparsos
662 1736 772 1769 crines
808 1736 1063 1771 vaticinantium
1099 1738 1142 1771 ab
1175 1738 1369 1773 Huscfflcro
1404 1740 1590 1774 illustratos

245 1806 401 1839 Analect.
425 1805 500 1838 crit.
525 1817 559 1848 p.
584 1807 643 1837 81.
692 1803 797 1837 Addit
821 1803 911 1837 idem
938 1804 1101 1839 CATULL.
1127 1805 1254 1848 LXIV,
1279 1809 1360 1841 306.
1393 1811 1428 1840 et
1460 1808 1590 1850 LXIII,

244 1875 302 1905 28.
337 1872 499 1906 VULPms
525 1870 642 1903 laudat
667 1870 775 1903 VmG.
796 1871 882 1904 Aen.
907 1870 968 1912 VI,
987 1873 1044 1904 48.
1096 1871 1172 1904 Alia
1199 1870 1344 1914 denique
1370 1883 1459 1906 nunc
1487 1873 1588 1907 docte

244 1937 419 1979 congessit
452 1935 664 1969 Huscnxms
699 1934 741 1967 de
774 1933 825 1968 his
859 1935 1023 1970 formulis.
1072 1935 1161 1970 Nam
1195 1937 1279 1970 illud
1305 1939 1407 1972 etiam
1433 1939 1588 1974 fanaticis

244 2005 418 2048 proprium
444 2006 538 2044 erat,
565 2002 722 2047 sundere
748 2013 864 2035 comas
892 2009 976 2034 ante
1001 2009 1112 2047 caput
1137 2004 1191 2037 vel
1216 2010 1300 2036 ante
1317 2004 1500 2050 frontem,
1535 2007 1588 2040 vel

245 2068 357 2101 crines
378 2066 549 2111 pendulos
573 2073 692 2100 rotare
719 2066 756 2099 in
781 2067 971 2105 circulum,
1005 2068 1095 2110 quod
1121 2069 1239 2102 scribit
1262 2070 1469 2103 APPULEIUS
1497 2071 1589 2114 VIII,

246 2138 347 2176 172„
383 2136 429 2167 ita
453 2138 492 2167 ut
525 2133 776 2185 anlevent1clae
803 2135 1202 2181 conlege1·entsaciem‚
1236 2137 1325 2180 quod
1353 2138 1442 2173 idem
1471 2140 1588 2173 scribit

244 2202 306 2243 IX,
330 2214 363 2246 p.
378 2205 458 2235 198.
485 2201 538 2234 ed.
558 2202 648 2236 Pric.
696 2202 775 2235 Huc
801 2203 948 2246 pertinet
973 2202 1067 2236 locus
1089 2203 1215 2237 Ovmn
1242 2204 1397 2238 laudatus
1420 2206 1462 2239 ab
1485 2206 1587 2238 Hur-

244 2280 307 2303 Νιο
332 2269 425 2301 Fast.
453 2268 479 2310 Ι,
498 2270 578 2302 503.
606 2268 648 2301 de
675 2268 875 2302 Carmenta:
908 2271 1025 2314 thue
1052 2277 1128 2302 eral
1157 2270 1320 2304 immissis
1340 2272 1488 2316 puppim
1513 2278 1585 2304 sle—

243 2335 290 2367 tit
315 2340 398 2366 ante
424 2333 574 2378 capillis.
623 2334 732 2376 Igitur
758 2336 860 2368 etiam
896 2334 959 2369 hoc
984 2336 1060 2369 loco
1086 2335 1201 2381 susae
1228 2342 1311 2368 onte
1336 2341 1444 2380 caput
1470 2348 1586 2369 comae

245 2411 405 2442 magnum
432 2399 579 2432 furorem
606 2400 761 2442 Sibyllae
786 2400 936 2434 indicant
963 2400 1027 2434 deo
1052 2402 1184 2445 plenae.
1242 2401 1306 2435 Est
1329 2406 1442 2435 autem
1467 2401 1586 2434 iacta-

244 2465 297 2498 vit
315 2465 429 2510 fusas
455 2476 503 2509 pr.
531 2465 669 2498 iactavit
693 2470 730 2498 ut
757 2466 987 2500 funderentur.

341 2531 380 2564 V.
407 2533 571 2564 (Ξῖ-112.
630 2532 824 2567 Medium
858 2544 1044 2567 carmen.
1103 2532 1260 2565 Altera
1296 2543 1407 2576 pars.
1459 2534 1586 2569 Quae

245 2606 350 2630 vcro
376 2595 425 2629 ab
459 2596 567 2630 aliis
597 2598 794 2642 Sibyllis
828 2603 1012 2633 ostenta
1047 2596 1286 2641 praedicta
1319 2608 1461 2642 nuper
1487 2608 1586 2632 eve--

1708 1399 1713 1406 <
1711 1381 1713 1386 .
1688 974 1714 1362 22⁴*2-„ssffl
1697 904 1712 960 1⁴42.
