1721 2953
421 141 622 182 LlBR.1.
685 139 944 180 ELEG.1X.
1003 142 1056 181 X.
1341 146 1413 181 12⁴1

69 262 96 292 lii
126 270 151 293 e.
190 269 322 304 parma.
359 259 546 303 clypeolus.
607 257 776 291 Scribitur
814 266 894 289 vero
934 255 985 289 hic
1022 257 1053 289 in
1094 254 1186 289 libris
1227 261 1417 288 constanter

64 325 206 369 palma,
231 326 339 360 forma
366 325 516 365 rariore,
540 323 643 357 etiam
668 333 722 367 ap.
750 323 996 356 Pnopnmmn
1021 322 1205 366 aliquoties
1230 323 1262 356 in
1288 322 1413 356 codici»

67 391 127 424 bus
153 390 264 424 obvia.
313 389 391 423 Hoc
416 390 492 423 loco
526 388 675 423 Vossms
713 388 870 421 consulto
900 398 974 421 eam
1000 388 1191 432 suspicatur
1217 389 1412 432 praelatam,

67 456 166 488 veluti
200 454 288 499 apud
324 464 385 488 uos
418 454 577 487 differant
608 452 674 485 das
699 451 822 485 Sclzild
856 456 890 485 et
926 451 984 485 cler
1010 452 1142 487 Sclzilcl.
1168 472 1212 478 —-
1249 453 1412 488 fallaci

63 532 231 563 amore,
264 521 298 555 in
325 531 391 564 quo
419 519 719 564 perfidiampueri
746 524 910 563 expertus
934 531 1008 553 sum
1034 525 1171 555 tantam.
1196 540 1241 547 -
1286 527 1413 565 grata

64 592 125 622 <ts
150 592 316 629 mente,
350 588 395 621 sis
422 586 500 622 mihi
525 596 655 621 memor
680 584 817 620 honoris
843 585 946 620 habiti
975 590 1225 633 propitiamque
1252 595 1285 623 te
1311 600 1413 633 prae<

63 660 129 687 stes
155 655 186 687 in
213 659 397 699 posterum,

427 1145 1017 1191 ELEGIAX

532 1471 940 1517 INTRODUCTIO.

54 1614 239 1686 Elegiam
273 1641 482 1685 propositam
508 1645 587 1674 ante
622 1640 764 1684 primam
796 1638 905 1687 huius‘
922 1638 996 1671 libri
1021 1638 1182 1682 scriptam
1207 1648 1284 1672 esse
1310 1638 1408 1672 dubi-

53 1711 118 1744 tari
151 1709 279 1752 nequit.
338 1709 450 1742 Poeta
485 1707 528 1740 ad
562 1707 691 1740 bellum
723 1705 890 1748 trahitur3
932 1706 1138 1739 militaverat
1177 1709 1291 1739 autem
1327 1710 1406 1738 ante

52 1778 142 1810 illius
167 1775 300 1818 elegiae
325 1779 481 1819 tempus,
516 1778 556 1807 ut
580 1774 650 1807 illic
674 1774 831 1808 vidimus.
886 1773 1027 1816 Ignorat
1054 1772 1155 1806 etiam
1180 1772 1313 1806 Deliam
1340 1771 1405 1814 hic,

53 1844 95 1876 de
120 1853 187 1885 qua
210 1842 339 1875 nullum
365 1841 504 1875 verbum
530 1841 678 1884 legitur,
703 1841 806 1875 immo
831 1845 870 1874 ut
895 1850 914 1874 e
939 1851 970 1873 v.
993 1841 1050 1873 43.
1076 1842 1194 1883 patet,
1221 1839 1293 1872 vult
1313 1850 1404 1873 uxo-

53 1919 123 1943 rem
149 1908 276 1942 ducere
301 1912 380 1952 post
403 1907 551 1942 reditum
578 1918 597 1942 e
623 1908 736 1951 bello,
774 1912 809 1942 et
835 1907 960 1941 liberos
987 1906 1164 1949 suscipere
1188 1906 1222 1939 in
1248 1905 1320 1939 otio
1346 1917 1405 1939 ru-

51 1976 158 2017 stico,
194 1978 229 2008 et
262 1975 350 2007 iuter
381 1984 462 2007 suos
495 1983 744 2007 consenescere
768 1972 927 2017 placide3
963 1972 1006 2006 de
1031 1972 1099 2005 alio
1124 1981 1254 2015 genere
1279 1974 1404 2005 amoris

50 2039 131 2074 nihil
164 2041 272 2083 legas.
323 2041 422 2076 Quae
457 2050 534 2073 cum
569 2039 616 2072 ita
648 2040 734 2081 sint,
773 2040 1008 2083 maximopere
1034 2038 1210 2072 11udamus
1235 2038 1402 2072 ΡΑεεοηι

50 2116 210 2148 acumen,
245 2106 302 2149 qui
337 2105 479 2148 egregie
513 2105 688 2149 perspexit
721 2092 792 2138 tum
826 2105 992 2149 scriptum
1028 2103 1092 2139 hoc
1126 2114 1284 2146 carmen
1322 2114 1398 2137 cum

49 2173 195 2215 primum
228 2171 271 2205 ad
305 2172 474 2216 stipendia
507 2172 680 2215 equestria
705 2171 868 2205 merenda
893 2171 996 2206 domo
1021 2175 1226 2206 av·oca1etur
1251 2171 1284 2204 in
1312 2172 1400 2205 mili-

50 2238 133 2271 tiam
165 2237 324 2270 Tibullus
358 2237 568 2271 adolescens.
617 2237 708 2272 Nam
741 2238 997 2273 adolescentem
1031 2239 1064 2272 in
1101 2249 1143 2272 eo
1177 2239 1270 2282 loqui
1307 2241 1403 2282 patet

50 2306 159 2339 Lares
181 2308 217 2338 et
240 2304 353 2338 focum
377 2304 523 2347 avitum,
547 2305 606 2339 ubi
632 2305 797 2339 educatus
823 2309 917 2347 erat,
944 2315 1033 2338 nunc
1059 2304 1204 2349 primum
1230 2314 1306 2338 cum
1330 2306 1401 2336 tei·-

50 2371 97 2405 ris
121 2371 314 2415 longinquis
338 2367 557 2406 mutaturum.
618 2372 704 2406 Vide
728 2373 897 2406 PAssovu
923 2366 1252 2405 Commentationein
1277 2369 1402 2404 acade-

50 2437 172 2472 micam
195 2439 252 2470 De
277 2437 398 2471 ordine
431 2444 644 2483 temporum,
685 2451 755 2485 quo
774 2438 884 2484 primi
907 2437 990 2471 libri
1013 2436 1145 2483 elegias
1169 2435 1313 2482 scripsit
1342 2435 1403 2470 Ti-

51 2501 189 2540 bullus,
225 2503 423 2539 Vratislav.
458 2515 542 2537 ann.
569 2507 671 2538 1831.
711 2516 790 2548 pag.
819 2507 862 2538 13
887 2516 962 2549 sqq.
1010 2504 1194 2539 Posuimus
1229 2504 1335 2546 igitur
1369 2503 1401 2535 in

51 2568 135 2602 Vita
158 2568 288 2603 Tibulli
313 2574 448 2615 tempus
473 2572 606 2616 elegiae
631 2574 710 2607 circ.
737 2583 814 2607 aun.
842 2575 921 2606 712.
948 2583 978 2606 a.
1005 2582 1038 2606 u.
1065 2582 1095 2605 c.
1152 2570 1218 2604 Est
1242 2570 1402 2610 omnium,

52 2645 135 2676 quas
160 2633 321 2670 habemus
345 2648 365 2670 a
389 2638 550 2681 Tibullo,
573 2639 695 2684 prima.
748 2640 861 2684 Vulgo
887 2640 930 2674 de
955 2638 1162 2684 Aquitanico
1187 2637 1279 2671 bello
1305 2637 1399 2679 cogi-
