1721 2953
487 127 633 168 LIBR.
664 127 694 166 1.
751 125 912 168 ELEG.
944 127 1016 166 VI.
1343 130 1421 166 137

81 243 244 279 amictas,
269 242 430 276 TAcx'rus
457 241 574 274 Germ.
596 241 662 274 17:
679 238 892 283 fluitantem
918 245 1046 272 veslem
1069 244 1103 274 et
1126 241 1271 275 Vmem.
1294 239 1376 273 Aen.
1398 240 1428 281 Ι,

81 313 171 344 320:
211 308 310 341 sinus
334 308 493 351 fluentes
521 305 618 339 dixit.
669 304 902 347 Compositum
940 305 1081 348 effluere
1117 318 1184 340 uuo
1219 307 1426 339 CLAUDIAM

83 377 159 408 loco
186 374 372 407 defendunt
398 373 440 406 de
465 372 525 406 IV.
556 372 658 405 ConS.
684 371 830 404 Honorii
854 374 943 405 208:
993 373 1106 405 Simili
1132 373 1290 417 chlamys
1314 371 1429 415 effluit

84 454 184 483 auro,
210 439 270 473 sed
295 440 469 472 Tibullum
497 450 539 472 eo
565 450 665 472 usum
691 439 792 472 etiam
822 444 1003 482 propterea
1030 440 1159 481 dubito,
1184 440 1262 482 quia
1289 438 1428 471 fortiore

83 507 330 549 significatione
357 516 423 538 non
449 515 535 548 opus
560 503 624 538 hoc
650 505 737 546 loco,
770 508 805 536 et
831 505 931 547 plane
957 505 1082 538 sufficit
1107 506 1249 548 simplex
1277 504 1429 537 verbum.

83 573 324 606 Praetulerunt
348 570 412 604 hoc
436 571 628 612 Hssmes,
663 571 833 612 Vossms,
867 572 1205 613 Wummfflmcnms,
1250 571 1432 610 BAcnqu3

84 638 199 682 effluit
241 640 426 683 probarunt
471 639 775 680 BRoucxnnsms,
823 640 1036 671 GRoNovms
1075 639 1270 671 Observatt.
1307 638 1351 679 ll,
1387 641 1433 678 7.,

84 705 319 748 Ηυεςιικιυε,
356 707 593 739 GOLBERYUS.
618 724 665 729 —-
703 710 808 748 toga
845 706 966 746 laxa,
1003 706 1077 738 susa
1103 706 1284 749 opponitur
1308 708 1434 744 arctae,

90 772 258 814 exiguae,
295 772 455 813 strictae,
492 772 688 812 restrictae,
719 771 761 804 cf.
799 772 980 805 nmmum.
1029 770 1114 803 Erat
1146 781 1226 803 vero
1259 775 1340 812 toga
1373 777 1435 801 sex

87 838 183 869 ulnas
208 838 318 880 ampla
344 837 484 870 divitum
510 848 549 870 ac
576 837 847 877 delicatulorum,
875 836 917 869 cf.
936 836 1080 869 HORAT.
1107 836 1218 880 Epod.
1246 838 1280 877 4,
1305 838 1351 875 8.,
1376 834 1435 866 ubi

88 903 130 937 cf.
157 904 411 945 Ml‘rscnmui„
438 907 472 936 et
496 904 730 937 BRothKHth.
756 903 799 936 ad
824 903 950 936 Tibull.
976 903 1002 945 I,
1028 906 1060 944 9,
1087 906 1142 935 70.
1166 920 1211 926 -—-
1241 902 1281 934 V.
1314 902 1357 933 41
1385 910 1435 941 sq.

90 970 312 1012 Quisquis
338 973 381 1002 et
406 975 641 1012 occurret,
673 971 706 1002 in
732 970 806 1012 via,
832 980 885 1002 me
910 970 1058 1013 puellam
1084 968 1242 1001 ducente.
1295 966 1439 998 Confert

90 1036 240 1068 Vossms
266 1035 379 1068 Plaut.
405 1035 542 1068 Curcul.
569 1035 613 1077 ΙΙ,
637 1039 671 1078 2,
696 1038 762 1068 27:
798 1035 1008 1067 Parasitum
1048 1040 1150 1066 titum
1187 1033 1283 1066 video
1317 1043 1436 1063 occur-

91 1107 223 1133 rentem
252 1101 358 1133 ellam
392 1113 503 1146 usque
538 1101 574 1133 in
605 1100 732 1144 platea
759 1100 898 1133 ultima.
924 1118 967 1123 —
1004 1110 1054 1133 ne
1090 1099 1237 1142 possit
1271 1098 1439 1131 crimen

95 1166 286 1210 habere,
319 1178 361 1201 ne
394 1169 502 1212 possit
527 1155 670 1212 peccare
697 1167 794 1200 Delia
819 1171 903 1200 nutu
939 1166 1063 1199 furtivo
1099 1166 1241 1208 aliisque
1275 1164 1440 1197 similibus

91 1234 197 1277 signis
233 1238 268 1268 et
299 1234 472 1277 nequitiis.
497 1253 544 1258 —
582 1234 707 1267 Ultima
740 1243 818 1276 pars
852 1233 1071 1276 pentametri:
1110 1235 1186 1264 aut
1221 1231 1310 1263 alia
1347 1233 1442 1262 stet

91 1302 249 1344 procul
285 1305 390 1333 ante
426 1301 515 1341 via,
555 1300 702 1341 genuina
739 1308 804 1331 non
847 1302 898 1331 est
931 1301 969 1330 ut
1002 1300 1115 1341 patet,
1151 1296 1211 1329 sed
1242 1295 1442 1339 interpolata

94 1368 229 1411 inepte,
263 1377 339 1400 cum
364 1377 445 1399 vera
470 1366 573 1398 verba
599 1366 814 1399 excidissent.

188 1433 229 1466 V.
269 1434 413 1465 43-84.
472 1432 582 1464 Pars
621 1424 780 1464 altera'
808 1430 945 1464 medii
984 1430 1209 1464 carminis.
1273 1430 1444 1463 Poenae

96 1508 186 1530 rum
226 1497 485 1530 divinarum
522 1501 699 1530 terrore
738 1506 1021 1530 commovere
1061 1496 1251 1529 animum
1286 1496 1446 1528 Deliae

94 1563 268 1605 studet,
302 1564 588 1608 interposita
622 1567 771 1596 tamen
798 1563 932 1596 etiam
959 1563 1136 1596 leniore
1162 1561 1446 1594 hortatione.

94 1630 145 1663 Ac
172 1631 315 1674 primum
341 1632 478 1664 oraculo
505 1632 692 1664 sacerdotis
717 1631 882 1663 Bellonae
910 1634 1017 1662 terret
1050 1629 1320 1672 superstitiosam
1347 1629 1448 1672 puel-

96 1696 184 1737 lam,
220 1701 380 1739 precatur
405 1700 517 1729 tamen
544 1697 571 1728 si
596 1696 676 1738 quid
704 1695 881 1736 admittat,
916 1699 952 1727 ut
981 1705 1023 1727 ne
1057 1695 1156 1727 nimis
1191 1695 1304 1736 gravis
1336 1704 1446 1736 poena

95 1763 159 1803 sit,
195 1763 278 1795 iram
311 1767 452 1806 propter
485 1767 626 1796 matrem
663 1763 859 1803 remittens,
898 1766 932 1794 et
965 1761 1115 1794 favorem
1149 1763 1282 1792 amatae
1318 1762 1445 1801 captat,

97 1831 199 1863 etiam
225 1830 289 1863 sibi
316 1830 416 1863 duras
442 1831 536 1873 leges
573 1831 767 1874 imponens,
801 1830 920 1862 ultimo
957 1840 1039 1862 vero
1072 1829 1149 1861 loco
1182 1829 1210 1861 si
1237 1826 1450 1859 nihilominus

100 1908 244 1941 peccare
279 1901 422 1941 pergat,
459 1897 606 1930 ostendit
631 1901 734 1941 poeta
769 1898 991 1930 miserrimam
1018 1895 1049 1929 ei
1076 1897 1109 1928 in
1134 1897 1313 1928 senectute
1338 1893 1449 1926 sortu—

102 1974 179 1998 nam
206 1965 352 2007 instare,
378 1976 444 2008 qua
469 1965 588 1998 infidas
614 1966 730 1998 Venus
757 1966 866 1998 soleat
892 1965 1023 2008 punire.

194 2031 236 2065 V.
267 2033 312 2064 43
338 2042 387 2073 sq.
433 2032 534 2074 ipse
569 2030 690 2063 deus.
741 2031 912 2063 HssYNms
946 2030 1056 2073 ipsum
1092 2037 1215 2060 numen
1241 2026 1390 2059 divinum
1417 2025 1451 2057 in

101 2107 229 2139 genere
250 2097 422 2139 intelligit,
449 2096 510 2129 sed
535 2107 611 2129 cum
637 2096 679 2129 ad
703 2096 889 2129 sacerdotis
914 2096 1018 2128 verba
1039 2097 1203 2138 provocet
1230 2097 1343 2136 poeta,
1370 2090 1452 2124 haec

100 2169 212 2197 autem
239 2174 270 2197 v.
295 2167 354 2196 51.
381 2163 490 2197 dicat:
523 2163 662 2207 parcite
697 2175 802 2208 qaam
838 2162 995 2194 custodit
1021 2162 1154 2196 Amor,
1195 2157 1327 2192 violare
1350 2156 1454 2201 puel-

101 2228 192 2264 lam,
230 2240 296 2262 non
322 2230 513 2262 dubitamus
538 2240 615 2263 cum
640 2230 714 2263 aliis
744 2231 904 2262 Amorem
939 2228 1039 2260 etiam
1068 2226 1121 2258 hie
1147 2226 1359 2267 intelligere,
1394 2223 1451 2265 qui

101 2298 268 2330 maximus
304 2298 485 2330 amantium
519 2297 603 2331 deus
638 2301 690 2330 est
722 2301 756 2330 et
789 2307 892 2340 saepe
927 2291 1143 2338 naz<⁷33021Jv
1175 2294 1217 2326 ab
1252 2292 1302 2325 liis
1340 2292 1452 2335 poetis

104 2364 189 2397 deus
216 2366 417 2409 appellatur,
442 2369 478 2398 ut
499 2365 525 2406 Ι,
554 2367 588 2406 2,
615 2367 670 2397 90.
699 2367 733 2406 5,
758 2367 816 2397 20.
841 2367 875 2405 8,
899 2367 921 2396 7
948 2367 982 2396 et
1007 2365 1063 2396 56.
1091 2364 1125 2404 9,
1152 2364 1269 2396 72—
1296 2370 1450 2402 magua

105 2431 336 2465 sacerdos
401 2431 544 2463 Constat
581 2429 700 2463 aedem
742 2430 906 2462 Bellonae
948 2428 990 2461 ab
1030 2427 1141 2470 Appio
1181 2426 1326 2459 Claudio
1364 2426 1454 2458 bello

107 2495 255 2530 Etrusco
279 2500 413 2537 votam,
452 2500 524 2529 tum
549 2500 760 2529 exstructam
785 2506 860 2528 esse
889 2494 930 2527 ad
957 2495 1094 2527 Circum
1121 2493 1324 2526 Flaminium
1361 2495 1456 2524 extra

109 2563 248 2604 urbem,
274 2563 318 2596 cf.
343 2563 422 2596 le.
448 2563 492 2604 X,
522 2566 583 2603 19,
617 2566 652 2594 et
676 2561 935 2604 Inscriptionem
964 2559 1084 2603 lapidis
1111 2558 1200 2602 apud
1227 2558 1390 2591 Mwm„
1414 2557 1456 2589 ad

109 2628 209 2662 Ouid.
234 2627 326 2661 Fast.
355 2628 413 2670 Vl,
436 2631 518 2663 201.
569 2628 635 2662 Hic
661 2637 742 2661 vero
762 2626 957 2671 fanaticus
986 2627 1097 2660 cultus
1123 2625 1211 2659 inter
1235 2625 1347 2658 civilia
1372 2624 1460 2657 bella
