<?xml version="1.0" encoding="UTF-8"?>
<!DOCTYPE html PUBLIC "-//W3C//DTD XHTML 1.0 Transitional//EN"
    "http://www.w3.org/TR/xhtml1/DTD/xhtml1-transitional.dtd">
<html xmlns="http://www.w3.org/1999/xhtml" xml:lang="en" lang="en">
 <head>
  <title>
</title>
<meta http-equiv="Content-Type" content="text/html;charset=utf-8" />
  <meta name='ocr-system' content='tesseract 3.04.00' />
  <meta name='ocr-capabilities' content='ocr_page ocr_carea ocr_par ocr_line ocrx_word'/>
</head>
<body>
  <div class='ocr_page' id='page_1' title='image "./carminaexrecensi00tibuuoft_0223.png"; bbox 0 0 1721 2953; ppageno 0'>
   <div class='ocr_carea' id='block_1_1' title="bbox 461 96 1394 284">
    <p class='ocr_par' dir='ltr' id='par_1_1' title="bbox 461 96 1394 284">
     <span class='ocr_line' id='line_1_1' title="bbox 461 96 1394 145; baseline -0.002 -1"><span class='ocrx_word' id='word_1_1' title='bbox 461 97 702 145; x_wconf 89' lang='lat' dir='ltr'>TIBULLI</span> <span class='ocrx_word' id='word_1_2' title='bbox 751 96 860 143; x_wconf 89' lang='lat' dir='ltr'><strong>LIB.</strong></span> <span class='ocrx_word' id='word_1_3' title='bbox 892 99 922 144; x_wconf 96' lang='lat' dir='ltr'><strong>I.</strong></span> <span class='ocrx_word' id='word_1_4' title='bbox 949 108 982 143; x_wconf 88' lang='lat'><strong>7.</strong></span> <span class='ocrx_word' id='word_1_5' title='bbox 1330 96 1394 143; x_wconf 78' lang='lat'><strong>25</strong></span> 
     </span>
     <span class='ocr_line' id='line_1_2' title="bbox 476 241 970 284; baseline 0.004 -3"><span class='ocrx_word' id='word_1_6' title='bbox 476 241 509 281; x_wconf 91' lang='lat' dir='ltr'>E</span> <span class='ocrx_word' id='word_1_7' title='bbox 538 241 574 282; x_wconf 91' lang='lat' dir='ltr'>L</span> <span class='ocrx_word' id='word_1_8' title='bbox 604 241 637 281; x_wconf 88' lang='lat' dir='ltr'>E</span> <span class='ocrx_word' id='word_1_9' title='bbox 667 241 705 282; x_wconf 93' lang='lat' dir='ltr'>G</span> <span class='ocrx_word' id='word_1_10' title='bbox 734 242 753 282; x_wconf 94' lang='lat'>1</span> <span class='ocrx_word' id='word_1_11' title='bbox 781 242 817 281; x_wconf 90' lang='lat' dir='ltr'><strong>A</strong></span> <span class='ocrx_word' id='word_1_12' title='bbox 875 242 970 284; x_wconf 85' lang='lat' dir='ltr'><strong>VII.</strong></span> 
     </span>
    </p>
   </div>
   <div class='ocr_carea' id='block_1_2' title="bbox 58 338 1406 1988">
    <p class='ocr_par' dir='ltr' id='par_1_2' title="bbox 58 338 1406 1988">
     <span class='ocr_line' id='line_1_3' title="bbox 108 338 1240 424; baseline 0 -1"><span class='ocrx_word' id='word_1_13' title='bbox 108 338 274 423; x_wconf 88' lang='lat' dir='ltr'><strong>Hunc</strong></span> <span class='ocrx_word' id='word_1_14' title='bbox 311 374 509 423; x_wconf 84' lang='lat' dir='ltr'><strong>cecinere</strong></span> <span class='ocrx_word' id='word_1_15' title='bbox 542 373 661 422; x_wconf 87' lang='lat' dir='ltr'><strong>diem</strong></span> <span class='ocrx_word' id='word_1_16' title='bbox 695 374 863 422; x_wconf 85' lang='lat' dir='ltr'><strong>Parcae</strong></span> <span class='ocrx_word' id='word_1_17' title='bbox 898 374 1050 423; x_wconf 85' lang='lat' dir='ltr'><strong>fatalia</strong></span> <span class='ocrx_word' id='word_1_18' title='bbox 1085 387 1240 424; x_wconf 79' lang='lat' dir='ltr'><strong>nentes</strong></span> 
     </span>
     <span class='ocr_line' id='line_1_4' title="bbox 173 459 1118 520; baseline 0 -11"><span class='ocrx_word' id='word_1_19' title='bbox 173 461 397 519; x_wconf 77' lang='lat' dir='ltr'><strong>Stamina,</strong></span> <span class='ocrx_word' id='word_1_20' title='bbox 442 480 536 508; x_wconf 89' lang='lat' dir='ltr'><strong>non</strong></span> <span class='ocrx_word' id='word_1_21' title='bbox 567 459 646 507; x_wconf 84' lang='lat' dir='ltr'><strong>ulli</strong></span> <span class='ocrx_word' id='word_1_22' title='bbox 683 459 974 509; x_wconf 83' lang='lat' dir='ltr'><strong>dissoluenda</strong></span> <span class='ocrx_word' id='word_1_23' title='bbox 1010 462 1118 520; x_wconf 88' lang='lat' dir='ltr'><strong>deo;</strong></span> 
     </span>
     <span class='ocr_line' id='line_1_5' title="bbox 106 547 1401 613; baseline 0.001 -18"><span class='ocrx_word' id='word_1_24' title='bbox 106 550 237 596; x_wconf 87' lang='lat' dir='ltr'><strong>Hunc</strong></span> <span class='ocrx_word' id='word_1_25' title='bbox 272 547 392 605; x_wconf 87' lang='lat' dir='ltr'><strong>fore,</strong></span> <span class='ocrx_word' id='word_1_26' title='bbox 427 547 678 613; x_wconf 87' lang='lat' dir='ltr'><strong>Aquitanas</strong></span> <span class='ocrx_word' id='word_1_27' title='bbox 713 559 866 613; x_wconf 82' lang='lat' dir='ltr'><strong>posset</strong></span> <span class='ocrx_word' id='word_1_28' title='bbox 902 548 978 613; x_wconf 88' lang='lat' dir='ltr'><strong>qui</strong></span> <span class='ocrx_word' id='word_1_29' title='bbox 1008 548 1198 596; x_wconf 87' lang='lat' dir='ltr'><strong>fundere</strong></span> <span class='ocrx_word' id='word_1_30' title='bbox 1234 561 1401 613; x_wconf 80' lang='lat' dir='ltr'><strong>gentes,</strong></span> 
     </span>
     <span class='ocr_line' id='line_1_6' title="bbox 175 633 1211 698; baseline 0.001 -17"><span class='ocrx_word' id='word_1_31' title='bbox 175 635 322 698; x_wconf 78' lang='lat' dir='ltr'><strong>Quem</strong></span> <span class='ocrx_word' id='word_1_32' title='bbox 360 644 566 681; x_wconf 82' lang='lat' dir='ltr'><strong>tremeret</strong></span> <span class='ocrx_word' id='word_1_33' title='bbox 600 633 704 682; x_wconf 84' lang='lat' dir='ltr'><strong>forti</strong></span> <span class='ocrx_word' id='word_1_34' title='bbox 739 633 877 682; x_wconf 87' lang='lat' dir='ltr'><strong>milite</strong></span> <span class='ocrx_word' id='word_1_35' title='bbox 909 634 1049 682; x_wconf 79' lang='lat' dir='ltr'><strong>victus</strong></span> <span class='ocrx_word' id='word_1_36' title='bbox 1084 634 1211 682; x_wconf 81' lang='lat' dir='ltr'><strong>Atax.</strong></span> 
     </span>
     <span class='ocr_line' id='line_1_7' title="bbox 75 719 1231 785; baseline 0.002 -21"><span class='ocrx_word' id='word_1_37' title='bbox 75 720 332 768; x_wconf 84' lang='lat' dir='ltr'><strong>5Evenere:</strong></span> <span class='ocrx_word' id='word_1_38' title='bbox 380 738 522 767; x_wconf 78' lang='lat' dir='ltr'><strong>novos</strong></span> <span class='ocrx_word' id='word_1_39' title='bbox 556 719 700 785; x_wconf 86' lang='lat' dir='ltr'><strong>pubes</strong></span> <span class='ocrx_word' id='word_1_40' title='bbox 737 721 943 767; x_wconf 83' lang='lat' dir='ltr'><strong>Romana</strong></span> <span class='ocrx_word' id='word_1_41' title='bbox 977 719 1231 785; x_wconf 88' lang='lat' dir='ltr'><strong>triumphos</strong></span> 
     </span>
     <span class='ocr_line' id='line_1_8' title="bbox 178 804 1193 871; baseline 0 -19"><span class='ocrx_word' id='word_1_42' title='bbox 178 805 304 853; x_wconf 76' lang='lat' dir='ltr'><strong>Vidit</strong></span> <span class='ocrx_word' id='word_1_43' title='bbox 339 817 381 853; x_wconf 85' lang='lat' dir='ltr'><strong>et</strong></span> <span class='ocrx_word' id='word_1_44' title='bbox 412 805 607 854; x_wconf 82' lang='lat' dir='ltr'><strong>evinctos</strong></span> <span class='ocrx_word' id='word_1_45' title='bbox 642 805 830 853; x_wconf 85' lang='lat' dir='ltr'><strong>brachia</strong></span> <span class='ocrx_word' id='word_1_46' title='bbox 865 816 994 871; x_wconf 83' lang='lat' dir='ltr'><strong>capta</strong></span> <span class='ocrx_word' id='word_1_47' title='bbox 1030 804 1193 852; x_wconf 87' lang='lat' dir='ltr'><strong>duces:</strong></span> 
     </span>
     <span class='ocr_line' id='line_1_9' title="bbox 103 890 1221 955; baseline 0 -17"><span class='ocrx_word' id='word_1_48' title='bbox 103 892 162 938; x_wconf 86' lang='lat' dir='ltr'><strong>At</strong></span> <span class='ocrx_word' id='word_1_49' title='bbox 198 903 239 939; x_wconf 88' lang='lat' dir='ltr'><strong>te</strong></span> <span class='ocrx_word' id='word_1_50' title='bbox 274 892 475 939; x_wconf 84' lang='lat' dir='ltr'><strong>victrices</strong></span> <span class='ocrx_word' id='word_1_51' title='bbox 512 891 687 949; x_wconf 86' lang='lat' dir='ltr'><strong>lauros,</strong></span> <span class='ocrx_word' id='word_1_52' title='bbox 730 890 948 949; x_wconf 82' lang='lat' dir='ltr'><strong>Messala,</strong></span> <span class='ocrx_word' id='word_1_53' title='bbox 995 903 1221 955; x_wconf 85' lang='lat' dir='ltr'><strong>gerentem</strong></span> 
     </span>
     <span class='ocr_line' id='line_1_10' title="bbox 175 977 1161 1043; baseline 0.002 -19"><span class='ocrx_word' id='word_1_54' title='bbox 175 977 393 1025; x_wconf 81' lang='lat' dir='ltr'>Portabat</span> <span class='ocrx_word' id='word_1_55' title='bbox 425 977 566 1025; x_wconf 87' lang='lat' dir='ltr'><strong>niveis</strong></span> <span class='ocrx_word' id='word_1_56' title='bbox 598 996 757 1025; x_wconf 87' lang='lat' dir='ltr'><strong>currus</strong></span> <span class='ocrx_word' id='word_1_57' title='bbox 788 977 988 1025; x_wconf 84' lang='lat' dir='ltr'><strong>eburnus</strong></span> <span class='ocrx_word' id='word_1_58' title='bbox 1022 977 1161 1043; x_wconf 83' lang='lat' dir='ltr'><strong>equis.</strong></span> 
     </span>
     <span class='ocr_line' id='line_1_11' title="bbox 113 1063 1403 1132; baseline -0.001 -21"><span class='ocrx_word' id='word_1_59' title='bbox 113 1065 215 1111; x_wconf 88' lang='lat' dir='ltr'><strong>Non</strong></span> <span class='ocrx_word' id='word_1_60' title='bbox 233 1065 329 1111; x_wconf 87' lang='lat' dir='ltr'><strong>sine</strong></span> <span class='ocrx_word' id='word_1_61' title='bbox 347 1083 417 1112; x_wconf 87' lang='lat' dir='ltr'><strong>me</strong></span> <span class='ocrx_word' id='word_1_62' title='bbox 440 1076 504 1130; x_wconf 68' lang='lat' dir='ltr'><strong>est</strong></span> <span class='ocrx_word' id='word_1_63' title='bbox 518 1064 599 1112; x_wconf 76' lang='lat' dir='ltr'><strong>tibi</strong></span> <span class='ocrx_word' id='word_1_64' title='bbox 619 1076 776 1128; x_wconf 79' lang='lat' dir='ltr'><strong>partus</strong></span> <span class='ocrx_word' id='word_1_65' title='bbox 794 1063 966 1112; x_wconf 84' lang='lat' dir='ltr'><strong>honos:</strong></span> <span class='ocrx_word' id='word_1_66' title='bbox 998 1063 1208 1111; x_wconf 82' lang='lat' dir='ltr'><strong>Tarbella</strong></span> <span class='ocrx_word' id='word_1_67' title='bbox 1228 1064 1403 1132; x_wconf 87' lang='lat' dir='ltr'><strong>Pyrene</strong></span> 
     </span>
     <span class='ocr_line' id='line_1_12' title="bbox 58 1149 1069 1206; baseline 0.001 -11"><span class='ocrx_word' id='word_1_68' title='bbox 58 1161 103 1195; x_wconf 93' lang='lat'><strong>10</strong></span> <span class='ocrx_word' id='word_1_69' title='bbox 181 1149 327 1196; x_wconf 87' lang='lat' dir='ltr'><strong>Testis</strong></span> <span class='ocrx_word' id='word_1_70' title='bbox 365 1161 407 1198; x_wconf 87' lang='lat' dir='ltr'><strong>et</strong></span> <span class='ocrx_word' id='word_1_71' title='bbox 442 1149 612 1197; x_wconf 82' lang='lat' dir='ltr'><strong>Oceani</strong></span> <span class='ocrx_word' id='word_1_72' title='bbox 645 1149 777 1197; x_wconf 87' lang='lat' dir='ltr'><strong>litora</strong></span> <span class='ocrx_word' id='word_1_73' title='bbox 812 1149 1069 1206; x_wconf 80' lang='lat' dir='ltr'><strong>Santonici,</strong></span> 
     </span>
     <span class='ocr_line' id='line_1_13' title="bbox 99 1235 1406 1302; baseline -0.001 -19"><span class='ocrx_word' id='word_1_74' title='bbox 99 1237 138 1283; x_wconf 92' lang='lat' dir='ltr'>T</span> <span class='ocrx_word' id='word_1_75' title='bbox 141 1236 244 1284; x_wconf 86' lang='lat' dir='ltr'><strong>estis</strong></span> <span class='ocrx_word' id='word_1_76' title='bbox 255 1237 373 1283; x_wconf 90' lang='lat' dir='ltr'><strong>Arar</strong></span> <span class='ocrx_word' id='word_1_77' title='bbox 384 1235 726 1302; x_wconf 82' lang='lat' dir='ltr'><strong>Rhodanusque</strong></span> <span class='ocrx_word' id='word_1_78' title='bbox 741 1235 856 1283; x_wconf 91' lang='lat' dir='ltr'><strong>celer</strong></span> <span class='ocrx_word' id='word_1_79' title='bbox 867 1254 1148 1301; x_wconf 83' lang='lat' dir='ltr'><strong>magnusque</strong></span> <span class='ocrx_word' id='word_1_80' title='bbox 1158 1236 1406 1293; x_wconf 78' lang='lat' dir='ltr'><strong>Garumna,</strong></span> 
     </span>
     <span class='ocr_line' id='line_1_14' title="bbox 178 1319 1180 1389; baseline -0.001 -20"><span class='ocrx_word' id='word_1_81' title='bbox 178 1321 364 1370; x_wconf 85' lang='lat' dir='ltr'><strong>Carnuti</strong></span> <span class='ocrx_word' id='word_1_82' title='bbox 398 1333 440 1369; x_wconf 83' lang='lat' dir='ltr'><strong>et</strong></span> <span class='ocrx_word' id='word_1_83' title='bbox 471 1321 572 1368; x_wconf 86' lang='lat' dir='ltr'><strong>ssavi</strong></span> <span class='ocrx_word' id='word_1_84' title='bbox 605 1319 781 1368; x_wconf 87' lang='lat' dir='ltr'><strong>caerula</strong></span> <span class='ocrx_word' id='word_1_85' title='bbox 813 1320 999 1389; x_wconf 85' lang='lat' dir='ltr'><strong>lympha</strong></span> <span class='ocrx_word' id='word_1_86' title='bbox 1033 1321 1180 1385; x_wconf 81' lang='lat' dir='ltr'><strong>Liger.</strong></span> 
     </span>
     <span class='ocr_line' id='line_1_15' title="bbox 111 1407 1405 1476; baseline 0 -21"><span class='ocrx_word' id='word_1_87' title='bbox 111 1408 183 1455; x_wconf 90' lang='lat' dir='ltr'><strong>An</strong></span> <span class='ocrx_word' id='word_1_88' title='bbox 218 1420 284 1467; x_wconf 86' lang='lat' dir='ltr'><strong>te,</strong></span> <span class='ocrx_word' id='word_1_89' title='bbox 330 1407 511 1476; x_wconf 83' lang='lat' dir='ltr'><strong>Cydne,</strong></span> <span class='ocrx_word' id='word_1_90' title='bbox 556 1426 739 1465; x_wconf 86' lang='lat' dir='ltr'><strong>canam,</strong></span> <span class='ocrx_word' id='word_1_91' title='bbox 784 1407 928 1455; x_wconf 84' lang='lat' dir='ltr'><strong>tacitis</strong></span> <span class='ocrx_word' id='word_1_92' title='bbox 966 1408 1042 1473; x_wconf 88' lang='lat' dir='ltr'><strong>qui</strong></span> <span class='ocrx_word' id='word_1_93' title='bbox 1080 1407 1238 1455; x_wconf 84' lang='lat' dir='ltr'><strong>leniter</strong></span> <span class='ocrx_word' id='word_1_94' title='bbox 1271 1408 1405 1455; x_wconf 88' lang='lat' dir='ltr'><strong>undis</strong></span> 
     </span>
     <span class='ocr_line' id='line_1_16' title="bbox 180 1493 1270 1560; baseline 0 -19"><span class='ocrx_word' id='word_1_95' title='bbox 180 1494 420 1542; x_wconf 86' lang='lat' dir='ltr'><strong>Caeruleus</strong></span> <span class='ocrx_word' id='word_1_96' title='bbox 456 1493 648 1560; x_wconf 83' lang='lat' dir='ltr'><strong>placidis</strong></span> <span class='ocrx_word' id='word_1_97' title='bbox 677 1512 760 1559; x_wconf 89' lang='lat' dir='ltr'><strong>per</strong></span> <span class='ocrx_word' id='word_1_98' title='bbox 789 1494 904 1541; x_wconf 83' lang='lat' dir='ltr'><strong>vada</strong></span> <span class='ocrx_word' id='word_1_99' title='bbox 939 1494 1082 1559; x_wconf 83' lang='lat' dir='ltr'><strong>serpis</strong></span> <span class='ocrx_word' id='word_1_100' title='bbox 1115 1495 1270 1560; x_wconf 88' lang='lat' dir='ltr'><strong>aquis,</strong></span> 
     </span>
     <span class='ocr_line' id='line_1_17' title="bbox 58 1580 1313 1644; baseline -0.002 -15"><span class='ocrx_word' id='word_1_101' title='bbox 58 1594 102 1629; x_wconf 83' lang='lat'><strong>15</strong></span> <span class='ocrx_word' id='word_1_102' title='bbox 117 1581 327 1644; x_wconf 82' lang='lat' dir='ltr'><strong>Quantus</strong></span> <span class='ocrx_word' id='word_1_103' title='bbox 364 1593 405 1628; x_wconf 92' lang='lat' dir='ltr'><strong>et</strong></span> <span class='ocrx_word' id='word_1_104' title='bbox 441 1580 637 1628; x_wconf 85' lang='lat' dir='ltr'><strong>aetherio</strong></span> <span class='ocrx_word' id='word_1_105' title='bbox 676 1580 939 1644; x_wconf 83' lang='lat' dir='ltr'><strong>contingens</strong></span> <span class='ocrx_word' id='word_1_106' title='bbox 976 1580 1137 1627; x_wconf 83' lang='lat' dir='ltr'><strong>vertice</strong></span> <span class='ocrx_word' id='word_1_107' title='bbox 1169 1581 1313 1628; x_wconf 86' lang='lat' dir='ltr'><strong>nubes</strong></span> 
     </span>
     <span class='ocr_line' id='line_1_18' title="bbox 177 1665 1185 1730; baseline -0.001 -17"><span class='ocrx_word' id='word_1_108' title='bbox 177 1667 392 1730; x_wconf 81' lang='lat' dir='ltr'><strong>Frigidus</strong></span> <span class='ocrx_word' id='word_1_109' title='bbox 422 1667 626 1713; x_wconf 79' lang='lat' dir='ltr'><strong>intonsos</strong></span> <span class='ocrx_word' id='word_1_110' title='bbox 657 1667 837 1713; x_wconf 83' lang='lat' dir='ltr'><strong>Taurus</strong></span> <span class='ocrx_word' id='word_1_111' title='bbox 874 1665 961 1712; x_wconf 85' lang='lat' dir='ltr'><strong>alat</strong></span> <span class='ocrx_word' id='word_1_112' title='bbox 993 1665 1185 1712; x_wconf 78' lang='lat' dir='ltr'><strong>Cilicas?</strong></span> 
     </span>
     <span class='ocr_line' id='line_1_19' title="bbox 119 1749 1406 1815; baseline -0.001 -17"><span class='ocrx_word' id='word_1_113' title='bbox 119 1751 246 1814; x_wconf 79' lang='lat' dir='ltr'><strong>Quid</strong></span> <span class='ocrx_word' id='word_1_114' title='bbox 279 1751 485 1808; x_wconf 87' lang='lat' dir='ltr'><strong>referam,</strong></span> <span class='ocrx_word' id='word_1_115' title='bbox 521 1762 570 1797; x_wconf 86' lang='lat' dir='ltr'><strong>ut</strong></span> <span class='ocrx_word' id='word_1_116' title='bbox 588 1749 739 1797; x_wconf 83' lang='lat' dir='ltr'><strong>volitet</strong></span> <span class='ocrx_word' id='word_1_117' title='bbox 775 1750 954 1797; x_wconf 83' lang='lat' dir='ltr'><strong>crebras</strong></span> <span class='ocrx_word' id='word_1_118' title='bbox 979 1750 1143 1796; x_wconf 84' lang='lat' dir='ltr'><strong>intacta</strong></span> <span class='ocrx_word' id='word_1_119' title='bbox 1166 1768 1247 1815; x_wconf 89' lang='lat' dir='ltr'><strong>per</strong></span> <span class='ocrx_word' id='word_1_120' title='bbox 1273 1750 1406 1797; x_wconf 79' lang='lat' dir='ltr'><strong>urbes</strong></span> 
     </span>
     <span class='ocr_line' id='line_1_20' title="bbox 182 1835 1201 1902; baseline -0.002 -18"><span class='ocrx_word' id='word_1_121' title='bbox 182 1837 299 1884; x_wconf 85' lang='lat' dir='ltr'><strong>Alba</strong></span> <span class='ocrx_word' id='word_1_122' title='bbox 332 1836 586 1883; x_wconf 83' lang='lat' dir='ltr'><strong>Palaestino</strong></span> <span class='ocrx_word' id='word_1_123' title='bbox 623 1848 776 1883; x_wconf 83' lang='lat' dir='ltr'><strong>sancta</strong></span> <span class='ocrx_word' id='word_1_124' title='bbox 814 1835 1021 1883; x_wconf 87' lang='lat' dir='ltr'><strong>columba</strong></span> <span class='ocrx_word' id='word_1_125' title='bbox 1058 1836 1201 1902; x_wconf 81' lang='lat' dir='ltr'><strong>Syro,</strong></span> 
     </span>
     <span class='ocr_line' id='line_1_21' title="bbox 113 1921 1374 1988; baseline -0.002 -19"><span class='ocrx_word' id='word_1_126' title='bbox 113 1925 261 1988; x_wconf 84' lang='lat' dir='ltr'><strong>thue</strong></span> <span class='ocrx_word' id='word_1_127' title='bbox 297 1922 433 1968; x_wconf 88' lang='lat' dir='ltr'><strong>maris</strong></span> <span class='ocrx_word' id='word_1_128' title='bbox 469 1934 642 1968; x_wconf 78' lang='lat' dir='ltr'><strong>vastum</strong></span> <span class='ocrx_word' id='word_1_129' title='bbox 679 1933 933 1986; x_wconf 79' lang='lat' dir='ltr'><strong>prospectet</strong></span> <span class='ocrx_word' id='word_1_130' title='bbox 967 1921 1168 1968; x_wconf 79' lang='lat' dir='ltr'><strong>turribus</strong></span> <span class='ocrx_word' id='word_1_131' title='bbox 1207 1940 1374 1986; x_wconf 89' lang='lat' dir='ltr'><strong>aequor</strong></span> 
     </span>
    </p>
   </div>
   <div class='ocr_carea' id='block_1_3' title="bbox 59 2007 1288 2076">
    <p class='ocr_par' dir='ltr' id='par_1_3' title="bbox 59 2007 1288 2076">
     <span class='ocr_line' id='line_1_22' title="bbox 59 2007 1288 2076; baseline -0.002 -19"><span class='ocrx_word' id='word_1_132' title='bbox 59 2023 106 2057; x_wconf 79' lang='grc'><strong>20</strong></span> <span class='ocrx_word' id='word_1_133' title='bbox 183 2008 337 2056; x_wconf 86' lang='lat' dir='ltr'><strong>Prima</strong></span> <span class='ocrx_word' id='word_1_134' title='bbox 373 2019 510 2055; x_wconf 86' lang='lat' dir='ltr'><strong>ratem</strong></span> <span class='ocrx_word' id='word_1_135' title='bbox 548 2008 688 2055; x_wconf 74' lang='lat' dir='ltr'><strong>ventis</strong></span> <span class='ocrx_word' id='word_1_136' title='bbox 725 2008 906 2055; x_wconf 83' lang='lat' dir='ltr'><strong>credere</strong></span> <span class='ocrx_word' id='word_1_137' title='bbox 943 2007 1074 2056; x_wconf 89' lang='lat' dir='ltr'><strong>docta</strong></span> <span class='ocrx_word' id='word_1_138' title='bbox 1108 2010 1288 2076; x_wconf 82' lang='lat' dir='ltr'><strong>Tyros,</strong></span> 
     </span>
    </p>
   </div>
   <div class='ocr_carea' id='block_1_4' title="bbox 60 2163 1411 2469">
    <p class='ocr_par' dir='ltr' id='par_1_4' title="bbox 60 2163 1411 2469">
     <span class='ocr_line' id='line_1_23' title="bbox 154 2163 1409 2207; baseline 0 -10"><span class='ocrx_word' id='word_1_139' title='bbox 154 2164 270 2198; x_wconf 80' lang='lat' dir='ltr'>V.12.</span> <span class='ocrx_word' id='word_1_140' title='bbox 305 2163 497 2197; x_wconf 73' lang='lat' dir='ltr'><strong>Car-nuti</strong></span> <span class='ocrx_word' id='word_1_141' title='bbox 530 2164 739 2206; x_wconf 70' lang='lat' dir='ltr'><strong>ScAmGnR,</strong></span> <span class='ocrx_word' id='word_1_142' title='bbox 776 2164 867 2207; x_wconf 90' lang='lat' dir='ltr'><strong>quod</strong></span> <span class='ocrx_word' id='word_1_143' title='bbox 900 2174 988 2197; x_wconf 84' lang='lat' dir='ltr'><strong>nune</strong></span> <span class='ocrx_word' id='word_1_144' title='bbox 1023 2164 1124 2197; x_wconf 81' lang='lat' dir='ltr'><strong>etiam</strong></span> <span class='ocrx_word' id='word_1_145' title='bbox 1157 2163 1409 2197; x_wconf 51' lang='lat' dir='ltr'><strong>monuimus</strong></span> 
     </span>
     <span class='ocr_line' id='line_1_24' title="bbox 61 2228 1410 2272; baseline -0.001 -10"><span class='ocrx_word' id='word_1_146' title='bbox 61 2228 140 2263; x_wconf 77' lang='lat' dir='ltr'><strong>mihi</strong></span> <span class='ocrx_word' id='word_1_147' title='bbox 177 2228 380 2271; x_wconf 79' lang='lat' dir='ltr'><strong>significavit</strong></span> <span class='ocrx_word' id='word_1_148' title='bbox 411 2239 448 2261; x_wconf 88' lang='lat' dir='ltr'><strong>se</strong></span> <span class='ocrx_word' id='word_1_149' title='bbox 480 2229 642 2272; x_wconf 85' lang='lat' dir='ltr'><strong>probare,</strong></span> <span class='ocrx_word' id='word_1_150' title='bbox 678 2230 734 2271; x_wconf 85' lang='lat' dir='ltr'><strong>qui</strong></span> <span class='ocrx_word' id='word_1_151' title='bbox 760 2229 792 2262; x_wconf 89' lang='lat' dir='ltr'><strong>in</strong></span> <span class='ocrx_word' id='word_1_152' title='bbox 817 2240 877 2262; x_wconf 85' lang='lat' dir='ltr'><strong>sua</strong></span> <span class='ocrx_word' id='word_1_153' title='bbox 903 2229 1052 2263; x_wconf 85' lang='lat' dir='ltr'><strong>editione</strong></span> <span class='ocrx_word' id='word_1_154' title='bbox 1078 2229 1222 2261; x_wconf 85' lang='lat' dir='ltr'><strong>Carnoli</strong></span> <span class='ocrx_word' id='word_1_155' title='bbox 1249 2233 1410 2272; x_wconf 83' lang='lat' dir='ltr'><strong>posuerat</strong></span> 
     </span>
     <span class='ocr_line' id='line_1_25' title="bbox 60 2293 1410 2337; baseline 0.001 -10"><span class='ocrx_word' id='word_1_156' title='bbox 60 2305 103 2327; x_wconf 85' lang='lat' dir='ltr'><strong>ex</strong></span> <span class='ocrx_word' id='word_1_157' title='bbox 129 2294 233 2328; x_wconf 77' lang='lat' dir='ltr'><strong>tibris.</strong></span> <span class='ocrx_word' id='word_1_158' title='bbox 282 2293 457 2337; x_wconf 79' lang='lat' dir='ltr'><strong>Excerpta</strong></span> <span class='ocrx_word' id='word_1_159' title='bbox 488 2294 655 2328; x_wconf 67' lang='lat' dir='ltr'><strong>Fmsnw.</strong></span> <span class='ocrx_word' id='word_1_160' title='bbox 684 2294 852 2327; x_wconf 81' lang='lat' dir='ltr'><strong>Carnutis</strong></span> <span class='ocrx_word' id='word_1_161' title='bbox 876 2301 923 2329; x_wconf 82' lang='lat' dir='ltr'><strong>et.</strong></span> <span class='ocrx_word' id='word_1_162' title='bbox 945 2313 993 2320; x_wconf 92' lang='lat'><strong>—-</strong></span> <span class='ocrx_word' id='word_1_163' title='bbox 1041 2295 1083 2328; x_wconf 87' lang='lat' dir='ltr'><strong>V.</strong></span> <span class='ocrx_word' id='word_1_164' title='bbox 1100 2297 1156 2328; x_wconf 84' lang='lat'><strong>14.</strong></span> <span class='ocrx_word' id='word_1_165' title='bbox 1184 2294 1306 2328; x_wconf 88' lang='lat' dir='ltr'><strong>Lectio</strong></span> <span class='ocrx_word' id='word_1_166' title='bbox 1332 2305 1410 2328; x_wconf 88' lang='lat' dir='ltr'><strong>cor-</strong></span> 
     </span>
     <span class='ocr_line' id='line_1_26' title="bbox 60 2358 1411 2404; baseline -0.002 -11"><span class='ocrx_word' id='word_1_167' title='bbox 60 2363 172 2403; x_wconf 82' lang='lat' dir='ltr'><strong>rupta.</strong></span> <span class='ocrx_word' id='word_1_168' title='bbox 235 2359 351 2401; x_wconf 79' lang='lat' dir='ltr'><strong>Vulgo</strong></span> <span class='ocrx_word' id='word_1_169' title='bbox 387 2369 452 2392; x_wconf 89' lang='lat' dir='ltr'><strong>non</strong></span> <span class='ocrx_word' id='word_1_170' title='bbox 490 2359 610 2392; x_wconf 85' lang='lat' dir='ltr'><strong>melius</strong></span> <span class='ocrx_word' id='word_1_171' title='bbox 646 2358 823 2391; x_wconf 76' lang='lat' dir='ltr'><strong>Caeruleis</strong></span> <span class='ocrx_word' id='word_1_172' title='bbox 856 2359 1034 2404; x_wconf 76' lang='lat' dir='ltr'><strong>placidus.</strong></span> <span class='ocrx_word' id='word_1_173' title='bbox 1095 2360 1254 2393; x_wconf 80' lang='lat' dir='ltr'><strong>Praestat</strong></span> <span class='ocrx_word' id='word_1_174' title='bbox 1288 2360 1411 2393; x_wconf 83' lang='lat' dir='ltr'><strong>ceteris</strong></span> 
     </span>
     <span class='ocr_line' id='line_1_27' title="bbox 62 2423 1409 2469; baseline 0.001 -13"><span class='ocrx_word' id='word_1_175' title='bbox 62 2425 182 2457; x_wconf 82' lang='lat' dir='ltr'><strong>Vossu</strong></span> <span class='ocrx_word' id='word_1_176' title='bbox 217 2423 410 2457; x_wconf 83' lang='lat' dir='ltr'><strong>emendatio</strong></span> <span class='ocrx_word' id='word_1_177' title='bbox 445 2423 608 2468; x_wconf 78' lang='lat' dir='ltr'><strong>placidae</strong></span> <span class='ocrx_word' id='word_1_178' title='bbox 637 2442 683 2448; x_wconf 92' lang='lat'>—</span> <span class='ocrx_word' id='word_1_179' title='bbox 714 2435 841 2469; x_wconf 79' lang='lat' dir='ltr'><strong>aquae.</strong></span> <span class='ocrx_word' id='word_1_180' title='bbox 870 2443 913 2448; x_wconf 94' lang='lat'>—</span> <span class='ocrx_word' id='word_1_181' title='bbox 975 2425 1088 2458; x_wconf 77' lang='lat' dir='ltr'>V‚16.</span> <span class='ocrx_word' id='word_1_182' title='bbox 1120 2425 1215 2458; x_wconf 83' lang='lat' dir='ltr'><strong>alat</strong></span> <span class='ocrx_word' id='word_1_183' title='bbox 1249 2425 1293 2458; x_wconf 83' lang='lat' dir='ltr'><strong>de</strong></span> <span class='ocrx_word' id='word_1_184' title='bbox 1327 2435 1409 2457; x_wconf 90' lang='lat' dir='ltr'><strong>con—</strong></span> 
     </span>
    </p>
   </div>
   <div class='ocr_carea' id='block_1_5' title="bbox 63 2490 1410 2586">
    <p class='ocr_par' dir='ltr' id='par_1_5' title="bbox 63 2490 1410 2586">
     <span class='ocr_line' id='line_1_28' title="bbox 64 2490 1410 2533; baseline 0.002 -12"><span class='ocrx_word' id='word_1_185' title='bbox 64 2490 191 2522; x_wconf 77' lang='lat' dir='ltr'><strong>iectura</strong></span> <span class='ocrx_word' id='word_1_186' title='bbox 217 2490 417 2523; x_wconf 50' lang='lat' dir='ltr'><strong>Primnum.</strong></span> <span class='ocrx_word' id='word_1_187' title='bbox 469 2490 590 2523; x_wconf 82' lang='lat' dir='ltr'><strong>Lectio</strong></span> <span class='ocrx_word' id='word_1_188' title='bbox 616 2490 751 2532; x_wconf 75' lang='lat' dir='ltr'><strong>antiqua</strong></span> <span class='ocrx_word' id='word_1_189' title='bbox 777 2496 881 2532; x_wconf 80' lang='lat' dir='ltr'><strong>arat,</strong></span> <span class='ocrx_word' id='word_1_190' title='bbox 907 2501 1006 2533; x_wconf 83' lang='lat' dir='ltr'><strong>quam</strong></span> <span class='ocrx_word' id='word_1_191' title='bbox 1032 2492 1135 2525; x_wconf 78' lang='lat' dir='ltr'><strong>etiam</strong></span> <span class='ocrx_word' id='word_1_192' title='bbox 1158 2492 1410 2525; x_wconf 56' lang='lat' dir='ltr'><strong>Lscnaunnus</strong></span> 
     </span>
     <span class='ocr_line' id='line_1_29' title="bbox 63 2554 173 2586; baseline 0.009 -1"><span class='ocrx_word' id='word_1_193' title='bbox 63 2554 173 2586; x_wconf 79' lang='lat' dir='ltr'><strong>habet.</strong></span> 
     </span>
    </p>
   </div>
  </div>
 </body>
</html>
