1721 2953
469 191 612 234 LIBR.
641 192 673 232 Ι.
730 190 890 234 ELEG.
919 193 951 234 Ι.
1329 199 1381 234 13

38 313 141 355 situs,
167 319 205 348 ut
228 312 389 348 Termini.
439 312 498 346 Sic
524 311 717 346 notantibus
742 311 816 345 aliis
841 312 1027 346 Pnorssu'r.
1051 307 1080 352 1,
1101 310 1159 346 20,
1182 311 1239 343 36.
1266 308 1382 344 deser-

39 384 98 410 tae
132 377 273 412 arbores
304 377 479 419 dicuntur,
513 381 548 410 et
582 378 742 421 ἐρημαῖαι
778 372 879 420 δρύες·
915 376 1055 409 Mosen.
1078 374 1142 417 111,
1165 377 1224 409 21.
1283 374 1382 409 Adde

37 453 137 484 vero,
174 442 263 486 quod
297 441 380 476 vidit
412 442 513 476 etiam
548 441 719 482 Vossms,
756 450 875 473 vocem
899 451 986 474 nunc
1013 441 1140 485 opponi
1172 440 1302 475 verbist
1338 440 1381 474 in

35 509 214 551 triviis,
247 508 415 551 frequenti
439 508 540 549 loco3
571 507 678 540 triviis
703 507 812 548 enim,
848 505 890 539 de
925 517 1068 550 quorum
1094 506 1273 540 sanctitate
1297 514 1380 539 con-

33 580 121 618 stat,
152 575 251 609 simul
277 575 504 618 frequentium
529 575 682 608 locorum
707 573 802 606 notio
825 573 926 606 inest.
982 573 1157 606 Habemus
1181 572 1286 614 igitur
1313 571 1380 604 ite-

33 654 107 676 rum
132 643 379 687 oppositionem
407 641 679 686 praedicatorum
705 649 883 674 nervosam
907 640 940 673 in
965 638 1016 673 liis
1041 639 1200 674 membris
1224 638 1266 673 de
1285 649 1379 673 more

31 709 180 751 Tibulli,
206 719 307 752 quem
336 709 392 752 qui
417 709 521 742 semel
547 708 744 752 persp‘exit,
777 708 882 742 multa
908 711 1023 752 potest
1046 709 1078 742 in
1101 707 1152 742 his
1177 707 1379 742 carminibus

32 776 224 809 accuratius
247 774 473 819 interpretari.
522 775 630 808 Porro
653 779 782 808 vetus
806 775 892 819 lapis
909 774 1040 814 dicitur,
1066 785 1141 808 cum
1160 775 1246 808 tales
1264 779 1378 808 essent

30 838 64 873 hi
89 841 196 882 sacri3
232 845 267 874 at
293 840 426 885 stipites
451 851 528 874 cum
559 845 796 885 putrescerent
820 842 852 875 vi
877 841 986 883 aeris,
1020 840 1163 875 subinde
1187 840 1266 874 novi
1295 840 1376 874 sub—

29 906 189 940 stituendi
215 911 320 940 erant.
369 906 441 940 Iam
476 906 552 940 vide
583 917 718 940 sensum
753 907 860 940 totius
893 906 979 940 loci:
1014 905 1095 938 Sive
1125 905 1163 938 in
1189 904 1379 952 frequenti

29 971 157 1005 sivein
182 971 402 1018 infrequenti
426 971 499 1005 loco
524 984 552 1008 s.
576 971 774 1019 ubicunque
799 972 955 1017 stipitem
979 976 1014 1003 et
1039 970 1191 1016 lapidem
1217 970 1255 1004 in
1278 969 1376 1015 agris

31 1038 128 1071 video
162 1039 266 1072 sertis
299 1045 488 1081 ornatum,
526 1046 568 1072 ut
601 1046 777 1084 appareat
800 1050 941 1072 sacrum
965 1049 1044 1070 eum
1067 1048 1160 1073 esse,
1191 1035 1317 1068 accedo
1340 1041 1375 1068 et

29 1103 156 1140 adoro,
187 1115 391 1140 veneror.
440 1106 652 1141 Huscuxms
678 1110 851 1151 comparat
878 1106 1030 1138 Lucum.
1055 1101 1238 1138 Alexandr.
1263 1114 1294 1138 c.
1318 1105 1375 1138 30.

28 1169 165 1212 Bipont.
190 1169 288 1202 Tom.
316 1171 368 1203 V:
411 1171 437 1203 zi
465 1168 564 1209 μόνον
589 1168 815 1215 ἀληλιμμένον
843 1183 908 1202 που
934 1170 1035 1202 λίθον
1060 1165 1081 1214 ἢ
1106 1169 1373 1208 ἐστεφανωμένον

31 1231 207 1271 θεάσαιτο,
234 1238 452 1280 προςπίῖῑτων
475 1233 523 1269 αἐὶ
551 1238 607 1268 καὶ
630 1236 837 1281 προσκυνῶν,
862 1235 920 1269 ubi
946 1234 1022 1269 vide
1047 1235 1113 1268 alia
1138 1233 1229 1278 apud
1254 1235 1371 1267 Som-

29 1312 116 1335 num.
165 1301 228 1334 Est
260 1307 370 1336 tamen
402 1302 448 1336 ibi
474 1313 528 1336 res
554 1303 781 1347 superstitiosi
804 1302 958 1336 hominis.
984 1321 1026 1327 —
1064 1302 1106 1335 V.
1134 1303 1177 1334 13
1202 1311 1276 1343 sqq.
1302 1310 1372 1334 no-

26 1379 102 1401 vus
135 1379 292 1409 annus,
330 1368 360 1403 li.
387 1379 417 1402 e.
450 1380 538 1403 novo
562 1380 698 1412 quoque
722 1379 810 1402 anno
835 1368 963 1402 honoro
988 1368 1088 1402 deum
1114 1367 1270 1411 primitiis
1296 1366 1369 1400 fru-

25 1437 150 1467 ctuum.
182 1452 227 1457 —
268 1434 432 1466 educat
468 1433 628 1466 selectius
661 1433 800 1467 verbum
833 1443 883 1477 pr.
916 1432 1022 1466 nutrit
1059 1436 1094 1466 et
1131 1435 1289 1465 maturat.
1324 1449 1372 1456 -

25 1498 326 1541 quodcunque
353 1509 541 1542 pomum,
576 1497 606 1532 h.
634 1509 663 1532 e.
689 1499 914 1541 quodcunque
939 1508 1046 1541 genus
1071 1508 1247 1542 pomorum
1274 1497 1372 1541 poni-

26 1572 79 1598 tur
96 1565 232 1598 Silvano
257 1563 418 1606 libatum,
445 1575 487 1597 ex
514 1567 610 1608 parte
636 1565 773 1598 selecta.
823 1563 910 1597 Nam
932 1563 1071 1597 libatum
1096 1562 1223 1606 aliquid
1248 1563 1372 1596 offerre

24 1633 76 1663 est
110 1630 233 1664 offerre
268 1631 357 1673 quod
394 1631 559 1682 libaveris.
578 1635 611 1664 et
637 1630 849 1675 decerpseris
874 1641 893 1664 e
919 1633 1002 1664 toto.
1060 1630 1169 1663 Porro
1194 1628 1372 1674 agricolae

26 1698 125 1729 deum
155 1698 311 1731 codicum
347 1702 399 1731 est
433 1699 555 1739 lectio,
595 1698 654 1732 sed
691 1701 870 1741 corrupta3
902 1698 930 1729 si
955 1697 1030 1739 quis
1056 1697 1145 1730 enim
1170 1695 1286 1729 credat
1311 1705 1371 1739 per

23 1764 369 1807 circumscriptionem
403 1764 577 1796 Silvanum
615 1773 703 1795 nunc
736 1762 962 1804 agricolarum
992 1760 1093 1794 deum
1122 1760 1270 1802 dictum,
1309 1760 1370 1793 ad-

22 1829 160 1862 modum
186 1829 310 1862 ieiunia
335 1829 378 1861 sit
404 1829 480 1861 talis
506 1827 785 1871 circumscriptio.
834 1825 937 1859 Haud
962 1825 1064 1859 dubie
1094 1826 1146 1859 vel
1178 1823 1370 1870 agricolam

23 1897 141 1933 deum,
176 1897 229 1928 vel
256 1894 432 1940 agricolae
459 1894 520 1927 cleo
545 1894 737 1938 legendum.
797 1892 977 1927 Videbitur
1001 1891 1134 1925 dativus
1157 1890 1368 1933 exquisitior.

21 1962 79 1994 Sic
102 1965 206 1994 ante
231 1960 470 1993 adverbialiter
495 1959 641 2001 dietum,
666 1962 725 1992 aut
751 1969 832 2002 pro:
857 1961 1038 2000 antequam
1061 1956 1135 2000 ipse
1160 1958 1307 1998 gustem,
1332 1957 1370 1987 ut

20 2028 252 2060 Cum-somnus
278 2026 320 2059 de
346 2025 387 2057 D.
413 2025 492 2058 Nat.
519 2035 548 2058 c.
577 2027 608 2058 1.
634 2024 713 2057 dicit
738 2023 781 2056 de
808 2023 1009 2056 maioribus:
1042 2032 1121 2053 cum
1140 2025 1369 2064 perceperant

12 2094 166 2139 frages,
203 2099 395 2138 antequam
423 2097 661 2133 vescerentur,
699 2090 753 2123 dis
778 2089 887 2123 libare
911 2088 1161 2122 instituerunt.
1223 2086 1370 2121 Volebat

19 2160 65 2193 ita
91 2160 262 2193 Hffi-Nms
292 2163 326 2192 et
350 2160 383 2192 ni
410 2159 507 2192 fallor
535 2159 636 2192 etiam
662 2157 892 2199 Huscffluus,
931 2156 988 2199 qui
1021 2154 1201 2198 adscripsit
1226 2153 1370 2186 Honxr.

19 2227 92 2259 Sat.
118 2225 162 2265 Π,
182 2228 215 2266 5,
242 2226 285 2256 12
309 2234 382 2266 sqq.
432 2224 502 2257 Sed
529 2223 713 2267 simplicior
738 2224 845 2257 altera
869 2223 967 2264 ratio,
992 2221 1049 2255 ubi
1074 2220 1156 2254 nihil
1179 2220 1368 2264 suppletur.

19 2291 145 2334 Accipe
185 2290 370 2333 ponitur
402 2294 505 2323 ante
538 2300 599 2333 pro
635 2289 863 2335 anteponitur
897 2299 973 2323 cum
1007 2288 1169 2322 Mum-:To
1195 2290 1229 2321 et
1254 2287 1369 2321 Wmv-

19 2368 240 2399 DERchmo,
279 2358 335 2400 qui
372 2357 513 2391 HoRAT.
546 2359 620 2392 Sat.
657 2358 684 2399 I,
717 2361 751 2400 3,
781 2359 837 2390 92.
876 2358 1050 2400 comparat
1080 2353 1238 2399 positum
1274 2358 1367 2386 ante.

17 2423 174 2456 Tibullus
200 2423 284 2456 dixit
309 2423 352 2464 ΙΙ,
382 2426 413 2464 1,
436 2425 501 2456 24:
525 2429 686 2455 exstruet
714 2429 819 2461 ante;
846 2422 891 2464 ll,
918 2425 951 2464 5,
977 2424 1044 2454 98:
1074 2419 1185 2454 stabit
1206 2425 1299 2453 ante.
1323 2438 1367 2443 —

17 2487 81 2520 Est
105 2492 215 2522 autem
242 2490 454 2531 agricola
481 2488 608 2529 deus,
635 2491 672 2520 ut
691 2498 766 2520 cum
785 2488 913 2522 vossm
932 2486 1045 2529 credo,
1071 2487 1239 2527 Silvanus,
1265 2485 1368 2519 etiam

17 2551 104 2585 infra
138 2553 165 2594 I,
201 2557 234 2596 5,
272 2557 328 2588 27.
366 2553 576 2597 cogitandus.
638 2554 808 2598 Exposuit
846 2554 889 2588 de
925 2565 967 2588 eo
1005 2555 1154 2589 Vossms
1192 2552 1234 2586 ad
1271 2553 1365 2594 Yirg.

16 2620 141 2661 Eolog.
166 2620 208 2655 X,
233 2623 288 2653 24.
352 2623 430 2656 Quo
456 2623 567 2655 minus
594 2622 681 2655 enim
714 2632 791 2655 cum
817 2623 971 2664 (immo,
1005 2621 1165 2663 vam,
1204 2619 1365 2661 nmmo,

19 2687 313 2721 ll'unnssumcmo
340 2690 519 2723 collective
557 2689 640 2724 haec
675 2689 777 2723 verba
803 2688 845 2724 de
870 2689 933 2724 diis
965 2690 1124 2734 agricolis
1149 2688 1365 2733 accipiamus,
