1721 2953
439 200 585 240 LIBR.
614 199 687 239 IV.
747 196 914 237 CARM.
945 197 1060 237 XIII.
1335 200 1415 240 461

77 319 133 349 tur
161 326 256 359 esse,
280 315 401 359 quibus
427 314 517 348 furto
542 317 679 358 ereptus
704 316 756 346 est
780 317 884 346 torus.
911 330 956 339 —
993 311 1088 347 Hoc
1115 313 1324 357 foedere,
1358 314 1422 351 hac

81 382 170 424 lege.
209 382 298 423 Hoc,
323 383 381 423 ait,
408 380 513 413 iuravi
532 380 605 421 tibi,
630 389 704 412 cum
725 378 867 422 primum
889 378 1011 411 lectum
1033 382 1126 412 tuum
1145 379 1419 415 conscenderem.

74 448 269 491 Iungere
305 449 526 481 Venerem
559 447 701 479 vidimus
735 456 838 490 supra
874 447 898 487 l,
927 450 960 489 9,
980 450 1036 480 76.
1063 465 1111 471 -
1144 448 1187 482 V.
1211 453 1232 483 3
1257 459 1309 491 sq.
1358 449 1421 483 Tu

78 512 186 545 mihi
210 512 308 545 sola
334 512 430 555 plac
444 521 509 553 ες,
535 511 679 544 formula
703 512 850 552 usitata,
875 516 912 544 ut
937 516 1078 554 notant,
1104 514 1208 547 veluti
1233 515 1421 550 Pnopmw.

75 579 120 619 Π,
146 581 178 620 7,
206 581 269 611 19:
319 579 372 610 Τιι
411 577 497 609 milti
532 578 608 611 sola
641 577 782 623 places,
817 577 980 622 placeam
1018 578 1083 611 tibi
1121 580 1276 625 Cynthia
1313 580 1425 614 solas.

77 647 185 680 Ovm.
220 647 292 679 Art.
325 645 401 678 Am.
432 644 460 686 I,
485 647 554 678 42:
595 644 698 690 Elige
732 643 791 676 cui
826 643 943 679 (lica-5,
982 650 1022 676 tu
1059 645 1144 676 mihi
1180 645 1257 678 sola
1290 645 1424 690 places.

78 713 144 745 Hic
169 723 189 745 a
213 711 306 745 libris
331 711 494 744 maiorem
518 712 756 744 auctoritatem
781 708 884 742 habet
912 710 1033 743 lectio:
1069 716 1108 742 tu
1136 711 1254 747 modo,
1288 712 1345 754 qui
1371 716 1425 744 ta-

78 787 154 811 men
180 781 295 821 potest
318 786 414 810 error
439 786 514 809 esse
538 780 638 808 natus
663 786 706 809 ex
732 775 933 819 compendio
959 777 1013 817 ffi,
1051 780 1188 809 notante
1214 776 1365 810 Hunno
1391 780 1426 809 et

78 843 293 884 Huscmno3
317 847 354 875 ut
380 841 468 876 enim
493 841 643 885 potuerit
668 845 710 872 tu
735 838 834 872 modo
859 840 936 872 sola
960 841 1130 874 cumulate
1156 841 1221 874 dici
1249 851 1299 884 pr.
1326 842 1426 874 unice

79 907 146 950 (sla
171 919 242 940 nur
265 906 392 949 allein)
428 916 631 949 quamquam
659 906 853 949 exemplum
886 915 951 938 non
982 905 1111 946 habeo,
1149 907 1212 940 nisi
1246 906 1338 949 quod
1369 918 1428 939 so-

78 973 252 1007 lummodo
282 974 426 1015 dicitur,
463 977 498 1006 at
523 972 586 1006 hoc
611 973 747 1016 quidem
772 973 849 1005 loco
880 983 984 1014 aegre
1011 973 1199 1006 carebimus
1225 974 1425 1017 pronomine

78 1039 174 1073 mihi.
193 1058 238 1064 —
279 1039 492 1072 Formosa
517 1038 666 1072 oculis
693 1038 812 1072 meis·
860 1037 1029 1082 Imprimis
1055 1038 1224 1081 frequens,
1250 1040 1298 1072 ait
1314 1040 1426 1073 WUN-

82 1115 326 1147 nnnmcums,
363 1103 562 1148 pulchrum,
599 1104 747 1146 bellum,
784 1104 969 1140 formosum
997 1117 1071 1140 esse
1103 1108 1213 1141 alicui.
1265 1108 1427 1142 Vnm‘ms

80 1171 213 1205 confert
236 1172 424 1205 Pnopssnw.
448 1169 508 1210 lv,
533 1170 567 1210 4,
592 1170 649 1202 32,
675 1185 721 1192 —-
760 1169 799 1203 V.
826 1172 849 1202 5
874 1180 947 1212 sqq.
997 1172 1163 1205 utinam
1203 1173 1357 1216 possis
1382 1190 1429 1196 -

82 1237 332 1281 displiceas
366 1235 495 1276 aliis,
533 1232 566 1268 h.
594 1244 624 1269 e.
658 1233 837 1277 displiceas
870 1245 951 1268 vero
986 1237 1070 1270 aliis.
1121 1239 1237 1273 Quare
1262 1248 1337 1271 cum
1364 1248 1431 1270 una

84 1301 167 1336 haec
191 1302 400 1336 constructio
425 1301 489 1343 sit,
513 1300 696 1344 probamus
712 1300 848 1345 possis,
872 1302 953 1335 licet
977 1303 1132 1336 codicum
1155 1304 1255 1337 lectio
1281 1305 1325 1337 sit
1348 1316 1434 1348 pos-

82 1381 147 1404 ses.
197 1369 369 1403 Defendas
393 1369 529 1411 quidem
563 1367 628 1402 hoc
658 1369 729 1410 sic,
767 1369 797 1402 si
833 1374 1011 1413 separetur
1035 1381 1055 1403 a
1078 1372 1299 1413 sequentibus
1324 1370 1433 1405 hexa-

83 1435 183 1468 metri
215 1434 446 1474 constructio,
484 1437 557 1466 tum
591 1435 700 1477 repeti
727 1436 794 1467 alio
820 1436 922 1468 modo
947 1440 1119 1469 statuatur
1142 1439 1311 1471 sententia
1336 1442 1434 1471 ante-

85 1499 209 1532 cedens
231 1499 364 1532 verbis:
403 1496 589 1542 displiceas
615 1497 719 1535 aliis,
753 1502 788 1531 et
812 1497 891 1532 huic
917 1501 993 1533 colo
1018 1501 1267 1544 coniungantur
1294 1504 1434 1537 ultima:

83 1565 150 1599 sic
176 1576 259 1608 ego
285 1569 410 1598 tutus
435 1575 523 1598 ero.
571 1564 642 1615 Est·
661 1568 773 1598 tamen
795 1566 910 1609 paullo
933 1568 1149 1601 artificiosior
1169 1567 1253 1602 haec
1274 1570 1372 1610 ratio,
1397 1572 1437 1601 ut

85 1631 159 1674 ipse
184 1631 299 1672 vides,
324 1641 386 1664 nec
411 1641 547 1663 causam
571 1631 727 1664 idoneam
754 1632 826 1665 eius
850 1632 1000 1674 indices,
1024 1644 1129 1676 quare
1154 1634 1259 1668 redeo
1284 1634 1327 1668 ad
1348 1636 1437 1669 alte-

84 1706 159 1728 rum
195 1696 404 1739 simplicitati
437 1695 566 1728 Tibulli
603 1696 868 1730 convenientius
891 1714 939 1721 —
977 1698 1127 1740 gloria
1162 1699 1308 1742 vulgi,
1348 1700 1437 1734 sama

84 1762 173 1795 inter
197 1763 339 1805 vulgus,
374 1761 465 1804 quod
500 1765 728 1806 praestantem
763 1762 1011 1806 pulchritudine
1037 1765 1183 1808 puellam
1210 1775 1330 1799 amem.
1389 1767 1436 1800 At

86 1827 323 1870 exuramus,
359 1828 479 1861 Dousi
506 1833 623 1872 pater,
656 1829 817 1862 S'rA'rms
851 1829 894 1863 de
928 1830 1086 1863 iactantia
1113 1832 1301 1874 vulgarium
1326 1830 1438 1866 homi-

85 1906 166 1928 num
201 1896 393 1939 explicant,
432 1897 489 1938 qui
523 1907 610 1939 quae
650 1895 791 1940 pulchra
824 1896 970 1939 habent,
1010 1898 1203 1933 ostendunt.
1262 1900 1322 1932 Sic
1363 1901 1439 1933 sine

86 1973 189 1996 causa
213 1964 316 1996 etiam
343 1962 495 1996 homines
521 1962 575 1997 bic
602 1965 710 2008 carpit
734 1965 833 1997 aliter
856 1965 1065 2008 sentientesg
1102 1967 1186 2000 satis
1210 1977 1292 2000 vero
1318 1971 1370 2000 est
1395 1967 1439 2002 de

86 2029 218 2070 gloriae
242 2033 415 2062 contemtu
442 2028 520 2064 dici.
544 2047 591 2053 -—
629 2030 672 2063 in
697 2030 841 2063 tacito
870 2031 1070 2073 gaudeat
1095 2032 1175 2065 ille
1198 2033 1319 2075 sinu,
1346 2033 1439 2066 frua-

88 2099 142 2128 tur
179 2095 283 2128 tacite
319 2100 353 2129 et
386 2106 463 2129 cum
495 2096 619 2129 nullius
654 2096 778 2130 invidia
816 2097 904 2130 bono
941 2108 1014 2132 suo.
1078 2098 1263 2142 Comparat
1297 2099 1441 2133 similem

88 2161 291 2194 sententiam
321 2160 604 2194 Bnoucxnusms
640 2162 762 2195 Senee.
797 2161 907 2206 Epist.
938 2165 1027 2197 105:
1064 2163 1122 2196 Sic
1158 2176 1237 2196 vero
1269 2164 1441 2196 invidiam

88 2225 261 2272 effugies,
296 2226 328 2259 si
352 2233 387 2258 te
412 2239 481 2259 non
505 2226 694 2272 ingesseris
719 2227 851 2264 oculis,
884 2228 916 2260 si
941 2226 1030 2261 bona
1056 2235 1123 2262 tua
1146 2242 1214 2263 non
1239 2229 1442 2269 iactaveris,

88 2291 120 2324 si
143 2291 264 2326 scieris
287 2291 325 2325 in
349 2291 429 2325 sinu
453 2293 622 2339 gaudere.
641 2312 686 2318 —
712 2294 814 2336 ille,
842 2293 885 2329 cf.
909 2294 952 2328 ad
976 2295 1020 2337 II,
1046 2298 1080 2338 3,
1105 2299 1163 2330 26.
1212 2298 1334 2331 Paullo
1363 2308 1443 2332 ner-

90 2358 205 2390 vosior
237 2358 287 2391 sic
319 2358 358 2391 fit
386 2356 545 2392 hortatio.
575 2378 615 2383 --
654 2359 747 2402 Sic,
783 2359 841 2393 ubi
874 2369 974 2394 nemo
1008 2364 1042 2394 te
1074 2361 1155 2396 mihi
1190 2363 1328 2397 invidet.
1387 2363 1443 2398 Ad

90 2423 284 2456 restitutum
310 2433 392 2456 vero
416 2423 634 2458 indicativum
661 2435 842 2469 possum
868 2436 1027 2471 compara
1050 2429 1210 2472 superius
1234 2431 1354 2463 colon:
1392 2431 1443 2463 sic

93 2499 156 2533 ego
191 2495 297 2522 tutus
329 2500 399 2524 ero,
460 2489 646 2523 Substituit
679 2489 767 2525 hunc
804 2502 867 2536 pro
905 2493 1122 2528 conditionali
1161 2496 1263 2529 modo
1301 2496 1445 2530 vividior

95 2553 271 2597 phantasia
296 2559 429 2599 poetae.
455 2573 500 2579 —
546 2554 599 2589 Ad
633 2566 665 2589 v.
696 2558 753 2590 11.
782 2559 837 2590 12.
877 2557 995 2592 confer
1033 2569 1110 2593 cum
1145 2560 1445 2594 WuNnnnmcmo

98 2619 258 2663 Propert.
284 2621 311 2662 Ι,
336 2624 392 2663 11,
419 2623 484 2655 23:
515 2623 568 2654 Ta
595 2621 681 2654 milzi
705 2622 782 2655 sola
808 2622 940 2662 domus,
967 2631 1007 2657 tu
1035 2625 1190 2670 Cynthia
1214 2626 1290 2659 sola
1313 2639 1447 2671 paren-

97 2689 172 2720 tes,
208 2685 332 2718 Omnia
367 2692 406 2719 tu
434 2692 579 2720 nostrae
612 2693 769 2734 tempora
805 2688 988 2729 laetitiae,
1021 2691 1078 2725 ubi
1106 2691 1181 2727 vide
1207 2693 1445 2727 KUINOBLIUM
