1721 2953
282 133 334 171 64
588 128 957 172 COMMENTAR.
988 130 1048 172 IN
1079 131 1309 174 TIBULLI

281 254 428 301 pulvere
452 253 564 287 misce.
621 251 693 286 Sed
726 261 793 286 uon
828 261 894 287 uno
919 251 1021 288 modo
1054 252 1302 288 adhibebantur
1327 253 1450 288 odores
1479 254 1512 288 in
1536 263 1629 288 mor-

283 324 418 354 tuorum
444 319 615 360 honorem,
640 322 745 362 atque
771 317 835 353 hoc
860 319 938 355 loco
964 330 1045 355 mox
1070 320 1200 355 videbis
1223 321 1324 354 aliam
1344 321 1510 356 rationem
1528 331 1630 365 prae-

281 384 459 421 ferendam
485 394 572 418 esse.
596 402 643 408 —
682 385 910 428 sepulcra.
959 385 1087 420 Credat
1121 386 1243 429 aliquis
1279 396 1400 429 rogum
1435 385 1630 428 intelligen-

278 450 369 491 dum,
393 459 434 483 ac
459 448 592 482 confert
615 448 789 484 Hermus
814 450 986 485 Tssnfflwr.
1006 450 1109 486 Andr.
1128 451 1156 493 Ι,
1182 454 1216 493 1,
1244 454 1335 485 101:
1360 450 1410 483 acl
1432 450 1630 496 sepulcrum

278 515 444 550 venimus,
468 513 505 546 in
528 513 645 560 ignem
669 513 835 559 imposita
861 516 1079 560 cst‚fletur.
1128 515 1181 550 Ad
1207 527 1307 559 quem
1335 517 1448 550 locum
1473 515 1551 550 vlde
1575 516 1632 549 in-

277 583 456 624 terpretes,
481 580 584 615 etiam
613 579 750 613 Dictata
773 580 997 614 Rumam-11
1022 581 1056 615 in
1082 581 1222 615 Terent.
1249 580 1302 615 ed.
1328 580 1488 625 Schopeu
1513 592 1546 624 p.
1571 582 1629 614 21.

275 648 327 681 De
353 646 473 680 eadem
497 647 747 689 significatione
771 647 985 682 Eas-amus
1011 648 1098 682 dixit
1123 648 1166 681 ad
1191 647 1306 682 Tacit.
1330 648 1452 681 Annal.
1478 647 1541 689 111,
1569 649 1627 680 73.

275 722 377 755 quem
401 712 720 747 Wnnnanmcmus
746 712 872 747 laudat.
923 714 974 748 Ac
1005 713 1049 747 de
1083 713 1166 746 fletu
1199 717 1278 746 ante
1302 723 1426 756 rogum
1454 713 1627 746 Hmmus

276 781 452 821 comparat
473 777 561 812 infra
581 778 628 819 II,
652 780 687 820 4,
707 780 774 812 45:
799 778 980 811 ardentem
995 775 1148 823 flebitur
1172 768 1257 810 a‘iite
1280 789 1415 823 rogum.
1440 776 1502 818 III,
1514 779 1548 819 2,
1565 779 1629 810 12:

272 848 310 875 et
324 843 421 887 fleat
449 848 535 876 ante
557 854 669 877 meum
695 849 829 876 moesta
854 844 998 876 Neaera
1022 854 1160 888 rogum.
1208 841 1297 877 Add.
1322 842 1485 877 CATULL.
1511 843 1571 883 39,
1593 842 1629 874 4.

274 907 347 942 Sed
372 911 486 942 tamen
519 911 615 942 recte
652 908 868 943 observatum
905 919 1030 943 censeo
1062 907 1105 942 ab
1141 908 1333 942 Husclnsso
1369 912 1405 942 et
1437 908 1630 942 Wummn-

274 983 400 1008 memo
428 974 566 1020 proprie
590 972 656 1008 hoc
681 974 758 1008 loco
783 985 904 1008 vocem
929 973 1185 1018 accipiendam3
1225 984 1336 1016 neque
1362 973 1450 1007 enim
1474 972 1628 1006 additum

273 1043 327 1074 est
349 1040 545 1085 quidquam,
569 1039 661 1074 unde
686 1050 756 1074 non
781 1050 857 1074 esse
879 1040 1019 1084 proprie
1039 1050 1114 1073 eam
1137 1038 1371 1084 accipiendam
1389 1037 1511 1080 discas,
1536 1037 1627 1081 quod

272 1108 347 1141 fieri
363 1118 383 1141 a
400 1111 504 1152 poeta
518 1107 678 1141 debebat.
727 1106 795 1140 Ubi
811 1116 892 1140 vero
909 1106 998 1140 bona
1017 1110 1068 1140 est
1085 1107 1222 1151 propria
1237 1106 1453 1149 significatio,
1479 1114 1547 1138 non
1566 1104 1628 1138 de-

273 1174 332 1208 bet
352 1174 395 1208 de
413 1175 479 1208 alia
497 1175 655 1218 cogitari,
675 1173 767 1218 quod
788 1177 840 1208 est
861 1175 1087 1208 certissimum
1107 1173 1377 1208 hermeneutices
1396 1175 1629 1217 praeceptum,

274 1252 478 1285 quamquam
501 1252 606 1286 saepe
631 1252 652 1275 a
673 1241 753 1275 viris
776 1240 888 1274 doctis
909 1242 1118 1284 neglectum.
1166 1241 1277 1284 Igitur
1301 1241 1461 1284 sepulcro
1485 1239 1629 1282 adsper-

274 1306 386 1349 genda
412 1310 588 1349 unguenta
612 1307 784 1349 intelliges
801 1331 810 1347 ‚
834 1311 873 1340 ut
898 1310 1032 1340 constat
1057 1307 1167 1351 cippis
1193 1312 1227 1340 et
1251 1307 1416 1351 sepulcris
1443 1316 1520 1339 cum
1544 1315 1630 1338 con-

275 1373 438 1407 derentur
461 1383 580 1415 urnae,
604 1372 648 1406 cf.
673 1372 760 1406 infra
785 1372 848 1414 111,
873 1375 908 1415 2,
934 1376 1004 1415 23.,
1030 1378 1065 1407 et
1090 1374 1316 1418 parentalium
1342 1372 1462 1406 diebus
1487 1371 1629 1414 adsper—

213 1446 215 1448 ’
277 1449 335 1473 sos
359 1438 504 1480 odores,
542 1437 609 1472 vid.
635 1439 824 1472 Priorem.
847 1438 910 1480 Ill,
937 1441 993 1480 16,
1017 1441 1097 1480 23„
1131 1439 1191 1471 ubi
1228 1438 1271 1472 cf.
1297 1438 1482 1471 Kumoun.
1530 1435 1629 1469 Adde

274 1504 517 1540 chuMfflN.
544 1503 587 1538 de
611 1503 776 1539 Funerib.
802 1503 904 1538 Rom.
930 1503 992 1546 lv,
1017 1506 1051 1537 2.
1090 1507 1125 1536 et
1160 1502 1327 1536 Huscnx.
1363 1501 1405 1535 ad
1431 1500 1464 1534 h.
1491 1501 1535 1542 1.‚
1572 1500 1631 1543 qui

275 1574 389 1604 tamen
414 1570 503 1604 male
529 1570 715 1603 AuscflYL.
741 1569 921 1611 Agamem.
940 1571 1042 1603 1323.
1068 1564 1196 1613 Σύριον
1221 1564 1394 1610 ἀγλάϊσμα
1420 1566 1546 1608 laudat,
1572 1566 1630 1599 ubi

276 1635 320 1670 de
345 1634 410 1669 hoc
434 1636 502 1668 ritu
527 1633 620 1667 nibil.
671 1633 778 1668 Vides
813 1644 900 1667 nunc
925 1634 1102 1667 Tibullum
1136 1634 1254 1677 paucis
1279 1632 1391 1666 verbis
1417 1632 1552 1677 potiora
1577 1631 1631 1664 of-

274 1703 353 1737 ficia
373 1702 562 1744 lugentium
584 1701 777 1744 complecti,
803 1710 880 1734 cum
907 1699 999 1733 dicat
1024 1709 1091 1733 non
1116 1703 1260 1732 matrem
1284 1698 1417 1740 adesse,
1445 1708 1532 1742 quae
1552 1708 1630 1731 ossa

276 1769 372 1821 legat
397 1772 432 1801 et
456 1767 490 1800 in
514 1777 600 1800 urna
626 1769 788 1811 reponat,
823 1776 890 1799 non
916 1775 1091 1807 sororem,
1117 1775 1205 1807 quae
1228 1764 1262 1798 in
1286 1765 1482 1808 sepulcrum
1505 1763 1631 1798 odores

275 1839 417 1881 spargat
452 1838 488 1868 et
523 1834 678 1867 lacrimas
713 1833 835 1867 reddat
871 1832 1050 1866 defuncto.
1112 1833 1227 1874 Atque
1261 1830 1346 1865 haec
1381 1829 1557 1864 hactenus.
1581 1847 1631 1857 -

275 1903 319 1937 V.
344 1906 378 1937 9.
413 1912 494 1935 non
525 1910 728 1943 usquam,
754 1904 933 1933 crescente
957 1900 1103 1941 affectu,
1129 1909 1208 1934 cum
1232 1902 1311 1933 ante
1335 1898 1537 1943 simpliciter
1560 1909 1630 1931 non

276 1967 334 2002 Ιιὶο
357 1967 511 2001 dixiSset.
536 1985 583 1991 —-
617 1965 783 2008 Sequitur
807 1964 962 1997 medium
987 1975 1137 1998 carmen.

371 2033 414 2067 V.
440 2033 556 2066 9-52.
604 2030 757 2065 Prima
782 2040 907 2074 ραι-ε,
942 2031 1206 2075 composita
1231 2029 1384 2063 tribus
1411 2029 1526 2063 locis
1551 2039 1630 2073 per

276 2098 605 2145 gradationem.
666 2099 813 2141 Atque
851 2109 871 2131 a
905 2109 936 2132 v.
962 2100 1082 2131 9-22.
1120 2098 1306 2142 primum
1340 2100 1529 2131 accusat
1563 2107 1629 2139 se,

277 2166 397 2211 quod
428 2166 575 2200 invito
601 2167 761 2199 Amore
787 2164 1080 2199 discesserit.
1130 2164 1210 2198 Noli
1236 2174 1316 2198 vero
1341 2163 1484 2198 credere
1507 2163 1629 2197 Tibul-

277 2235 347 2268 lum
374 2233 462 2267 iuter
486 2230 759 2266 recordationem
787 2230 905 2264 Deliae
931 2230 1029 2273 quasi
1054 2240 1115 2274 per
1139 2229 1386 2272 digressionem
1413 2228 1456 2263 ad
1481 2238 1627 2272 sequen-

279 2299 327 2332 tia
351 2297 548 2341 delapsum,
581 2296 642 2330 sed
678 2296 835 2330 consulto
869 2296 984 2340 potius
1010 2298 1045 2329 et
1069 2296 1222 2338 cogitate
1248 2305 1309 2340 per
1332 2295 1452 2329 Deliae
1477 2304 1627 2328 comme-

277 2363 503 2398 morationem
532 2362 711 2397 transitum
744 2362 809 2397 sibi
835 2366 933 2406 parat
958 2362 1001 2396 ad
1027 2361 1116 2396 hunc
1141 2363 1274 2405 locum,
1314 2372 1383 2405 quo
1408 2370 1526 2395 carere
1551 2371 1628 2395 car-

277 2439 356 2464 men
376 2439 447 2463 nou
470 2430 593 2473 potuit.
970 2452 976 2455 .

371 2494 414 2528 V.
442 2496 476 2528 9.
521 2494 744 2528 Mitteret.
794 2493 937 2528 Confert
955 2494 1274 2528 WUNn13n1,1cl{ms
1301 2491 1464 2525 cirum.
1484 2493 1542 2533 66,
1558 2493 1626 2526 29:

278 2558 341 2592 sed
364 2565 440 2591 lum
466 2564 598 2591 moesia
624 2558 738 2591 virum
763 2558 906 2593 mittens
932 2571 1022 2605 quae
1048 2557 1154 2593 verba
1186 2557 1308 2590 locuta
1332 2568 1378 2591 es.
1429 2556 1493 2590 Est
1522 2556 1626 2600 lgItur

278 2624 421 2668 simplex
449 2634 509 2668 pro
532 2625 721 2667 composito
750 2623 936 2661 (Hminem,
964 2623 1005 2657 cs.
1033 2623 1122 2658 dicta
1148 2622 1189 2657 ad
1217 2623 1242 2664 Ι,
1266 2625 1299 2663 2,
1326 2626 1384 2657 80,
1406 2640 1452 2647 -
1478 2632 1623 2656 omnes
