1721 2953
562 153 706 194 LlssR.
734 153 806 192 IV.
866 151 1035 193 CARM.
1062 151 1094 192 Ι.
1403 152 1482 189 411

150 271 296 313 ipsorum
324 272 455 302 montes
479 279 516 303 se
541 268 788 312 disperserunt,
821 277 905 309 quos
927 267 1030 311 Alpes
1054 265 1204 310 appellat
1226 267 1364 303 auctor,
1397 261 1485 295 bene

147 336 337 378 explicante
367 335 528 369 HuYNlo.
577 334 636 367 Sic
659 334 808 366 Auc'ron
836 332 953 366 Enna.
980 344 1025 366 An
1052 333 1186 365 Livxffl
1211 333 1347 364 v.390:
1381 329 1488 360 Sum-

148 413 273 446 maque-
310 399 457 443 dispersi
490 412 552 444 per
586 399 673 444 iuga
709 397 900 430 Pannonii.
969 399 1113 431 Faciunt
1148 397 1195 429 ita
1234 396 1319 428 tales
1357 394 1487 438 populi.

148 468 260 500 Etiam
286 467 539 500 LACHMANNUS
562 476 692 500 comma
716 468 795 509 post
817 464 1043 500 Pannonius,
1076 462 1166 506 quod
1193 464 1371 506 posuerat,
1400 470 1489 492 nunc

148 535 328 568 delendum
363 539 488 568 monet.
552 536 603 568 Ac
635 533 712 566 vide
747 536 902 576 poetam:
940 532 972 565 in
1007 532 1161 565 omnibus
1192 529 1353 564 membris
1386 527 1492 568 addit,

147 602 239 645 quod
273 602 445 645 significet
478 603 657 644 superatos
690 609 766 632 esse
802 596 863 630 hos
900 598 1051 641 populos.
1114 597 1152 629 ln
1191 596 1300 639 primo
1338 593 1490 626 membro

150 667 265 699 victae
299 668 435 711 posuit,
479 665 629 699 secundo
661 663 745 705 hoc,
788 662 890 696 modo
924 663 1150 706 explicatum,
1188 671 1319 695 comma
1351 658 1491 699 addidit,

151 737 320 779 Arupinos
346 739 459 768 autem
488 734 582 767 finita
607 731 835 775 descriptione
861 730 1013 772 longiore
1042 740 1072 762 v.
1096 732 1176 762 117.
1201 728 1282 761 dicit
1308 727 1492 760 subiectos.

150 804 366 836 Salassos
401 805 515 834 autem
551 810 618 833 non
653 798 853 833 memoravit
887 797 1021 830 omnino
1056 800 1178 840 poeta,
1220 794 1365 827 fortasse
1398 794 1492 836 prius

148 871 268 903 contra
303 868 450 912 Iapydes
487 867 614 900 bellum
651 869 685 898 et
724 863 915 908 posterius,
965 861 1118 905 proxime
1155 864 1330 902 secutum,
1373 862 1493 891 contra

148 935 306 968 Salassos
335 944 397 976 pro
426 943 495 966 uno
520 931 667 974 habens,
701 935 740 964 ut
764 932 845 964 satis
869 929 1042 962 videretur
1067 932 1197 972 partem
1222 927 1393 960 nominum
1420 935 1493 958 me-

150 1011 311 1036 morasse.
370 1000 517 1032 Omnino
548 1009 615 1032 non
648 999 757 1031 tenuit
787 1001 947 1030 accurate
979 996 1080 1028 situm
1106 995 1276 1034 locorum,
1311 992 1367 1034 qui
1390 990 1495 1023 Aru-

143 1067 247 1110 pinos
282 1066 467 1108 distinguat
500 1065 541 1097 ab
576 1064 781 1107 Iapydibus,
820 1072 962 1105 quorum
996 1071 1074 1104 pars
1108 1060 1243 1093 suerunt
1276 1057 1493 1090 nobilissima.

151 1135 312 1167 Ceterum
349 1131 402 1165 hic
438 1131 540 1164 lectio
576 1130 687 1163 dubia.
755 1130 944 1162 Solimo-un
978 1125 1165 1169 Arupinas
1199 1124 1354 1167 scripsit,
1396 1131 1495 1164 quam

150 1199 291 1231 formam
322 1209 342 1231 a
367 1197 538 1230 veteribus
571 1206 638 1228 non
671 1195 811 1236 agnosci
838 1195 985 1228 Vossms
1016 1199 1142 1225 monet.
1201 1191 1279 1234 lpse
1305 1200 1387 1222 vero
1411 1199 1496 1222 con-

148 1265 240 1298 iicit:
262 1275 468 1308 pauperque
491 1268 527 1293 et
551 1267 660 1294 natus
684 1262 722 1293 in
746 1259 872 1301 armis,
896 1262 934 1291 ut
954 1257 1141 1301 Arquinus
1167 1256 1361 1289 retineatur.
1411 1252 1497 1286 Mihi

151 1331 403 1362 LAGHMANNUS
430 1328 557 1371 optime
581 1332 635 1358 est
659 1337 710 1369 pr.
734 1331 769 1356 et
794 1324 980 1357 coniecisse
1004 1323 1139 1356 videtur
1167 1322 1356 1364 (Bscnmm
1381 1325 1416 1351 et
1442 1329 1492 1361 pr.

149 1399 250 1429 etiam
287 1395 509 1437 accipientem
546 1393 686 1435 taceo),
733 1393 805 1424 sive
837 1389 1015 1433 Arupinis
1053 1390 1187 1430 legatur
1220 1398 1249 1421 c.
1284 1388 1496 1424 Cumoumo,

147 1473 209 1496 seu
243 1462 333 1505 quod
366 1461 455 1493 malo
485 1459 691 1503 Arupium,
729 1457 893 1502 producta
926 1457 1046 1489 ultima
1078 1456 1111 1487 in
1145 1464 1305 1494 caesura,
1342 1456 1379 1484 ut
1410 1463 1441 1484 v.
1467 1462 1496 1483 c.

138 1528 349 1574 fittigamffs
381 1526 492 1560 Vina.
530 1525 612 1558 Aen.
638 1523 710 1565 IX,
735 1526 814 1556 610.
884 1521 1096 1555 Huscnxms
1133 1521 1311 1564 proponit:
1349 1530 1498 1562 potuer,

147 1594 209 1627 sed
236 1600 346 1627 natus
377 1592 416 1624 in
441 1590 569 1631 armis,
602 1590 667 1632 ubi,
691 1589 804 1621 statim
837 1586 900 1618 sed
931 1587 1098 1630 displicet.
1156 1585 1222 1617 Est
1247 1594 1328 1616 vero
1355 1530 1495 1626 piper

152 1666 291 1706 propter
325 1659 459 1692 steriles
493 1666 605 1699 agros·
664 1656 811 1688 STRABO
837 1653 923 1694 Vll,
958 1664 991 1695 p.
1012 1655 1093 1685 315.
1126 1651 1282 1684 laudatus
1314 1650 1358 1682 ab
1390 1650 1498 1682 inter-

150 1727 303 1771 pretibus
343 1725 385 1758 de
423 1723 587 1766 Iapydum
626 1725 739 1754 terra:
784 1716 898 1764 λυπρὰ
934 1720 971 1751 δὲ
1011 1715 1055 1750 τά
1091 1721 1204 1762 χωρία
1241 1718 1298 1749 καὶ
1334 1714 1403 1758 Car?
1440 1716 1497 1746 καὶ

150 1797 277 1837 κέγχρῳ
312 1789 357 1824 τά
390 1786 500 1823 noma}
533 1785 740 1833 τρεφόμενοι.
790 1788 962 1820 Memorat
987 1789 1098 1818 autem
1130 1788 1231 1828 poeta
1263 1786 1498 1827 paupertatem

151 1863 190 1892 ut
216 1859 333 1892 duram
358 1858 462 1890 vitam
487 1856 603 1888 innuat
632 1854 675 1887 ad
700 1853 787 1886 bella
815 1852 949 1885 factam.
1000 1851 1101 1887 Quod
1128 1861 1192 1883 non
1220 1850 1327 1883 sensit
1351 1849 1498 1881 Huscfl-

149 1935 233 1958 κως
267 1923 329 1956 sed
361 1932 564 1966 proponens.
589 1937 634 1944 -—
683 1924 792 1950 natus
825 1916 862 1949 in
895 1915 1016 1949 armis.
1066 1915 1207 1949 Confert
1232 1915 1391 1949 Vnm‘ms
1419 1922 1496 1945 cum

150 1992 411 2024 Bnoucmmsm
446 1990 623 2022 SENEGAM
656 1986 698 2019 de
722 1985 777 2018 Ira
801 1984 828 2026 1,
863 1994 893 2018 c.
912 1985 978 2016 11:
1014 1981 1194 2014 Germanis
1225 1979 1311 2025 quid
1339 1984 1391 2011 est
1419 1976 1499 2009 ani-

149 2055 312 2089 mosius?
360 2053 448 2100 quid
480 2053 528 2085 ad
561 2052 740 2085 incursum
776 2047 925 2082 acrius?
971 2048 1059 2094 quid
1090 2059 1267 2079 armorum
1307 2041 1499 2089 cupidius?

151 2121 278 2168 quibus
316 2121 554 2154 innascuntur
589 2117 918 2163 innutriunturque.
992 2115 1096 2150 Addit
1133 2115 1200 2147 alia
1240 2114 1362 2147 similia
1398 2113 1498 2146 VUL-

151 2198 240 2222 Pius.
274 2206 320 2212 --
400 2187 443 2221 V.
481 2188 546 2218 111
583 2196 655 2227 sqq.
714 2187 851 2217 vetus
895 2185 1043 2223 aetas,
1098 2185 1266 2214 senectus.
1355 2179 1498 2212 Veteres

151 2267 251 2287 senes
286 2254 429 2287 vidimus
461 2253 496 2294 1,
521 2256 561 2294 8,
586 2256 643 2285 50.
669 2269 716 2276 —-
782 2250 950 2292 Pyliae
993 2249 1158 2290 famae,
1206 2244 1361 2280 Nestoris
1395 2243 1500 2285 Pylii.

148 2322 339 2355 Pin-mnus
364 2318 466 2362 Pytll.
490 2319 560 2360 Ill,
588 2321 675 2351 113:
707 2318 868 2361 JVf'oToQa
895 2317 951 2347 καὶ
974 2313 1101 2347 Λύκιον
1123 2308 1331 2358 Σαρπηδόν’,
1359 2304 1497 2354 dragmi-

150 2400 221 2421 πων
252 2384 365 2426 φάτις.
391 2405 438 2411 --
485 2387 571 2419 Post
604 2384 692 2419 hunc
717 2395 852 2417 versum
886 2384 1012 2426 legitur
1044 2383 1076 2415 in
1107 2381 1275 2415 nonnullis
1308 2378 1400 2411 libris
1425 2376 1498 2409 liic:

152 2454 314 2499 Namque
346 2463 449 2485 senex
478 2451 604 2496 longae
629 2450 774 2495 peragit
801 2449 882 2481 (lum
906 2447 1051 2481 saecula
1075 2447 1189 2482 vitae,
1222 2455 1321 2488 quem
1349 2444 1496 2478 Voss-ms

151 2520 238 2552 male
263 2519 434 2551 revocavit
459 2518 665 2551 substituens
699 2520 812 2549 tamen
846 2520 1035 2559 „tempora
1062 2513 1186 2545 ω’ίιιεεί
1219 2513 1252 2545 in
1279 2512 1354 2544 fine.
1412 2510 1495 2542 Sine

152 2585 202 2619 his
233 2586 344 2619 verbis
376 2586 523 2619 dubitari
557 2595 658 2629 posse
691 2584 723 2616 in
757 2583 976 2626 sequentibus
1005 2586 1122 2616 censet
1154 2585 1266 2614 utrum
1301 2580 1428 2613 Nestor
1458 2587 1499 2609 an

151 2653 320 2695 Arupinus
359 2653 599 2696 intelligendus
637 2652 689 2685 sit.
760 2651 798 2684 ln
836 2660 902 2693 quo
940 2649 1076 2684 fallitur.
1157 2650 1304 2682 Secutus
1343 2647 1498 2680 Vossmm
