1721 2953
227 148 276 182 78
538 134 905 178 COMMENTAR.
934 136 994 178 IN
1023 136 1249 178 TIBULLI

227 259 401 301 spectasse
427 252 575 293 videtur,
601 249 692 293 quod
714 251 854 284 mortuis
879 251 980 285 etiam
1006 261 1103 285 sacer
1124 252 1187 285 flos
1212 255 1296 286 erat.
1345 251 1432 286 Nam
1457 252 1490 286 in
1517 251 1568 286 his

226 322 417 357 fictionibus
441 319 523 352 alias
547 316 638 350 aliud
662 320 849 358 sequuntur
873 320 1017 360 poetae,
1041 317 1246 360 minimeque
1268 318 1370 351 etiam
1394 318 1423 352 si
1447 318 1569 352 similia

226 391 383 429 afferunt,
408 389 460 420 est
481 394 584 417 causa
608 383 734 426 ubique
759 383 889 419 eadem.
939 384 1039 428 Apud
1062 384 1235 418 Tibullum
1261 394 1342 417 vero
1366 384 1443 417 vide
1468 394 1568 426 quam

189 439 193 446 ¹
226 452 366 500 pulchre
390 451 434 485 ad
457 450 491 484 id
517 450 713 494 conspirent
737 451 868 492 omnia,
900 454 939 484 ut
963 451 1059 485 locus
1085 451 1128 485 ad
1153 462 1286 485 amores
1311 451 1422 484 sactus
1446 450 1568 495 depin-

227 525 340 565 gatur.
389 517 477 552 Nam
503 516 536 550 hi
559 517 695 559 odores,
718 521 838 551 cantus
856 519 979 560 avium,
1004 518 1241 552 defunctorum
1265 516 1409 551 choreae
1434 521 1468 549 et
1494 526 1570 550 car-

225 587 336 627 mina,
366 594 479 618 nonne
503 583 669 617 eiusmodi
693 589 772 618 sunt
797 585 929 626 omnia,
963 584 1086 627 quibus
1111 584 1283 618 molliores
1308 584 1451 618 affectus
1475 584 1570 618 exci-

226 656 341 686 tentur
365 655 400 684 et
424 651 557 684 alantur
581 649 753 683 mirifice?
802 649 973 682 Mirumne
998 649 1089 692 quod
1114 649 1147 682 in
1168 650 1226 682 tali
1249 650 1323 682 loco
1343 649 1448 682 Amor
1467 659 1570 693 proe-

224 719 271 753 lia
295 715 443 751 miscet?
492 716 591 751 Quae
614 725 690 748 cum
715 715 762 748 ita
785 715 863 757 sint,
889 719 1032 759 apparet
1055 715 1124 749 duo
1150 725 1237 758 quae
1262 715 1406 758 legimus
1430 714 1571 748 disticha

227 789 369 830 propter
392 781 530 816 tertium
555 781 665 826 posita
685 791 773 821 esse,
798 781 840 814 ad
865 780 955 824 quod
981 791 1069 814 nunc
1090 781 1293 815 accedimus.
1307 799 1355 804 —
1380 781 1424 815 V.
1439 784 1497 816 63.
1515 783 1570 815 64.

226 852 283 884 At
308 850 513 883 iuvenum
541 848 692 882 series
717 866 764 872 -
787 847 920 884 ludit.
968 848 1021 882 De
1046 848 1225 882 saltatione
1250 848 1394 890 cogitari
1418 858 1485 882 non
1510 847 1572 882 de-

226 916 306 958 bet,
347 915 427 959 quia
453 913 496 948 de
520 912 654 948 choreis
678 914 712 947 in
738 913 859 956 Elysio
884 913 986 947 modo
1019 913 1147 947 dictum
1176 918 1238 947 est.
1288 913 1460 947 Describit
1483 923 1572 947 nuuc

227 982 359 1027 proelia
391 981 538 1016 iucunda
569 981 714 1023 amoris,
748 981 861 1024 qualia
895 981 960 1014 iste
985 981 1080 1014 locus
1107 980 1219 1014 habet·
1267 981 1321 1014 Ita
1347 981 1448 1014 etiam
1473 981 1573 1014 Mn*-

226 1058 491 1082 scussnmcmus
515 1047 685 1080 intellexit
709 1046 752 1079 ad
773 1046 897 1079 Horat.
921 1046 949 1089 I,
974 1049 1007 1089 6,
1034 1049 1089 1080 17.
1139 1047 1263 1090 Cogita
1287 1048 1392 1090 igitur
1415 1048 1573 1082 iuvenum

227 1116 350 1151 seriem
385 1118 420 1149 et
453 1115 641 1159 puellarum
676 1114 777 1147 variis
811 1113 941 1147 lusibus
974 1113 1146 1147 amatoriis
1170 1124 1208 1147 se
1233 1113 1463 1156 delectantes,
1497 1115 1575 1147 illos

226 1181 393 1226 impetum
426 1180 591 1215 facientes
620 1180 653 1214 in
681 1178 751 1223 has,
777 1184 1015 1224 penetrantes,
1050 1181 1168 1213 oscula
1195 1180 1386 1224 rapientes,
1420 1180 1574 1214 iocantes

226 1248 330 1282 alium
355 1257 433 1282 cum
457 1247 535 1280 alia.
583 1246 675 1280 Huic
710 1245 824 1279 sensui
858 1246 968 1279 oratio
1004 1246 1047 1279 ab
1084 1245 1175 1279 omni
1209 1249 1307 1290 parte
1341 1249 1432 1289 apta.
1481 1245 1575 1279 Con-

229 1313 378 1347 iecturas
412 1311 542 1344 innexa
576 1316 612 1345 et
644 1310 798 1355 implexa
832 1311 1023 1345 refutarunt
1054 1312 1268 1346 SANTEMUS
1302 1312 1336 1345 in
1360 1310 1576 1346 Bibliotheca

232 1381 307 1414 crit.
333 1393 367 1424 p.
392 1383 472 1421 71„
510 1379 725 1412 Huscmnus
750 1382 786 1412 et
810 1379 1147 1420 WUNDERLICHIUS,
1173 1389 1258 1422 quos
1282 1378 1372 1412 vide.
1420 1379 1576 1421 Denique

233 1447 363 1492 optime
395 1456 416 1479 a
439 1445 673 1479 Licnmmzo
699 1451 739 1478 at
765 1445 960 1479 restitutum
984 1456 1037 1489 pr.
1071 1445 1152 1484 hic5
1192 1445 1375 1488 opponitur
1400 1445 1488 1478 enim
1512 1444 1576 1478 hoc

231 1512 399 1546 distichon
424 1511 603 1546 commode
628 1511 928 1554 antecedentibus,
964 1512 1042 1554 quia
1067 1510 1182 1555 pergit
1205 1511 1248 1544 ad
1272 1510 1325 1552 id,
1352 1511 1448 1544 cuius
1473 1521 1577 1544 causa

232 1579 470 1614 antecedentia
494 1578 615 1623 posita.
641 1598 687 1603 —
725 1578 897 1612 miscet.
936 1579 1125 1612 Pnorssn'r.
1151 1578 1196 1620 ΙΙ,
1220 1580 1278 1619 27,
1303 1580 1345 1611 8:
1383 1579 1467 1610 Cum
1490 1579 1578 1610 Ma-

232 1658 314 1680 vors
351 1643 476 1676 dubias
510 1643 631 1676 miscet
666 1642 844 1688 utrimque
879 1654 1017 1676 manus.
1067 1643 1228 1677 Ceterum
1252 1647 1386 1676 constat
1410 1643 1510 1676 etiam
1536 1642 1579 1677 de

232 1711 440 1747 certantibus
476 1710 559 1754 ipsis
595 1710 802 1743 locutionem
837 1709 1014 1752 usurpari,
1054 1712 1093 1741 ut
1124 1709 1237 1742 Vmc.
1271 1709 1402 1751 Georg.
1428 1708 1474 1750 ΙΙ,
1496 1711 1578 1743 282.

231 1780 294 1822 111,
320 1782 401 1813 220.
425 1796 473 1802 --
512 1778 555 1813 V.
582 1781 638 1811 65.
665 1780 723 1812 66.
773 1776 940 1810 Absoluta
967 1775 1078 1819 Elysii
1104 1775 1332 1820 descriptione
1354 1776 1450 1820 ipsa,
1475 1780 1581 1810 restat

233 1851 271 1880 ut
291 1856 460 1890 praesens
485 1842 617 1877 Tibulli
642 1855 746 1876 casus
782 1854 823 1877 eo
850 1847 1050 1884 revocetur,
1087 1847 1229 1887 propter
1252 1854 1352 1886 quem
1378 1843 1469 1877 dicta
1501 1848 1582 1878 sunt

233 1914 349 1957 priora
364 1911 486 1945 omnia.
520 1909 628 1952 quue
649 1910 699 1944 fit.
733 1908 829 1942 Bene
848 1919 937 1943 nunc
960 1909 1107 1953 positum
1129 1909 1240 1943 illic.
1276 1909 1387 1942 Porro
1406 1914 1581 1952 myrtea

236 1983 357 2012 serta
382 1976 531 2010 suaviter
555 1974 729 2015 additum3
756 1975 831 2017 quis
854 1975 964 2008 nescit
983 1978 1129 2017 myrtum
1152 1974 1279 2009 Veneri
1297 1984 1429 2007 sacram
1449 1974 1582 2009 fuisse?

238 2046 286 2079 Et
319 2043 494 2086 insigni
527 2046 580 2076 est
605 2045 722 2075 ornata
748 2040 798 2074 his
823 2041 904 2085 ipsis
930 2043 1040 2075 sertis.
1067 2059 1113 2066 —
1157 2042 1270 2084 Atque
1300 2040 1384 2075 haec
1409 2040 1581 2076 hactenus.

237 2111 331 2144 Alias
356 2107 602 2152 descriptiones
627 2117 716 2140 nunc
738 2117 806 2140 non
831 2117 1011 2151 comparo,
1040 2106 1161 2150 quodsi
1187 2112 1301 2141 tamen
1323 2108 1471 2142 Vmern.
1497 2109 1582 2143 Aen.

238 2176 300 2218 VI,
327 2177 395 2208 637
420 2185 493 2216 sqq.
520 2173 727 2217 inspeireris,
766 2173 909 2206 observa
933 2171 1014 2215 quid
1039 2173 1128 2205 inter
1153 2173 1284 2217 epicam
1311 2176 1346 2206 et
1369 2173 1509 2215 lyricam
1531 2172 1584 2206 sa-

238 2242 393 2275 bularum
426 2239 662 2273 tractationem
696 2239 898 2272 discriminis
926 2239 1079 2280 intersit,
1113 2239 1155 2273 de
1180 2251 1246 2283 qua
1272 2250 1309 2273 re
1332 2250 1398 2283 ego
1425 2239 1468 2273 ad
1493 2240 1583 2274 Pm-

240 2319 365 2342 nnwm
393 2305 560 2350 disputavi
597 2306 696 2339 Tom.
718 2305 746 2339 Ι.
772 2318 804 2350 p.
824 2306 915 2340 le.
942 2324 981 2330 -—
1020 2306 1061 2340 V.
1093 2309 1138 2340 67
1168 2317 1243 2349 sqq.
1291 2307 1457 2349 Sequitur
1493 2307 1581 2337 Tar-

241 2374 315 2407 tari
341 2374 535 2417 descriptio.
585 2372 713 2405 Credat
744 2372 866 2414 aliquis
901 2371 1034 2405 nonnisi
1060 2381 1122 2415 per
1145 2372 1407 2405 associationem
1431 2369 1582 2403 idearum

239 2452 341 2485 quam
375 2440 490 2474 dicunt
527 2442 661 2483 poetam
699 2437 764 2471 huc
798 2437 994 2481 delapsum,
1031 2441 1134 2479 atque
1160 2440 1198 2469 ut
1226 2436 1326 2469 etiam
1352 2434 1394 2467 de
1421 2436 1581 2478 opposito

240 2509 392 2549 dicatur,
428 2516 503 2539 cum
532 2505 574 2538 de
609 2503 727 2547 Elysio
754 2504 882 2538 dictum
907 2505 972 2546 sit,
1008 2514 1071 2537 nec
1097 2503 1215 2537 dubito
1246 2501 1361 2535 multis
1388 2502 1434 2534 ita
1463 2501 1581 2536 visum.

241 2573 295 2607 Tu
321 2582 442 2607 caveas
468 2570 510 2605 ab
537 2581 653 2605 errore
683 2572 761 2613 tali,
790 2572 847 2614 qui
873 2571 1119 2614 digressionem
1145 2569 1274 2602 inanem
1301 2567 1423 2601 inserat
1448 2568 1481 2601 in
1507 2568 1584 2612 pul-

232 2639 442 2676 ,clnorrimum
478 2647 623 2671 carmen.
674 2638 802 2672 Verum
835 2636 1009 2671 consilium
1044 2639 1167 2680 poetae
1206 2637 1372 2678 apertum.
1421 2632 1509 2666 Nam
1542 2635 1580 2666 ut
