1721 2953
563 150 706 191 LIBR.
736 150 767 189 Ι.
824 147 983 188 ELEG.
1014 150 1086 189 ΙΙΙ.
1428 152 1478 188 71

138 267 300 310 imprimis
335 266 610 299 Bonan-mmm
644 262 676 296 in
712 260 1009 295 commentatione
1047 260 1090 294 de
1127 260 1240 294 Sacris
1274 259 1475 303 vespertinis

136 332 235 366 Isidis
258 341 359 375 supra
382 329 531 363 laudata.
557 345 603 353 —
645 328 855 361 resoluta
890 337 1056 368 comas,
1092 337 1134 360 ex
1162 337 1273 368 more,
1312 326 1476 369 quemad-

137 398 273 432 modum
298 397 398 430 etiam
424 395 458 428 in
483 394 597 428 tabula
626 392 867 434 Heracleensi,
901 393 1066 426 illustrata
1093 402 1113 425 a
1142 392 1383 437 Bosssrwmssuo
1404 392 1426 427 l.
1454 392 1475 425 Ι.

138 463 342 507 conspicitur
375 462 462 494 inter
496 464 629 493 ceteros
663 458 788 492 femina
823 457 964 500 egregie
997 463 1129 491 comata
1163 459 1281 492 solutis
1314 456 1474 499 crinibus,

137 533 274 563 notante
298 527 399 561 etiam
425 526 588 560 Hunno.
639 523 846 558 observabis
873 526 986 557 autem
1012 524 1112 557 simul
1139 523 1320 558 discrimen
1343 533 1478 564 rerum;

137 605 224 628 nunc
249 597 317 627 stat
341 593 491 627 resoluta
514 602 629 626 comas
653 590 795 634 hymnos
828 601 905 624 cum
939 591 1039 624 turba
1071 595 1185 625 cetera
1219 600 1362 632 canem,
1399 593 1479 624 ante

137 659 278 693 sedebat
301 658 466 703 adoperta
490 662 602 702 caput.
651 657 739 690 Nam
764 657 889 690 verba:
928 656 1086 689 resolata
1111 668 1227 690 comas
1253 657 1302 691 sic
1322 657 1480 701 opposita

137 730 215 760 sunt
238 726 288 759 rei
314 726 346 759 in
372 724 652 758 antecedentibus
678 724 818 765 latenti,
852 726 890 755 ut
914 722 1001 756 infra
1025 723 1052 765 I,
1079 726 1135 766 10,
1160 726 1218 757 23.
1244 723 1366 758 verba:
1404 724 1480 758 voti

138 805 283 837 compos.
332 794 478 827 Stetisse
503 796 618 826 autem
645 790 788 834 hymnos
811 794 972 824 canentes
999 794 1034 824 et
1059 802 1112 825 res
1144 792 1216 835 ipsa
1243 791 1343 825 docet
1367 795 1402 826 et
1426 796 1480 825 ta-

137 861 216 893 bula
235 860 547 905 fieracleerisis-—
574 859 799 901 Insignis,
825 857 1074 902 pulchritudine
1099 858 1248 892 eminens
1271 859 1360 892 inter
1386 863 1480 892 cete-

137 936 214 968 ros,
251 925 294 959 ef.
323 926 465 959 Hoer.
492 924 554 966 111,
578 927 637 966 20,
663 927 696 957 6.
734 923 893 958 laudante
927 924 1238 958 WuNnssnmcmo.
1262 940 1307 948 —
1347 923 1479 957 turba

136 992 302 1026 Pharia
337 996 389 1026 est
424 992 555 1034 Istam,
594 993 762 1025 cultorum
797 991 920 1032 Isidis,
957 990 1131 1036 epitheton
1156 990 1411 1024 usitatissimum
1439 990 1482 1023 de

137 1058 228 1092 Iside
254 1062 288 1092 et
310 1058 429 1092 Isiacis
453 1057 575 1100 rebus,
613 1061 650 1090 ut
676 1058 812 1091 omnino
839 1067 892 1101 pr.
917 1057 1108 1101 Aegyptius
1133 1056 1257 1090 dicitur
1281 1056 1371 1099 apud
1396 1065 1481 1099 poe-

137 1127 200 1157 tas.
249 1124 321 1157 Res
352 1126 445 1156 nota·
494 1123 656 1156 Ceterum
686 1123 830 1155 observa
855 1121 939 1156 haec
964 1122 1089 1156 verba=
1126 1122 1277 1168 insignis
1308 1120 1415 1154 turba
1444 1121 1483 1153 ia

136 1189 295 1226 Pharia,
321 1188 490 1223 secundae
519 1189 707 1222 sententiae
732 1188 867 1231 addita,
892 1198 954 1232 per
978 1198 1016 1222 se
1041 1198 1107 1222 non
1132 1187 1343 1229 necessaria,
1373 1198 1482 1230 quan-

137 1261 209 1290 tum
230 1255 404 1290 conferant
428 1255 470 1289 ad
496 1255 648 1298 vigorem
674 1255 835 1288 orationis
859 1254 1017 1288 alendum
1042 1259 1078 1288 et
1102 1254 1213 1288 denuo
1237 1253 1480 1288 suscitandum.

138 1323 191 1357 cf.
215 1323 242 1364 I,
271 1326 304 1364 6,
328 1325 386 1356 58.
409 1340 454 1347 —-
494 1322 679 1362 debeat,
714 1331 757 1354 ex
785 1324 876 1354 voto.
927 1320 1101 1354 Credibile
1127 1324 1179 1354 est
1204 1320 1350 1363 puellam
1375 1320 1479 1362 vulgo

138 1398 204 1421 non
229 1388 330 1420 ivisse
355 1387 406 1420 bis
431 1386 474 1419 ad
499 1387 674 1430 templum.
704 1404 742 1410 —
786 1387 830 1420 V.
855 1389 911 1420 33.
937 1388 993 1420 34.
1048 1386 1093 1419 At
1120 1385 1199 1419 mihi
1225 1386 1401 1428 contingat
1426 1382 1482 1419 re-

137 1455 211 1488 dire
237 1454 386 1488 domum.
435 1453 506 1487 Sed
531 1464 608 1487 cum
633 1457 712 1488 ante
737 1452 780 1487 de
805 1454 898 1486 cultu
932 1453 1030 1487 Isidis
1054 1453 1183 1486 dictum
1207 1453 1271 1493 sit,
1308 1452 1484 1485 concinni-

138 1523 217 1555 tatis
243 1533 345 1555 causa
368 1522 519 1555 suaviter
544 1522 591 1555 ita
617 1522 808 1567 conformat
833 1521 1057 1563 sententiam,
1095 1526 1133 1554 ut
1163 1520 1207 1554 de
1242 1521 1335 1554 cultu
1367 1521 1482 1553 Pena-

138 1590 222 1623 tium
247 1593 281 1622 et
306 1589 446 1623 Larium
473 1588 574 1622 dicat.
623 1588 662 1621 In
689 1598 790 1630 quam
814 1597 887 1621 rem
915 1586 1033 1621 confer
1056 1587 1101 1629 II,
1126 1590 1159 1628 3,
1184 1589 1241 1620 33.
1266 1588 1322 1620 47.
1358 1590 1393 1619 et
1416 1586 1484 1618 alia

139 1657 182 1691 ad
221 1658 384 1691 Pmmn.
418 1656 519 1690 Nem.
548 1656 610 1697 XI,
639 1659 693 1689 15.
731 1667 751 1688 a
778 1655 875 1688 nobis
902 1655 1039 1688 monita.
1101 1654 1250 1688 Volebat
1282 1658 1396 1687 autem
1428 1663 1484 1686 rus

139 1724 250 1758 redire
283 1723 327 1756 ad
360 1722 460 1755 sedes
493 1722 610 1754 avitas.
636 1738 683 1746 —
722 1719 982 1761 celebrare,
1017 1719 1151 1761 colere,
1187 1720 1294 1752 Ovn).
1321 1718 1484 1760 Fast.11,

139 1793 228 1824 639:
263 1791 342 1822 Nox
368 1787 428 1821 ulai
453 1787 656 1828 transierit,
681 1786 785 1819 solito
810 1785 1003 1818 celebretur
1028 1785 1155 1818 honore
1179 1787 1332 1830 Separat
1356 1784 1485 1818 indicio

141 1857 202 1903 qui
228 1856 313 1889 cleas
338 1867 429 1888 arva
453 1867 529 1888 suo.
579 1854 808 1888 Observatum
843 1857 896 1886 est
930 1853 1074 1886 reduces
1107 1863 1149 1886 ex
1182 1853 1303 1886 itinere
1338 1853 1481 1896 primum

140 1929 281 1969 penates
316 1923 498 1957 salutatum
532 1922 654 1963 ivisse,
691 1925 729 1954 ut
763 1921 933 1955 Tannum.
973 1919 1111 1954 Phorm.
1137 1920 1181 1962 ΙΙ,
1208 1923 1240 1962 1,
1266 1922 1332 1961 81;
1370 1923 1484 1953 tamen

140 1992 298 2025 Tibullus
322 1990 510 2033 generatim
536 1989 578 2022 de
603 1990 697 2022 cultu
723 1989 885 2032 religioso
912 1987 1081 2031 loquitur,
1115 1997 1215 2030 quem
1241 1986 1330 2019 domi
1354 1986 1484 2029 degens

141 2068 184 2090 ex
218 2067 312 2090 more
347 2056 528 2100 penatibus
561 2054 694 2088 reddet.
755 2055 918 2089 Ceterum
943 2054 1024 2088 dicti
1050 2057 1191 2098 penates
1217 2055 1352 2087 omnino
1377 2053 1423 2086 dii
1450 2054 1482 2086 in

141 2133 230 2166 penu
256 2122 350 2163 culti,
374 2121 463 2154 unde
489 2120 609 2154 domus
633 2120 767 2154 fortuna
789 2124 823 2154 et
845 2120 1054 2164 prosperitas
1075 2120 1256 2164 pendebat,
1285 2120 1351 2154 vid.
1377 2120 1485 2153 Μϋι-

142 2198 225 2220 1,1111.
251 2187 284 2219 in
315 2186 421 2219 Libro
446 2186 489 2219 de
514 2186 667 2219 Etruscis
692 2186 791 2220 Tom.
817 2187 861 2220 ΙΙ.
890 2199 923 2230 p.
950 2190 1028 2228 87„
1053 2187 1110 2230 qui
1136 2187 1216 2220 ibid.
1243 2199 1275 2230 p.
1301 2189 1359 2220 90.
1382 2187 1484 2221 etiam

142 2253 185 2286 de
206 2252 351 2286 Laribus
377 2253 463 2285 bene
488 2251 585 2293 dixit,
611 2250 653 2284 cf.
679 2261 783 2294 supra
807 2251 850 2284 ad
871 2252 898 2293 Ι,
922 2254 953 2294 1,
972 2255 1029 2287 20.
1052 2270 1095 2276 —
1122 2256 1351 2286 menstrua
1376 2256 1487 2293 tura,

142 2331 238 2354 more
263 2319 500 2361 religiosorum
526 2316 719 2359 hominum,
745 2319 801 2361 qui
828 2318 950 2352 mensis
980 2320 1143 2361 cuiusque
1169 2318 1329 2352 Calendis
1354 2320 1485 2352 sacriti-

144 2388 284 2428 calmnt,
322 2385 388 2419 vid.
427 2386 570 2418 Houss'.
597 2384 660 2426 ΙΙΙ,
685 2388 745 2427 23,
777 2386 850 2418 init.
885 2385 966 2428 ibiq.
1004 2386 1209 2429 interprett:
1234 2390 1268 2418 et
1305 2386 1408 2418 Voss.
1443 2385 1486 2417 ad

144 2453 265 2495 virgil.
288 2452 410 2495 Eclog.
435 2452 462 2494 J,
499 2464 531 2496 p.
557 2454 614 2484 30.
643 2468 687 2478 --
728 2452 940 2494 reddere,
978 2456 1016 2486 ut
1051 2449 1259 2491 ἀποδοῦναι,
1299 2452 1342 2486 de
1368 2452 1485 2485 debito

146 2517 272 2551 honore
306 2518 386 2551 satis
420 2522 549 2551 notum.
599 2518 759 2551 Ceterum
786 2518 953 2552 clauditur
988 2519 1082 2553 locus
1112 2519 1315 2553 antecedens·
1347 2518 1409 2552 hoe
1435 2520 1487 2551 ‹li-

146 2583 264 2618 sticho.
289 2603 335 2608 —-

242 2649 279 2683 V.
307 2652 446 2683 35-5‘2.
496 2650 683 2685 Incusat
712 2655 907 2688 aetatem
944 2657 1230 2698 praesentem
1269 2652 1397 2686 orbis
1435 2652 1484 2683 ab
