1721 2953
499 158 642 198 LIBR.
671 156 743 196 III.
803 155 906 193 1⁴:le
930 155 960 195 ἶ.
992 158 1023 195 Ῐ.
1349 160 1427 194 317

89 284 191 316 etiam
216 281 378 314 Vtrm‘ms
405 280 439 309 et
463 275 649 308 nmmos.
709 271 817 304 Poeta
850 271 1053 304 adiectivum
1080 270 1264 305 Romani
1291 270 1433 312 addidit,

92 362 160 393 quo
186 349 292 383 maior
322 346 495 379 videretur
519 341 681 374 sanctitas
706 339 785 371 diei·
814 358 857 361 —
892 338 1113 373 Exoriens
1139 338 1208 372 hic
1241 339 1329 371 suit
1361 349 1433 371 an-

94 428 174 451 nus
208 415 238 448 h.
265 425 294 446 e.
331 409 491 444 Kalendis
526 407 659 440 Martiis
694 405 813 437 solitus
851 407 903 436 est
938 406 1016 438 olim
1053 405 1179 439 exoriri
1213 415 1330 438 annus.
1381 404 1432 437 De

93 482 290 528 pronomine
308 477 364 509 lzic
388 486 414 509 s.
437 474 501 507 lioc
517 475 688 506 momento
709 470 882 514 temporis,
908 469 1068 504 BAcmus
1092 471 1223 503 confert
1243 471 1430 503 Pnonssn'r.

93 551 152 590 lv,
178 550 210 590 4,
235 549 300 579 74:
343 541 429 576 Urbi
445 541 571 586 festus
596 543 674 570 erat
707 537 845 580 (dixere
873 537 1008 568 Palilia
1030 544 1170 581 patrae,
1204 537 1275 569 Hic
1297 538 1432 582 primus

91 612 202 657 coepit
237 607 412 643 moenibus
445 605 536 648 esse)
573 602 656 637 dies.
705 602 802 635 Idem
836 612 916 635 vere
951 603 1109 637 observat
1144 604 1322 647 participio
1356 614 1433 637 cum

91 691 122 713 v.
156 690 230 711 esse
264 677 380 709 iuncto
413 677 537 707 statum
573 672 710 705 solitum
746 671 942 713 significari.
993 670 1153 704 Ceterum
1188 672 1319 704 initium
1355 671 1434 704 anni

92 745 238 779 Martius
265 743 327 775 suit
352 742 466 785 primis
490 750 550 772 sex
577 738 720 771 saeculis
748 738 850 770 urbis.
911 738 995 770 Cum
1022 743 1135 772 autem
1161 741 1238 773 inde
1264 752 1282 773 a
1308 750 1433 775 consu-

93 813 163 844 latu
200 812 246 845 Q.
284 808 394 842 Fulvii
428 805 611 840 Nobilioris
643 807 678 836 et
713 803 755 836 T.
791 804 891 836 Annii
927 804 1030 836 Lusci
1064 815 1140 836 ann.
1167 808 1248 840 601.
1276 807 1434 840 consules

92 880 288 910 constanter
311 872 466 907 Ianuario
491 880 606 904 mense
632 870 870 910 magistratum
896 870 1041 911 inirent,
1068 871 1229 913 paulatim
1257 870 1311 904 hic
1336 883 1433 905 men—

93 943 140 974 sis
167 940 282 983 coepit
319 949 380 982 pro
407 937 503 970 initio
536 935 649 968 haberi
687 934 777 967 anni.
836 936 886 968 Ac
912 939 1013 978 poeta
1039 936 1172 969 laudem
1200 937 1265 970 diei
1290 937 1437 981 amplifi-

90 1018 169 1041 care
192 1007 297 1039 voluit
321 1005 433 1038 verbis
459 1003 563 1036 hisce.
593 1021 633 1027 —
675 1002 851 1035 nostris
877 1002 983 1035 avis.
1034 1003 1120 1035 Cum
1145 1004 1295 1037 Vossms
1321 1004 1435 1036 Grae--

90 1074 204 1107 culum
227 1073 318 1105 dicat
342 1071 557 1113 Lygdamum
582 1069 679 1110 falso,
706 1070 924 1102 observatum
951 1073 1003 1102 est
1028 1074 1107 1103 ante
1133 1081 1205 1113 nos,
1230 1074 1368 1114 poetam
1394 1081 1432 1103 se

91 1140 203 1182 ipsum
230 1137 279 1170 liis
305 1137 416 1170 verbis
441 1137 634 1169 Romanum
662 1135 786 1167 dicere.
812 1151 859 1156 —
901 1145 1071 1178 pompa.
1122 1135 1208 1170 Nam
1235 1137 1351 1169 missio
1375 1146 1434 1169 so-

92 1205 212 1237 lemnis
238 1187 415 1236 munerum
445 1204 617 1245 largorum
650 1212 712 1245 per
748 1211 871 1244 pueros
897 1202 1012 1235 fiebat.
1063 1202 1206 1236 Constat
1231 1214 1311 1236 vero
1334 1214 1435 1246 pom—

85 1283 170 1314 pam
206 1271 341 1303 omnino
375 1269 440 1302 dici
475 1269 516 1301 de
551 1269 714 1301 comitatu
747 1279 871 1310 magno
901 1268 1098 1302 ducentium
1129 1274 1189 1303 aut
1222 1271 1429 1313 portantium

91 1337 237 1379 aliquid,
275 1341 310 1369 et
343 1336 386 1368 de
417 1336 564 1377 ipsarum
597 1345 711 1367 rerum
738 1344 825 1375 quae
851 1338 1032 1376 portantur
1056 1335 1292 1374 multitudine,
1327 1336 1434 1367 veluti

86 1403 258 1435 PLAU'rtffi
283 1412 336 1443 ap.
362 1400 518 1432 Macrob.
544 1400 615 1431 Sat.
642 1398 687 1438 II,
717 1400 769 1429 12.
806 1397 907 1430 dicit:
945 1398 1033 1441 Quis
1057 1404 1111 1430 est
1138 1399 1298 1430 mortalis
1325 1405 1433 1430 tanta

79 1468 238 1514 fortuna
264 1466 432 1512 adfectus
457 1477 624 1510 unquam,
649 1465 763 1507 Onam
783 1475 845 1508 ego
865 1475 958 1495 manc
984 1475 1071 1496 sum,
1099 1459 1224 1509 quoius
1243 1463 1330 1495 haec
1349 1477 1435 1497 ven—-

88 1533 137 1566 tri
159 1539 329 1578 portatur
350 1543 499 1576 pompa,
524 1530 556 1565 h.
583 1542 614 1563 e.
640 1530 820 1572 multiplex
848 1528 1025 1562 obsonium
1053 1533 1086 1561 et
1111 1534 1358 1572 sumptuosum.
1385 1549 1432 1554 —

90 1606 219 1633 certa
255 1609 413 1642 pompa
448 1596 479 1630 h.
507 1607 537 1629 e.
574 1596 677 1628 certis
712 1594 867 1637 personis
900 1593 1091 1634 destinata,
1130 1598 1261 1627 certum
1292 1605 1435 1638 scopum

89 1665 300 1709 propositum
327 1673 414 1705 quae
439 1661 541 1693 habet
574 1665 608 1692 et
642 1659 738 1703 petit.
787 1668 898 1700 vaga
931 1662 1044 1690 autem
1079 1669 1217 1691 munera
1252 1663 1329 1691 sunt
1364 1661 1431 1692 alio

88 1731 152 1763 alia
178 1729 370 1769 tendentia,
408 1731 442 1760 et
470 1727 554 1758 bene
580 1728 719 1757 annotat
747 1723 981 1755 Huscmssus:
1020 1724 1143 1766 „Vaga
1168 1734 1305 1757 munera
1337 1727 1432 1767 quasi

90 1800 325 1839 temperantur
351 1804 474 1837 pompa
501 1795 606 1832 certa,
635 1788 803 1831 siquidem
829 1788 862 1820 in
889 1798 1019 1821 summa
1045 1789 1305 1822 discurrentium
1332 1790 1433 1822 undi-

88 1873 154 1905 que
180 1861 378 1895 confusione
403 1869 502 1892 nemo
527 1861 640 1890 tamen
666 1859 758 1896 erat,
798 1854 854 1896 qui
880 1863 947 1886 uon
974 1858 1106 1886 certum
1133 1856 1233 1887 finem
1259 1857 1430 1898 peteretf‘

90 1929 309 1963 Quaeruntur
345 1937 365 1958 a
405 1924 515 1969 poetis
551 1923 636 1955 tales
672 1920 904 1963 oppositiones
939 1917 1190 1962 epithetorum,
1240 1924 1274 1952 et
1309 1931 1430 1953 suaves

88 2001 184 2036 sunt,
221 1996 249 2027 si
284 2004 349 2027 non
384 1993 481 2025 nimis
512 1991 636 2023 subtile
661 1997 804 2021 acumen
839 1984 976 2019 habent.
1024 1985 1078 2018 Ad
1104 1986 1309 2018 locutionem
1337 1997 1431 2030 vaga

87 2063 354 2096 discurrunt
378 2060 592 2092 Huscnxms
611 2056 742 2090 confert
759 2054 944 2087 MARTML.
968 2052 1062 2093 VIII,
1083 2055 1139 2094 33,
1161 2055 1224 2085 15:
1250 2064 1310 2084 nec
1338 2064 1431 2097 vaga

88 2135 163 2160 tam
198 2127 298 2160 tenui
335 2125 503 2159 discurrit
541 2135 674 2156 aranea
711 2121 783 2153 tela
819 2132 868 2165 pr.
905 2119 970 2152 hue
1007 2120 1096 2153 illuc.
1155 2119 1249 2152 Idem
1286 2120 1432 2162 denique

87 2206 168 2228 vere
202 2198 318 2227 monet
354 2195 463 2226 aliena
498 2203 572 2225 esse
605 2190 791 2233 agrestium
818 2199 958 2221 munera
984 2187 1174 2220 PROPERT.
1201 2187 1264 2228 III,
1292 2191 1346 2228 13,
1373 2191 1430 2221 27.

88 2263 213 2296 collata
238 2262 280 2293 ab
306 2261 468 2293 Hmmo.
496 2276 541 2283 —-
577 2259 755 2300 Perque
789 2257 886 2288 vias
917 2254 1042 2288 urbis
1069 2265 1241 2297 perque
1268 2255 1430 2288 domos.

89 2328 180 2360 Cave
225 2326 343 2370 putide
386 2325 573 2366 distinguas
616 2322 668 2355 liic
706 2322 895 2366 puellarum
934 2324 967 2352 et
1007 2324 1238 2354 matronarum
1279 2332 1431 2362 munera,

90 2394 186 2436 quasi
213 2403 277 2425 non
305 2393 405 2425 etiam
431 2392 487 2424 illa
513 2401 573 2434 per
598 2391 716 2422 domos
744 2392 921 2432 portentur
947 2397 1082 2419 emensa
1110 2388 1190 2420 vias.
1244 2388 1349 2420 Immo
1376 2394 1430 2420 to-

91 2463 179 2500 tam,
214 2469 300 2500 quae
325 2459 457 2500 agitur,
494 2467 565 2489 rem
593 2456 636 2488 ob
667 2456 785 2487 oculos
811 2454 906 2497 ponit
929 2453 1080 2485 suaviter
1112 2454 1205 2486 nullo
1235 2454 1428 2487 discrimine

90 2525 180 2557 facto
202 2526 272 2557 tali.
321 2525 467 2557 Omnino
490 2524 576 2556 bene
602 2522 787 2555 elaboravit
809 2520 872 2554 hoc
893 2518 1059 2552 distichon
1083 2524 1196 2562 poeta.
1214 2538 1258 2543 -—
1282 2520 1321 2552 V.
1343 2524 1363 2552 5
1379 2530 1428 2561 sq.

92 2590 265 2631 Dicite,
299 2590 518 2624 Pierides.
570 2589 757 2621 Consilium
784 2591 884 2628 rogat
908 2585 1045 2627 Musas,
1085 2585 1367 2628 quemadmodum
1396 2587 1427 2617 in

89 2659 207 2697 quarta
235 2655 344 2697 elegia
371 2655 413 2687 ab
440 2655 597 2699 Apolline
623 2654 765 2688 docetur
790 2652 832 2685 de
855 2651 956 2685 rebus
982 2651 1061 2684 suis.
1120 2652 1278 2684 Tibullus
1305 2651 1345 2684 ad
1372 2662 1428 2683 sa-
