1721 2953
473 147 616 189 Lina.
646 148 677 185 1.
736 145 896 186 ELEG.
928 147 1000 186 vi.
1350 154 1424 190 129

81 271 195 303 Venus
229 267 364 301 afficere
398 264 485 297 solet
518 260 651 295 infidas,
713 259 817 293 Vides
844 271 886 293 ex
914 258 975 294 hac
1003 263 1215 297 enarratione
1240 262 1425 296 secundam

78 339 209 380 partem
236 332 367 374 elegiae
392 328 540 362 maxime
565 328 598 359 in
625 327 741 369 poenis
768 326 889 359 divinis
915 328 1075 364 perfidiae
1107 329 1318 363 declarandis
1345 340 1424 362 ver-

77 404 165 444 sari3
202 401 346 445 primum
380 398 470 430 enim
504 395 678 428 oraculum
716 394 882 425 Bellonae
920 397 1103 437 tractatur,
1144 396 1177 428 in
1209 397 1275 429 fine
1309 400 1423 428 autem

77 469 263 504 communis
305 464 483 499 infidarum
521 462 698 495 mulierum
740 460 774 492 in
816 464 993 493 senectute
1035 463 1169 495 miseria
1213 463 1423 506 proponitur,

76 545 176 578 quam
201 533 316 566 Venus
343 531 465 571 mittit3
500 539 576 561 nam
603 529 707 561 etiam
733 525 816 559 haec
842 531 983 570 propter
1007 528 1138 561 Deliam
1165 529 1230 562 dici
1257 530 1331 572 quis
1358 540 1424 562 non

75 599 195 632 videt?
244 599 338 631 Inter
363 596 423 630 hos
449 595 534 628 duos
560 596 654 627 locos
680 595 800 627 tertius
826 593 974 636 denique
1000 595 1218 638 interpositus
1241 600 1292 629 est
1317 597 1424 630 lenior

77 669 111 698 et
137 665 266 704 mitior,
300 663 357 695 ubi
383 672 449 695 non
474 660 590 693 laudat
614 657 750 701 quidem
778 658 924 702 puellam
940 684 949 700 ,
974 659 1033 691 sed
1063 664 1174 693 tamen
1198 662 1280 695 iram
1307 673 1343 695 se
1369 673 1425 696 re-

75 733 211 765 mittere
237 730 319 763 dicit
345 732 484 773 propter
508 730 672 767 matrem,
711 729 745 758 et
779 725 843 758 sibi
880 725 981 757 etiam
1015 736 1150 758 severas
1187 728 1281 769 leges
1315 728 1426 771 impo-

79 807 181 837 nens,
223 796 271 828 sic
297 795 447 827 favorem
473 792 592 825 Deliae
619 793 752 834 captat,
788 790 816 823 si
841 799 881 822 ea
907 789 1016 833 ipsum
1043 796 1197 834 paratum
1222 792 1337 825 videat
1362 792 1425 825 du-

79 863 227 894 rissimas
254 870 380 904 poenas
405 860 540 899 subire,
567 862 700 890 amatae
725 867 807 889 vero
833 867 974 899 parcere
999 858 1086 890 velle
1113 859 1277 892 manibus.
1326 861 1424 895 Quae

77 928 213 971 quidem
249 938 314 960 non
349 926 532 959 blanditiae
565 925 686 957 molles
720 927 816 964 sunt,
855 923 914 955 sed
949 927 1061 956 tamen
1095 928 1256 966 quantum
1290 924 1427 967 quidem

78 993 175 1026 huius
211 993 341 1034 elegiae
379 991 547 1024 acerbitas
586 990 733 1033 patitur,
770 992 1073 1031 temperamentum
1110 994 1242 1032 gratum
1281 991 1427 1023 afferunt

76 1060 199 1092 ceteris
234 1058 427 1091 durioribus
461 1057 571 1090 verbis
605 1060 639 1089 et
672 1065 824 1088 amorem
850 1059 1019 1088 testantur
1045 1056 1227 1089 etiamnum
1255 1067 1425 1099 magnum.

79 1127 191 1168 Atque
212 1124 295 1158 haec
321 1124 457 1166 quidem
483 1121 632 1155 secunda
659 1131 737 1164 pars
763 1124 825 1153 est.
877 1121 1012 1162 Collige
1039 1132 1126 1155 nunc
1152 1133 1238 1164 quae
1266 1123 1426 1166 exposui-

76 1201 161 1224 mus.
209 1191 361 1224 Primum
386 1190 428 1222 de
455 1188 610 1222 custodia
634 1187 734 1228 dicit,
772 1197 945 1230 exponens
970 1187 1108 1230 pulchre
1134 1188 1231 1222 dolos
1258 1190 1367 1222 varios
1395 1193 1429 1222 et

76 1262 166 1290 artes
191 1257 312 1300 quibus
338 1258 411 1300 ipse
436 1256 595 1288 fefellerit
618 1255 775 1287 maritum
807 1258 841 1286 et
867 1264 955 1286 nunc
981 1256 1094 1297 puella
1118 1256 1238 1288 callida
1272 1257 1320 1288 uti
1349 1266 1428 1299 pos·

80 1325 124 1357 sit
152 1325 183 1357 in
210 1325 275 1357 alia
299 1334 356 1364 re,
393 1323 612 1366 postulatque
638 1322 817 1353 maximam
845 1321 878 1352 in
905 1319 954 1352 his
980 1321 1122 1353 fallaciis
1151 1323 1325 1354 custodiae
1351 1323 1429 1355 dili-

79 1391 239 1433 gentiam.
289 1389 357 1422 Sed
385 1400 461 1422 cum
487 1393 599 1420 tamen
627 1387 727 1419 etiam
754 1387 900 1419 maxima
926 1386 1081 1419 custodia
1108 1398 1174 1420 non
1198 1389 1279 1420 satis
1302 1392 1429 1421 terreat

77 1457 252 1490 audaciam
279 1457 433 1489 callidam
460 1456 667 1499 puellarum,
695 1464 774 1486 mox
801 1454 1025 1497 progrediens
1053 1456 1186 1497 longius
1214 1467 1277 1500 per
1303 1457 1428 1499 grada—

78 1526 203 1558 tionem
238 1525 380 1556 affectus
407 1523 546 1555 assumit
571 1533 673 1565 porro
707 1521 810 1554 etiam
837 1521 1003 1553 caelestes
1029 1522 1094 1554 iras
1123 1533 1316 1565 poenasque
1344 1523 1430 1554 ‹livi-

79 1602 139 1624 nas
165 1591 340 1624 denuntiat
360 1589 541 1631 religiosae
568 1575 722 1628 feminae,
747 1591 780 1619 et
807 1587 951 1619 observa
977 1598 1076 1628 quam
1101 1588 1185 1620 scite
1211 1587 1264 1620 liic
1291 1589 1430 1629 leniora,

79 1669 165 1700 quae
193 1661 370 1701 praeterea
395 1655 551 1695 habebat,
579 1654 791 1686 hortamenta
817 1653 849 1684 in
873 1652 986 1684 medio
1013 1654 1199 1694 collocarit,
1224 1655 1330 1687 minas
1356 1665 1428 1686 ma-

82 1725 189 1756 lorum
215 1734 295 1755 vero
318 1723 349 1755 in
376 1722 540 1765 principio
567 1725 601 1753 et
626 1721 713 1761 fine,
739 1723 776 1751 ut
803 1719 940 1751 aculeos
967 1729 1062 1751 acres
1090 1720 1290 1762 relinquant.
1342 1721 1430 1755 Qu}-

80 1789 143 1821 bus
175 1789 396 1822 consideratis
421 1789 511 1821 clara
539 1791 590 1820 est
615 1788 700 1819 ratio
734 1786 877 1827 elegiae.
929 1785 1005 1818 Non
1041 1786 1184 1827 legimus
1212 1786 1262 1819 llic
1295 1788 1429 1819 mollio-

83 1857 130 1889 ris
158 1857 282 1888 amoris
314 1855 436 1896 verba,
470 1855 583 1897 qualia
609 1855 682 1886 aliis
706 1855 737 1886 in
764 1852 968 1885 carminibus
994 1852 1155 1893 vidimus,
1190 1853 1248 1885 sed
1278 1852 1331 1884 liic
1355 1853 1433 1894 qui-

81 1923 157 1955 dem
185 1923 318 1955 mollior
342 1932 436 1954 amor
461 1921 563 1954 credo
591 1921 749 1965 paulatim
776 1920 970 1952 imminutus
1006 1922 1100 1959 erat,
1136 1919 1256 1951 iterum
1291 1919 1431 1951 iterum-

80 1999 146 2032 que
175 1999 250 2021 cum
276 1988 377 2021 fidem
403 1988 544 2020 violaret
569 1987 679 2030 puella
706 1991 740 2019 et
764 1988 999 2018 successerant
1025 1985 1094 2016 irae
1120 1984 1368 2026 frequentiores
1397 1989 1430 2016 et

80 2056 288 2098 pulsationes
323 2054 409 2086 adeo
441 2053 552 2086 factae
587 2056 694 2085 erant.
756 2052 854 2086 Quae
890 2061 993 2082 causa
1026 2049 1162 2082 videtur
1196 2050 1286 2092 quod
1321 2050 1432 2091 elegia

80 2131 146 2153 non
174 2121 330 2164 precibus
357 2124 391 2152 et
416 2119 584 2161 querelis,
607 2117 666 2150 sed
694 2116 872 2149 custodiae
898 2125 1039 2148 severae
1066 2116 1162 2147 minis
1188 2119 1223 2148 et
1247 2126 1432 2158 poenarum

82 2188 277 2221 caelestium
303 2185 504 2228 aggreditur
530 2186 688 2228 puellam,
710 2189 743 2217 et
770 2188 841 2216 tota
867 2182 1114 2215 iracundiorem
1141 2192 1289 2214 amorem
1316 2181 1432 2224 spirat.

81 2254 304 2287 Hortationes
325 2255 402 2284 sunt
428 2252 460 2284 in
486 2252 560 2284 aliis
583 2261 718 2293 quoque
743 2248 944 2282 carminibus
966 2251 1068 2290 atque
1095 2247 1318 2280 ostenduntur
1344 2252 1434 2279 tecle

83 2320 250 2354 interdum
277 2319 378 2352 etiam
407 2329 536 2362 poenae
561 2319 606 2351 ibi
632 2318 807 2361 perfidiae,
834 2315 893 2348 sed
921 2319 999 2348 sunt
1024 2315 1123 2347 etiam
1150 2315 1303 2348 molliora
1331 2316 1436 2347 multa

85 2391 120 2419 et
146 2386 333 2426 blandiora,
360 2396 447 2418 nunc
470 2388 583 2416 autem
609 2383 705 2415 abest
730 2381 792 2414 hoc
817 2391 926 2423 genus
953 2390 1123 2421 sensuum,
1153 2381 1307 2413 acerbior
1332 2381 1435 2413 casti-

85 2454 178 2495 gatio
213 2453 404 2497 praevalet,
457 2451 608 2493 dicitque
638 2450 759 2483 Deliae
797 2459 862 2482 non
897 2448 1001 2491 ipsirls
1034 2457 1153 2488 causa,
1202 2446 1261 2479 sed
1298 2450 1437 2490 propter

85 2522 225 2551 matrem
251 2529 288 2551 se
315 2528 476 2562 parcere,
512 2518 602 2560 quod
633 2517 727 2550 vides
753 2517 825 2560 ipse
851 2526 950 2558 quam
978 2515 1094 2546 (lurum
1122 2514 1175 2546 sit.
1227 2514 1314 2546 Ante
1342 2524 1437 2545 ama-

85 2589 180 2616 verat
205 2586 387 2617 tenerrimo
414 2594 514 2617 sensu
541 2583 695 2616 feminam
726 2593 785 2625 pro
813 2586 1002 2624 tmnporum
1040 2580 1178 2612 istorum
1214 2580 1342 2611 ratione
1379 2589 1436 2609 ca·-

85 2653 194 2689 stam,
233 2660 317 2682 nuuc
351 2652 591 2693 conciqzisccre
619 2662 654 2683 sc
690 2651 752 2682 sit
780 2650 934 2686 infidam,
976 2647 1027 2679 cui
1064 2657 1127 2679 uon
1164 2648 1209 2678 >ic
1247 2656 1362 2689 pamm
1399 2653 1430 2675 211·

1037 2719 1057 2750 s)
