1721 2953
202 155 284 181 mut
741 136 815 175 DE
848 134 1003 178 I‘OESI

199 268 236 298 et
269 265 405 309 aperte
436 252 592 308 prodit3
639 251 740 291 nihil
778 254 923 304 molle,
965 252 1068 291 nihil
1102 250 1286 304 languidi
1324 259 1393 291 aut
1423 251 1547 289 fucati

200 339 239 376 iu
271 335 457 374 sensibus
489 333 574 371 eius
606 331 722 379 inest,
752 329 823 369 sed
853 329 1064 382 simplicia,
1092 330 1339 379 inaffectata,
1371 340 1546 367 nervosa

203 413 354 453 onmia.
433 408 491 448 Ut
530 408 575 446 in
619 405 761 444 cete-ris
801 405 957 444 Tibulli
997 406 1246 445 carminibus
1288 403 1550 459 querimonia

199 495 365 541 regnat,
410 484 465 524 sic
495 484 595 522 haec
632 479 802 532 elegidia
833 494 951 520 curas
991 482 1140 520 amoris
1181 481 1378 521 exhibent
1416 483 1550 534 plera-

201 578 306 619 que3
345 563 476 600 hilare
507 558 710 611 primum,
743 565 782 596 et
811 557 934 609 plane
963 557 1139 606 laetum,
1170 570 1223 595 ne
1261 555 1311 595 de
1344 569 1456 596 nono
1488 556 1549 596 di-

200 654 300 689 cam,
331 637 570 689 septimum:
602 633 716 688 quod
744 633 789 672 in
819 635 903 673 suis
935 632 1104 687 quidem
1134 633 1344 673 amoribus
1371 646 1456 672 non
1479 632 1550 672 ad-

200 717 309 756 misit
337 714 540 762 Tibullus,
569 711 706 763 potuit
734 723 834 751 vcro
865 709 1000 748 facere
1030 707 1211 748 iucunde
1240 710 1401 760 puellae
1434 722 1549 747 amo-

199 806 264 832 res
295 790 531 842 depingens.
587 787 663 826 Vis
694 786 938 835 affectuum,
972 792 1020 823 ut
1048 784 1206 824 notavit
1236 785 1358 822 etiam
1386 771 1548 832 Mauso,

201 869 340 921 paullo
371 867 509 905 minor
539 877 664 917 quam
701 862 743 900 in
784 861 919 914 primo
963 869 1001 901 et
1041 859 1222 901 secundo
1263 861 1394 911 libro,
1437 860 1551 914 quod

200 959 286 985 non
314 942 475 984 mireris
496 941 541 979 in
567 939 700 979 alieno
733 952 873 978 amore
904 939 1042 991 parvis
1073 937 1254 989 elegidiis
1285 937 1552 987 adumbrato;

198 1021 302 1062 illud
331 1033 431 1062 vero
466 1020 640 1059 observa
671 1023 872 1069 quantum
902 1015 1086 1066 vigorem
1115 1013 1385 1053 nihilominus
1415 1014 1552 1052 omnia

200 1099 265 1136 hic
305 1097 485 1135 habeant
525 1101 564 1132 et
594 1106 718 1145 quam
747 1091 920 1131 similem
954 1092 1098 1130 ceteris
1128 1091 1373 1130 Tibullianis
1405 1092 1552 1130 carmi-

203 1176 336 1224 nibus,
367 1186 460 1212 cum
489 1169 691 1224 Lygdami
719 1169 826 1207 liber
855 1170 1032 1208 multum
1062 1169 1139 1208 hac
1165 1182 1210 1208 re
1242 1167 1456 1221 discrepet.

202 1434 244 1468 Il.
283 1431 344 1466 DE
369 1428 537 1463 FORMA
557 1427 620 1460 ET
640 1424 1001 1460 COMPOSITIONE
1024 1424 1314 1458 ELEGIARUM
1343 1425 1551 1459 TIBULLI.

315 1558 538 1609 Postquam
578 1552 627 1592 de
669 1559 910 1603 argumento
948 1551 1170 1602 elegiarum
1201 1549 1358 1589 Tibulli
1388 1548 1553 1598 dictum,

203 1648 311 1672 nunc
344 1632 392 1671 de
425 1628 732 1682 compositionis
762 1628 923 1665 ratione
955 1639 1186 1678 exponam,
1235 1640 1340 1679 quae
1370 1640 1435 1665 res
1467 1628 1552 1665 sor-

202 1711 317 1750 malis
349 1717 429 1757 est,
460 1706 529 1747 sed
562 1720 646 1746 non
676 1705 812 1743 minus
842 1702 1024 1743 iucunda
1055 1703 1220 1753 cognitu
1252 1710 1291 1741 et
1321 1701 1373 1741 ad
1402 1702 1552 1741 intelli-

201 1786 332 1839 genda
363 1787 462 1824 haec
502 1783 681 1823 carmina
712 1781 961 1828 necessaria,
1005 1787 1052 1817 ut
1089 1778 1250 1817 mireris
1282 1791 1371 1817 eam
1400 1778 1554 1816 hucus-

203 1878 282 1918 que
314 1862 538 1912 neglectam
570 1857 746 1896 necdum
778 1871 801 1895 a
832 1868 1043 1908 quoquam
1081 1854 1339 1905 explicatam.
1406 1852 1552 1906 Neque

201 1952 301 1981 vero
333 1939 465 1976 solum
494 1935 538 1973 in
567 1933 692 1971 rebus
721 1944 796 1983 per
826 1943 867 1968 se
901 1928 1088 1980 spectatis
1117 1929 1178 1968 vis
1211 1937 1251 1967 et
1286 1928 1551 1980 pulchritudo

200 2027 373 2069 poeseos
403 2013 520 2060 inest,
550 2007 620 2048 sed
652 2021 737 2046 non
767 2007 904 2045 minus
934 2006 1055 2044 etiam
1085 2005 1129 2044 in
1159 2019 1301 2044 earum
1330 2013 1421 2056 apta
1443 2019 1553 2044 com-

202 2091 422 2144 positione,
452 2087 486 2126 si
514 2094 553 2125 et
577 2086 685 2124 inter
712 2097 753 2123 se
778 2084 883 2122 bene
915 2082 1162 2122 conveniant
1187 2090 1323 2134 partes
1352 2083 1552 2134 partium-

206 2180 286 2219 que
315 2172 451 2217 partes
480 2171 519 2201 ct
551 2161 602 2201 ad
631 2175 761 2200 unum
792 2174 997 2200 summum
1025 2159 1151 2199 finem
1180 2159 1361 2199 suaviter
1390 2160 1553 2211 conspi-

204 2251 310 2282 rent.
377 2241 435 2280 Ac
465 2239 621 2279 Tibulli
656 2227 835 2278 carmina
873 2239 941 2278 vel
979 2235 1180 2288 imprimis
1208 2237 1332 2274 talem
1363 2234 1554 2288 disquisi-

204 2320 358 2357 tionem
392 2315 700 2363 desiderabant,
744 2315 858 2353 cuius
890 2328 954 2353 ars
995 2314 1039 2351 in
1076 2314 1154 2351 hoc
1185 2312 1275 2364 ipso
1313 2308 1554 2364 imperfecta

206 2395 398 2441 creditur,
430 2392 544 2430 cuius
576 2393 756 2431 carmina
784 2392 971 2444 Heynins
998 2391 1242 2430 lacunarum
1265 2389 1386 2439 signis
1408 2390 1553 2439 imple-

203 2474 286 2522 bat,
318 2471 384 2510 cui
415 2483 548 2521 nuper
572 2469 744 2509 Vossius
774 2477 970 2522 quattuor
999 2468 1144 2518 elegias
1175 2480 1226 2505 ex
1258 2465 1417 2504 duabus
1446 2464 1554 2505 fecit.

205 2548 316 2587 Num
357 2545 543 2584 sufficere
583 2553 755 2595 possunt
793 2543 977 2595 vulgaria
1016 2548 1254 2593 argumenta
1282 2541 1552 2590 interpretum

207 2623 255 2662 ad
292 2622 385 2662 talia
416 2618 705 2661 diiudicanda?
775 2618 857 2659 Sed
896 2626 1118 2670 autequam
1151 2614 1201 2654 ad
1232 2628 1316 2653 rem
1349 2613 1549 2663 accedam,
