1721 2953
640 118 882 159 TIBULLI.
1337 131 1435 156 uixi-:1

91 247 185 292 post
213 240 310 279 haec
340 235 516 289 denique
548 234 668 274 etiam
699 235 878 288 penitius
908 234 1200 287 perspiciamus
1230 233 1431 275 Tibullia-

91 328 167 354 nos
198 314 330 353 exitus
359 312 609 360 carminum,
650 318 689 348 et
722 324 794 349 cur
822 311 920 350 tales
952 309 1171 349 necessarii
1199 311 1352 349 suerint
1387 312 1428 349 in

90 391 165 430 hac
192 388 329 441 poesi,
363 388 503 441 quales
532 385 719 427 videmus
750 385 974 435 adhibitos,
1005 399 1263 438 opponamus
1293 386 1430 425 brevi-

90 474 152 505 ter
178 465 454 518 Propertium.
521 464 598 503 Hic
628 464 779 503 multos
812 463 946 502 exitus
976 464 1100 503 habet
1128 477 1151 501 a
1180 462 1335 501 Tibulli
1364 477 1430 501 ra-

89 543 198 582 tione
230 541 425 592 diversos,
455 542 498 581 h.
527 555 563 581 e.
593 542 666 581 ubi
693 554 777 581 non
808 541 982 581 solvitur
1012 539 1262 579 dissonantia
1292 538 1430 591 queri-

87 618 270 668 moniae3
311 616 537 657 mutatione
576 617 800 656 sententiae
838 630 972 669 neque
1002 617 1044 655 in
1077 616 1190 654 exitu
1219 628 1323 665 opus
1356 615 1430 652 ha-

87 694 197 743 buit,
236 707 310 733 nec
341 693 429 732 aliis
450 693 499 731 'in
529 692 630 732 locis
659 692 908 742 carminum,
948 691 982 730 si
1009 693 1116 730 bene
1142 690 1333 738 memini,
1371 697 1431 728 cst

86 785 199 811 usus.
258 770 343 810 Cur
374 768 503 810 haec?
560 769 767 809 Nimirum
805 769 1022 820 Propertio
1060 766 1278 819 proprium
1317 764 1431 805 vide-

86 850 208 888 batur
249 848 424 897 amoris,
467 846 655 899 plurimis
686 846 844 886 casibus
876 844 1106 885 obnoxium
1145 857 1231 883 esse
1262 850 1301 881 et
1331 842 1429 882 alias

87 924 167 964 alio
197 937 320 964 sensu
349 923 529 972 moveri,
570 930 610 961 et
637 922 744 961 hanc
771 921 896 962 vitam
926 920 1119 969 amantis,
1159 920 1344 972 plenam,
1384 927 1431 958 ut

87 998 196 1047 dixi,
224 998 451 1039 innumeris
483 997 667 1047 casibus,
695 999 860 1049 plenam
889 996 1196 1044 affectionibus,
1229 994 1429 1042 sensibus,

87 1074 399 1126 cogitationibus
422 1074 558 1123 variis,
584 1073 689 1113 varii
714 1073 885 1124 generis,
916 1071 1142 1123 depingunt
1162 1070 1320 1121 egregia
1344 1084 1430 1110 car-

86 1152 198 1190 mina
227 1151 338 1198 eius,
377 1163 558 1203 quorum
587 1149 862 1189 diversissima
890 1156 986 1186 sunt
1013 1132 1272 1198 argumenta,
1302 1147 1432 1186 unde-

87 1241 253 1281 quaque
278 1235 399 1280 poeta
423 1240 564 1266 causas
594 1225 768 1265 canendi
795 1224 979 1264 ducente.
1038 1223 1159 1262 Canit
1177 1223 1300 1273 igitur
1322 1237 1431 1262 nunc

87 1303 273 1352 dolores,
304 1316 415 1341 nunc
443 1301 612 1352 gaudia,
652 1300 855 1340 mixtosve
885 1312 1050 1347 sensus,
1079 1307 1125 1337 ut
1158 1307 1343 1350 tempora
1372 1300 1432 1337 se-

86 1389 195 1429 runt,
227 1393 362 1433 neque
385 1379 540 1431 ubique
564 1378 630 1417 hic
661 1376 879 1416 necessarii
907 1377 1007 1414 tales
1039 1375 1183 1425 exitus,
1213 1375 1286 1427 qui
1315 1388 1432 1427 spem

84 1454 266 1494 melioris
295 1455 486 1493 fortunae
511 1451 737 1500 ostendant,
767 1450 837 1490 sed
863 1451 981 1490 etiam
1005 1450 1050 1489 in
1074 1451 1250 1502 suspiria
1271 1459 1311 1489 et
1332 1465 1432 1503 que-

83 1532 214 1570 relam
245 1537 400 1568 exeunt
429 1528 611 1567 carmina
641 1540 728 1566 non
765 1526 900 1566 soluta
937 1524 1202 1566 dissonantia.
1267 1525 1432 1566 Nihilo-

85 1609 220 1648 minus
253 1622 339 1648 non
367 1608 472 1646 male
504 1619 580 1646 nos
609 1607 735 1658 habet
762 1619 850 1645 res:
880 1604 1077 1644 sentimus
1103 1618 1189 1644 non
1212 1603 1430 1657 desperare

86 1694 271 1737 poetam,
311 1685 386 1723 etsi
414 1684 458 1722 in
488 1683 700 1736 querelam
733 1679 892 1720 desinat
920 1681 1068 1731 elegia,
1110 1679 1183 1719 sed
1212 1679 1268 1719 sic
1296 1678 1431 1719 reddit

88 1759 285 1812 cuiusque
316 1757 514 1808 temporis
546 1757 630 1794 fata
659 1763 698 1795 et
725 1767 890 1801 sensus,
929 1762 977 1792 ut
1016 1768 1109 1792 cum
1140 1755 1298 1792 natanti
1332 1755 1430 1794 alias

87 1834 156 1874 alii
192 1834 338 1872 fluctus
377 1834 484 1871 circa
522 1839 664 1884 pectus
702 1828 873 1879 ludunt,
913 1843 1093 1882 quorum
1122 1836 1261 1868 tamen
1290 1831 1430 1869 nullus

83 1911 247 1963 gravius
272 1908 499 1963 quidquam
517 1908 710 1946 minetur.
766 1907 898 1945 Aliter
926 1906 1131 1945 Tibullus.
1187 1904 1295 1944 Huic
1317 1918 1429 1944 sum-

86 1999 199 2025 mum
224 1987 383 2024 bonum
408 1984 451 2022 in
475 1996 612 2022 amore
637 1984 778 2035 requies
807 1995 987 2020 curarum
1014 1980 1245 2031 videbatur,
1274 1980 1324 2021 de
1349 1995 1431 2034 qua

85 2063 129 2102 in
160 2060 425 2103 antecedente
460 2059 589 2112 capite
629 2059 736 2110 dixi3
781 2073 829 2099 eo
868 2058 995 2110 igitur
1033 2058 1154 2097 etiam
1182 2058 1319 2109 poesis
1357 2072 1431 2096 sua

86 2137 216 2178 tendit
245 2145 353 2186 tota,
383 2144 505 2188 atque
533 2134 703 2185 insignis
740 2132 929 2181 affectus,
972 2133 1045 2186 qui
1074 2146 1150 2185 per
1177 2133 1251 2171 has
1284 2131 1429 2182 elegias

88 2212 340 2260 devolvitur,
383 2212 561 2264 quietem
599 2210 830 2250 necessario
867 2208 1083 2249 desiderat.
1145 2208 1256 2247 Haec
1295 2209 1430 2246 hacte-

86 2302 178 2328 nus.
241 2287 477 2326 Generatim
513 2286 799 2338 descripsimus
839 2299 1003 2326 cursum
1031 2284 1255 2336 legitimum
1289 2297 1429 2322 rerum

87 2364 365 2420 (Iler-vortrelen
411 2364 478 2401 cler
524 2364 613 2403 Idea
649 2386 705 2391 —-
746 2361 1013 2410 Entwiclielzmg
1061 2384 1117 2390 —
1167 2360 1429 2408 berulugrendcr

86 2439 266 2490 Schluss).
293 2462 350 2468 —
393 2437 650 2489 Disputatio,
696 2451 815 2489 quam
849 2434 973 2474 modo
1009 2434 1164 2486 legisti,
1203 2433 1253 2473 ad
1292 2435 1429 2473 omnia

88 2516 266 2553 carmina
296 2513 451 2552 Tibulli
480 2513 678 2565 pertine13
720 2520 854 2551 tamen
896 2509 945 2549 dc
978 2502 1428 2564 nc4914n2.czv‹n19·2'1901c.

90 2604 193 2643 quac
218 2589 428 2638 dicuntur,
464 2589 663 2629 nonnulla
694 2588 922 2640 specialiter
951 2586 1119 2636 addam,
1153 2601 1244 2625 cum
1276 2587 1430 2625 formae
