1721 2953
266 108 342 143 v152
579 95 947 139 COMMENJ‘AR.
981 98 1034 136 lx
1071 97 1121 136 'fl
1133 96 1299 137 BULLI

365 215 403 247 V.
433 213 567 246 13-48.
618 209 811 245 Medium
839 221 1026 244 carmen.
1078 213 1104 244 A
1135 211 1342 255 proxima
1368 210 1504 243 laude
1528 210 1618 244 diei

275 280 428 325 pergit
463 277 515 310 ad
542 282 723 310 ceteras
754 286 825 310 res
849 287 868 309 a
897 277 1098 310 Messala
1132 277 1430 320 sequentibus
1455 281 1621 321 tempo-

279 347 405 379 ribus
448 345 487 376 in
529 342 718 383 Cilicia,
764 341 1056 383 Palaestina,
1102 340 1374 382 Phoenicia,
1419 343 1622 386 Aegypto

273 414 454 453 gestas,
489 407 782 450 deductaque
820 406 886 440 sic
921 406 970 440 ad
1006 406 1149 440 Nilum
1185 411 1228 440 et
1262 407 1493 442 Osiridem
1529 418 1624 441 ora-

274 478 397 509 tione
433 474 654 519 imprimis
689 472 802 506 hunc
834 472 990 505 multis
1024 471 1180 505 verbis
1212 472 1432 505 celebrat.

369 541 408 574 V,
437 543 478 574 13
503 552 554 584 sq.
605 539 789 574 Debellatis
817 539 991 582 Aquitanis
1024 539 1201 572 Orientem
1236 539 1428 582 composuit
1456 538 1621 581 Messala,

273 608 362 642 unde
387 613 489 652 poeta
514 611 591 652 post
616 607 815 641 bellicosum
842 607 1020 640 exordium
1046 605 1089 639 de
1116 605 1318 648 Aquitanica
1342 604 1508 647 victoria,
1547 605 1627 648 pul-

274 672 354 706 chra
373 672 584 706 tractationis
603 673 768 706 varietate
788 683 876 706 nunc
895 677 1052 716 pacatum
1072 676 1198 705 statum
1215 673 1430 705 orientalium
1450 672 1627 714 regionum

274 738 463 772 adumbrat.
514 738 654 780 Cydnus
674 738 797 771 leniter
817 738 937 778 fluens,
958 736 1095 770 Taurus
1116 738 1245 770 incolas
1265 738 1370 778 alens,
1395 736 1626 769 columbarum

280 805 312 838 in
336 804 436 846 Syria
463 803 596 838 candidi
622 813 759 846 greges,
785 803 920 836 nautica
944 802 1056 835 studia
1079 802 1175 844 Tyri,
1200 801 1322 835 fertilis
1344 802 1442 834 Nilus
1467 805 1502 834 et
1521 801 1630 834 Osiris

276 872 439 904 arationis
466 875 501 904 et
532 871 649 904 vitium
676 871 831 903 inventor
855 874 934 903 sunt
958 869 1100 903 totidem
1125 879 1247 902 suaves
1279 868 1444 910 imagines
1471 867 1562 911 pacis
1596 872 1629 899 et

277 937 388 981 pacati
414 947 525 969 rerum
544 941 665 970 status.
716 935 778 969 Est
804 935 907 978 igitur
932 935 1068 968 omnino
1095 934 1289 976 notandum,
1313 938 1493 967 tractatum
1520 937 1628 965 totum

278 1003 388 1035 locum
414 1007 614 1044 sequentem
641 1003 688 1035 ita
713 1013 732 1035 a
758 1007 882 1046 poeta,
907 1006 944 1035 ut
965 1001 1008 1034 de
1030 1002 1174 1045 singulis
1200 1001 1302 1034 rebus
1326 1001 1434 1043 gestis
1460 999 1629 1033 Messalae.

279 1070 361 1112 ipsis
397 1067 476 1102 nihil
502 1074 680 1113 praeterea
708 1069 859 1111 diceret,
897 1068 957 1102 sed
984 1069 1059 1102 loca
1093 1072 1212 1112 pacata
1237 1067 1393 1100 laudaret
1418 1067 1474 1098 ubi
1499 1071 1629 1107 gestae.

279 1134 365 1166 Cum
392 1135 479 1168 enim
505 1135 631 1178 ubique
657 1135 729 1169 sere
764 1135 853 1168 idem
887 1135 1027 1168 fecisset
1053 1135 1221 1176 Messala,
1253 1134 1318 1167 hoc
1352 1135 1488 1177 quidem
1522 1137 1631 1169 minus

278 1201 452 1234 varietatis
478 1186 645 1244 habebat,
670 1206 706 1235 at
731 1203 885 1236 locorum
911 1202 1127 1235 diversitates
1152 1199 1327 1245 pulchrum
1352 1206 1506 1234 ornatum
1531 1212 1629 1245 prae—

280 1265 434 1299 buerunt.
494 1267 636 1300 Accedit
670 1268 735 1300 alia
770 1277 836 1300 non
869 1267 976 1299 levior
1007 1277 1109 1299 causa
1142 1265 1244 1307 haec,
1279 1266 1370 1309 quod
1405 1267 1539 1300 omnino
1564 1278 1631 1300 non

281 1332 442 1365 bellicosa
473 1337 547 1366 erat
572 1334 672 1366 Musa
697 1334 825 1366 Tibulli
852 1343 963 1375 neque
995 1333 1041 1366 ita
1067 1333 1109 1365 ad
1145 1334 1308 1366 militares
1333 1343 1388 1366 res
1412 1333 1632 1367 celebrandas

284 1398 371 1432 sacta
407 1403 443 1432 ut
476 1399 518 1432 ad
552 1400 638 1440 alia3
675 1400 747 1432 iure
782 1400 888 1442 igitur
921 1399 1027 1441 elegit
1051 1399 1359 1432 convenientiorem
1384 1399 1521 1441 ingenio
1548 1410 1631 1442 poe-

282 1474 360 1496 seos
394 1475 476 1497 suae
510 1465 760 1499 tractationem.
810 1468 922 1508 Atque
957 1464 1020 1498 hoc
1055 1465 1156 1498 modo
1189 1466 1289 1498 etiam
1327 1466 1451 1498 factum
1487 1471 1558 1507 est,
1596 1471 1633 1499 ut

283 1530 427 1563 deducta
453 1531 494 1563 ad
522 1533 715 1575 Aegyptum
742 1532 896 1565 oratione
922 1531 964 1565 de
990 1543 1152 1575 agrorum
1178 1531 1373 1572 fertilitate,
1399 1531 1441 1564 de
1467 1533 1632 1572 aratione,

282 1596 324 1630 de
349 1597 508 1630 arborum
534 1598 720 1640 vitiumque
745 1599 895 1640 satione,
932 1609 999 1631 uno
1026 1599 1130 1631 verbo
1157 1598 1200 1630 de
1226 1599 1360 1630 rusticis
1387 1598 1489 1630 rebus
1516 1604 1632 1640 posset

283 1662 417 1703 dicere,
456 1662 545 1704 quod
572 1667 811 1704 argumentum
836 1663 924 1695 nosti
951 1673 1051 1704 quam
1079 1662 1123 1695 sit
1148 1662 1313 1695 familiare
1344 1662 1465 1695 Musae
1491 1662 1631 1695 Tibulli.

283 1728 376 1761 Idem
401 1728 547 1771 denique
573 1728 754 1762 ostendent
778 1727 918 1761 inferius
943 1733 1080 1762 ceterae
1106 1729 1251 1762 Osiridis
1278 1728 1406 1762 laudes.
1462 1727 1551 1761 Nam
1575 1738 1635 1761 se-

283 1793 403 1837 positis
429 1804 490 1836 per
514 1797 623 1827 totum
650 1793 738 1828 liuuc
763 1796 874 1830 locum
903 1796 1104 1830 militaribus
1130 1799 1164 1829 et
1189 1796 1337 1840 politicis
1363 1795 1464 1828 rebus
1490 1805 1530 1828 ea
1556 1794 1632 1827 ubi-

281 1867 348 1900 que
374 1858 516 1892 adscivit
541 1864 576 1893 et
602 1860 744 1894 adduxit
770 1863 803 1895 in
829 1863 1001 1905 medium,
1039 1874 1126 1906 quae
1144 1873 1207 1896 suo
1235 1867 1269 1895 et
1295 1872 1440 1906 poeseos
1465 1872 1550 1895 suae
1579 1862 1632 1894 in-

281 1925 384 1966 genio
408 1926 556 1959 maxime
581 1929 812 1962 convenirent.
862 1929 1004 1962 Minime
1029 1940 1110 1962 vero
1136 1928 1198 1962 boc
1224 1939 1300 1962 cum
1327 1927 1450 1960 damno
1475 1926 1632 1960 carminis

281 1988 429 2031 factum,
454 1989 513 2023 sed
540 1992 654 2034 potius
679 1993 911 2026 suavissimam
937 2004 1012 2027 esse
1039 1993 1124 2027 hanc
1149 1995 1382 2038 oppositarum
1407 2004 1520 2027 rerum
1547 2003 1631 2025 con-

282 2055 489 2088 iunctionem
538 2058 728 2090 monuimus
776 2059 878 2092 etiam
919 2059 953 2092 in
992 2060 1240 2093 Dissertatione
1282 2059 1324 2093 de
1358 2058 1462 2092 Poesi
1502 2058 1632 2092 Tibulli

284 2132 313 2155 c.
338 2122 382 2154 ll.
408 2141 453 2146 --
493 2123 660 2175 Cydne.
714 2126 761 2158 Ut
787 2126 941 2159 Ciliciam
967 2126 1144 2168 designet,
1186 2126 1364 2168 Cydnum,
1403 2126 1457 2168 qui
1493 2135 1630 2168 campe-

282 2192 385 2221 strem
411 2192 506 2221 secat
533 2194 684 2232 partem,
710 2195 744 2224 et
769 2197 918 2225 montem
942 2192 1094 2225 Taurum
1121 2193 1290 2234 nominat,
1315 2191 1406 2234 quod
1432 2190 1479 2223 ita
1505 2190 1630 2223 iutelli-

281 2265 364 2296 ges,
401 2259 505 2288 totam
542 2256 695 2290 Ciliciam
725 2269 744 2289 a
778 2259 927 2292 Messala
963 2264 1117 2303 pacatam
1150 2269 1235 2292 esse.
1286 2258 1408 2300 Neque
1443 2257 1531 2289 enim
1564 2256 1630 2287 alia

281 2320 334 2353 liic
360 2321 434 2352 loca
460 2331 649 2355 memorare
677 2324 807 2366 potuit,
846 2336 947 2367 quam
981 2336 1069 2369 quae
1104 2335 1221 2358 revera
1256 2324 1371 2367 attigit
1402 2322 1470 2356 dux
1495 2323 1624 2354 Roma-

282 2398 358 2421 nus.
383 2406 429 2413 —-
473 2388 639 2422 tacitis
673 2391 841 2424 leniter
876 2392 1006 2426 undis
1042 2391 1212 2435 serpis,
1253 2390 1295 2424 cf.
1320 2388 1449 2423 dehac
1474 2388 1628 2420 cumula-

280 2457 369 2488 tione
404 2456 445 2487 ad
484 2456 508 2495 ’1,
545 2458 579 2496 5,
615 2459 671 2489 65.
732 2458 830 2492 Adde
869 2460 912 2493 de
950 2459 1060 2492 verbis
1095 2459 1329 2491 11111581111111Ν
1364 2456 1404 2488 ad
1443 2455 1565 2488 Horat.
1605 2455 1626 2494 Ιτ

280 2525 336 2561 31,
364 2526 395 2554 7.
426 2540 468 2546 —
497 2521 748 2556 Caeruleus
773 2525 813 2557 ad
842 2536 961 2569 purum
988 2526 1137 2558 colorem
1161 2526 1294 2566 spectat
1320 2521 1430 2561 fluvii,
1456 2520 1512 2563 qui
1539 2520 1624 2552 Ovi-

285 2599 344 2620 mo
372 2590 443 2621 An.
473 2591 543 2621 Am.
572 2588 630 2621 111.
654 2591 734 2623 204.
761 2590 901 2624 lucidus
927 2592 1057 2625 dicitur.
1108 2590 1167 2623 Sic
1201 2588 1301 2622 etiam
1335 2588 1424 2631 apud
1459 2590 1628 2621 &turon

1717 191 1721 224 ’1
