1721 2953
491 175 634 216 Llssl‘t.
664 174 735 214 III.
794 172 952 215 ELEG.
982 175 1036 217 V.
1365 182 1444 219 3137

106 293 144 327 ⁷8¹,
167 295 218 327 17,
248 295 300 327 18.
326 291 531 327 Natalem
556 291 697 334 primo
722 294 922 325 nostrum
949 291 1106 326 videre
1132 296 1345 336 parentes
1369 303 1444 337 sqq,

102 363 200 393 Anno
226 360 318 393 urbis
345 362 426 393 711.
461 358 593 392 Hirtius
626 362 662 390 et
696 357 811 390 Pansa
844 359 1000 391 consules
1035 359 1127 392 bello
1162 359 1347 393 Mutinensi
1380 370 1444 404 pe-

100 427 248 467 rierunt,
282 429 320 458 ut
345 428 498 466 constat3
532 428 604 457 tum
639 424 743 466 igitur
776 424 920 468 primum
952 425 1042 458 visus
1077 429 1129 459 est
1161 425 1281 458 natalis
1306 429 1443 469 poetae,

100 502 168 534 quo
203 495 357 534 tempore
392 490 495 524 etiam
528 491 684 523 Ovnmfs
717 500 756 522 se
787 493 903 522 natum
937 494 1082 524 testatur
1113 492 1217 526 Trist.
1242 492 1303 534 IV,
1328 495 1384 535 10,
1408 496 1442 527 6.,

100 559 322 601 trans-scripto
347 556 412 591 hoc
437 558 512 601 ipso
536 560 762 601 pentametro.
811 557 891 590 Fuit
911 557 1120 600 Lygdamus,
1147 563 1184 591 ut
1205 558 1309 600 vides,
1335 559 1443 592 multo

100 626 212 658 iunior
237 625 396 666 Tibullo,
429 624 490 657 sed
526 625 600 657 eius
636 625 764 658 amicus
797 624 937 667 opium-3
979 635 1054 658 eum
1088 626 1139 658 vel
1166 629 1245 658 ante
1269 625 1443 658 Tibullum

101 695 268 724 mortuum
295 690 423 732 rideri,
462 691 650 734 significavi
675 693 709 725 in
735 692 981 724 Dissertatione
1006 691 1048 725 de
1076 693 1155 726 Vita
1181 692 1320 726 Tibulli.
1370 691 1441 726 Sed

98 756 179 789 alias
205 755 259 789 hic
284 757 378 789 locus
407 756 655 800 disputationes
680 757 843 790 excitavit
869 767 1010 799 eorum,
1050 758 1107 800 qui
1132 756 1215 791 haec
1246 758 1395 791 carmina
1419 768 1441 792 a

97 823 237 858 Tibullo
264 825 390 868 scripta
415 825 603 869 putabant3
630 835 704 857 nam
731 825 784 857 vel
810 827 943 856 mutare
970 825 1024 857 vel
1050 825 1172 857 eiicere
1197 835 1274 858 eum
1298 824 1442 858 studue-

96 895 174 924 runt
199 893 374 933 certatim,
407 903 448 925 ac
480 893 665 926 Sronmus
701 891 788 925 adeo
822 892 887 925 tria
921 890 1004 925 haec
1038 891 1180 926 disticha
1215 892 1265 935 (v,
1293 893 1440 937 15-20)

97 968 271 991 removere
309 959 486 992 laboravit.
542 959 614 992 Sed
652 959 787 992 frustra.
849 959 961 992 Affert
998 959 1143 1002 primum
1182 963 1316 1003 poetam
1355 958 1443 992 infra

96 1034 127 1057 ν.
153 1027 198 1056 23
224 1035 297 1067 sqq.
332 1025 456 1059 iterum
489 1026 680 1068 significare
714 1027 927 1060 iuventutem
960 1036 1075 1060 suam:
1116 1026 1149 1058 in
1174 1036 1241 1068 quo
1266 1036 1333 1059 non
1356 1025 1442 1058 vidit

98 1089 199 1122 etiam
234 1091 464 1133 precationem
499 1093 608 1135 repeti
641 1096 680 1125 ut
712 1096 831 1136 parcat
866 1092 998 1135 Orcus,
1040 1096 1075 1126 et
1099 1093 1235 1126 omnino
1261 1103 1336 1126 eam
1361 1102 1439 1126 esse

97 1153 236 1188 formam
263 1156 439 1198 carminis,
472 1161 512 1189 ut
536 1157 675 1190 alterius
701 1158 807 1201 partis
833 1159 1009 1191 consilium
1034 1158 1068 1191 in
1095 1159 1298 1203 repetitione
1323 1169 1440 1192 verse-

97 1226 161 1253 tur.
211 1222 321 1254 Atl'ert
347 1221 468 1255 deinde
493 1221 536 1254 ad
561 1222 689 1255 amicos
714 1222 837 1264 scribi,
863 1223 922 1265 qui
948 1224 1103 1256 noverint
1128 1228 1275 1257 aetatem
1301 1227 1440 1267 poetae,

94 1300 156 1322 nec
182 1289 265 1331 diis,
300 1290 356 1332 qui
381 1290 622 1333 implorentur,
658 1300 732 1323 eam
759 1290 920 1332 ignotam.
971 1290 1044 1323 Sed
1069 1289 1123 1324 hic
1148 1301 1215 1324 non
1240 1290 1442 1324 recordatur

96 1365 197 1396 quam
222 1365 328 1397 saepe
353 1355 592 1397 usurpaverint
616 1359 750 1387 veteres
772 1351 814 1386 τι)
837 1351 922 1399 πρός
947 1352 1082 1393 εἰδότας
1112 1356 1236 1398 λέγειν,
1271 1356 1363 1400 quod
1388 1356 1442 1389 di-

95 1421 192 1454 citur.
241 1420 312 1453 lam
340 1419 576 1453 Andromacha
602 1420 651 1453 sic
677 1421 854 1463 peccavit,
884 1421 913 1454 si
938 1419 1001 1454 hoc
1027 1425 1079 1454 est
1105 1432 1268 1465 peccare,
1301 1433 1442 1455 narrans

94 1487 189 1521 Hom.
214 1487 254 1520 ll.
282 1487 342 1529 w,
365 1488 434 1520 414
457 1498 531 1530 sqq.
558 1486 719 1529 Hectori,
755 1498 844 1530 quae
869 1486 922 1520 hic
946 1487 1087 1520 sciebat.
1147 1487 1236 1521 Vide
1262 1491 1442 1531 praeterea

94 1563 155 1586 nos
181 1551 223 1586 ad
248 1553 408 1586 Pmmn.
432 1552 535 1596 Pyth.
561 1552 621 1594 IV,
657 1565 692 1596 p.
716 1555 800 1586 222.
848 1552 944 1595 Ergo
970 1553 1093 1586 talibus
1119 1553 1330 1595 argumentis
1357 1551 1438 1586 nihil

93 1618 248 1651 efficitur.
308 1619 470 1650 Ceterum
503 1611 641 1650 minime
674 1617 775 1649 laudo
809 1617 1046 1659 Lygdamum,
1083 1618 1176 1660 quod
1208 1619 1318 1661 ipsum
1351 1617 1439 1652 adeo

93 1693 216 1717 annum
248 1684 396 1716 natalem
428 1683 555 1716 indicat
589 1683 691 1716 nimia
718 1683 917 1726 diligentia,
955 1683 1171 1717 sufficiebant
1194 1685 1229 1717 in
1253 1684 1348 1728 poesi
1374 1695 1438 1727 ge-

93 1749 219 1784 neralia
245 1749 354 1791 dictag
395 1748 454 1782 sed
481 1747 544 1782 lioc
572 1748 726 1781 eiusdem
752 1751 805 1781 est
831 1747 967 1790 iudicii,
997 1748 1051 1781 cui
1087 1752 1138 1781 tot
1163 1749 1229 1782 alia
1253 1748 1439 1792 reprelien-

91 1817 185 1849 sione
219 1816 320 1858 digna
353 1816 387 1849 in
418 1813 469 1848 his
503 1816 623 1858 elegiis
657 1815 832 1848 debemus.
882 1815 1039 1849 Tertium
1065 1816 1221 1849 Sronmr
1253 1826 1438 1859 argumen-

92 1885 162 1914 tum
187 1881 229 1914 ad
255 1880 432 1923 sequentia
457 1880 657 1915 videbimus.
707 1881 853 1914 Meliora
873 1885 986 1915 autem
1008 1892 1109 1925 quam
1130 1883 1316 1916 Sronmus
1336 1893 1437 1917 nemo

93 1951 212 1981 contra
245 1946 334 1979 hunc
359 1947 471 1979 locum
500 1947 654 1990 protulit.
680 1963 727 1972 —
764 1947 806 1980 V.
835 1949 891 1980 19.
917 1949 976 1982 20.
1024 1946 1138 1980 Etiam
1170 1946 1235 1981 hoc,
1269 1947 1436 1982 distichon

91 2014 239 2048 reddidit
265 2016 372 2047 Ovm.
398 2014 474 2047 Am.
500 2013 546 2056 ΙΙ,
573 2016 629 2056 14,
647 2016 705 2047 23.
729 2015 788 2048 24.
813 2013 1035 2047 fraudare
1059 2014 1192 2048 vitem
1226 2025 1435 2050 crescen-

91 2081 213 2114 tibus
239 2081 336 2113 uvis
362 2084 434 2113 est:
467 2079 652 2124 decerpere
678 2090 759 2113 uvas
784 2080 999 2124 immaturas,
1024 2081 1067 2115 de
1093 2092 1158 2124 qua
1183 2083 1437 2126 comparatione

90 2148 168 2181 vide
193 2147 548 2180 Mmswanmcmun
575 2146 618 2180 ad
644 2147 766 2181 Horat.
789 2147 834 2188 11,
860 2149 893 2189 5,
921 2149 978 2184 lo.
1025 2147 1124 2181 Adde
1149 2149 1333 2182 Auctorem
1361 2150 1438 2193 epi-

89 2215 285 2257 grammatis
309 2216 366 2247 98.
414 2214 584 2247 Alvrnon·
609 2214 679 2247 Gn.
705 2213 805 2248 Tom.
831 2214 874 2247 II.
897 2226 930 2258 p.
955 2217 1037 2249 791.
1062 2215 1217 2250 1acobs.:
1256 2217 1434 2262 δακρυχα-

90 2276 153 2325 ρὴς
177 2275 365 2319 Πλούτων,
399 2275 440 2311 οὗ
469 2274 783 2318 πνεύματαῇπάντα
807 2276 947 2324 βρότεια
970 2281 1035 2313 Σοὶ
1056 2282 1211 2323 ’νέμει-αις
1246 2285 1282 2314 τί
1305 2284 1434 2328 τρινγίῖς

91 2344 248 2386 ἴμᾳακας
282 2341 436 2390 ἡλικίης-ς
483 2346 645 2380 Ceterum
672 2346 856 2392 fraudare
891 2351 943 2380 est
976 2348 1112 2381 omnino
1145 2349 1297 2392 privare,
1344 2348 1433 2384 cons.

89 2413 218 2447 Mun-x.
237 2411 281 2445 ad
299 2411 430 2455 Hygin.
451 2411 519 2446 sab.
538 2415 596 2447 89.
615 2430 659 2438 —
683 2414 795 2447 mala
820 2424 965 2456 manu,
991 2418 1146 2457 nocente,
1172 2416 1373 2459 perniciosa.
1387 2434 1433 2440 —

89 2477 274 2511 Sronmus
300 2477 402 2511 etiam
428 2476 493 2511 hoc
526 2475 693 2511 distichon
719 2479 916 2522 impugnat,
953 2483 988 2512 et
1012 2480 1174 2514 insertum
1201 2485 1317 2525 putat3
1355 2492 1431 2516 nam

89 2548 282 2578 crescentes
307 2555 389 2578 uvas
415 2549 450 2579 et
476 2544 578 2579 modo
612 2549 693 2579 nata
727 2546 814 2580 mala
847 2546 1012 2590 puerilem
1046 2551 1194 2581 aetatem
1227 2548 1430 2590 significare,

89 2619 167 2642 cum
191 2613 304 2642 tamen
327 2619 358 2645 v.
385 2613 418 2643 6-
452 2614 554 2655 poeta
579 2610 735 2644 iuvenem
759 2621 798 2644 se
825 2610 928 2645 dicat.
977 2614 1025 2646 At
1054 2613 1142 2647 enim
1168 2614 1202 2647 in
1227 2614 1353 2647 affectu
1378 2614 1431 2646 10-

91 2676 205 2719 quitur
235 2675 454 2721 Lygdamus,
487 2688 552 2713 nec
583 2678 631 2712 ita
663 2677 778 2723 urgeri
813 2678 914 2713 verba
941 2689 1000 2713 sua
1025 2679 1144 2714 voluit.
1203 2679 1430 2715 Concedimus
