1721 2953
516 176 654 217 [ΑΒΗ.
687 177 760 217 lv.
819 176 986 217 cARM.
1019 179 1052 219 1.
1193 163 1200 167 *
1368 184 1447 218 395

1117 228 1124 243 Χ

107 290 187 324 dare
222 291 342 323 litteris
374 293 408 323 et
442 289 645 325 describere.
696 288 840 323 Constat
865 295 982 322 texere
1005 293 1084 324 oum
1108 290 1305 334 compositis
1335 293 1445 323 meta*

107 357 244 400 phorice
267 357 392 390 dictum
418 356 460 389 de
483 356 629 399 scriptis,
654 354 698 388 cf.
722 355 952 389 Bnoucmms.
978 356 1062 389 infra
1088 355 1130 389 ad
1156 366 1186 390 v.
1211 357 1292 388 211.
1342 355 1448 388 Com--

107 427 203 466 parat
240 423 508 455 k'oncssnnmms
544 423 681 456 Petron.
712 424 800 455 118:
847 423 993 455 Sensum
1029 422 1233 456 teneriorem
1269 420 1449 454 verboram

106 486 240 518 ambita
263 486 429 521 intexuit.
479 486 576 520 Adde
601 487 701 520 etiam
726 486 885 519 PINDAR.
912 487 1025 522 Isthm.
1048 488 1075 530 I,
1105 491 1168 522 16:
1193 484 1369 532 ἐναρμόξαι
1393 502 1450 525 μιν

106 546 219 594 ὕμνῳ,
257 555 293 584 et
327 551 481 585 CALLIM.
507 552 540 584 iu
567 552 640 584 Del.
665 553 733 584 28:
770 552 798 583 εἰ
830 551 867 582 δὲ
894 552 966 596 λίην
992 553 1104 594 scol-{2²9
1129 566 1164 586 σε
1188 549 1450 599 περιτροχόωσιν

105 613 240 657 ἀοιδαί,
274 621 355 663 ποίῃ
379 619 532 655 Samii&
559 629 613 658 σες
638 636 684 643 -—-
723 617 862 650 dictis
894 622 942 651 ut
973 629 1058 652 non
1091 620 1260 652 maiora
1295 629 1450 663 super—

105 683 205 717 sint.
255 684 384 717 Auctor
408 684 551 718 Rhetor.
586 684 628 717 ad
656 683 830 717 Hssnssmv.
855 683 917 725 Ill,
945 686 986 717 6:
1033 684 1144 716 vereri
1177 696 1258 721 nos,
1295 695 1337 716 ne
1371 696 1449 716 cam

106 750 222 783 multa
255 751 463 788 dixerimus,
505 751 615 795 plura
643 756 931 795 praetereamus,
976 751 1066 793 quod
1110 751 1241 784 confert
1279 752 1451 785 Vum‘ms.

107 818 178 851 Sed
203 822 320 852 noster
342 820 463 852 melius
489 818 584 852 dixit.
608 835 654 842 —-
693 817 775 851 Est
804 817 938 852 nobis
973 819 1176 852 voluisse
1210 820 1337 853 satis.
1389 819 1449 852 Af-

108 885 219 919 l'erunt
244 886 404 920 Vunrrns
435 890 470 919 et
500 885 671 919 HnYNms
707 886 889 928 Panegyr..
913 885 954 918 ad
991 886 1106 919 Pison.
1132 897 1162 920 v.
1187 889 1277 920 202:
1316 885 1451 931 Quodsi

107 949 216 996 digna
249 935 331 983 tua!
351 950 465 984 minus
500 957 552 985 est
589 963 665 983 mea
696 953 835 998 pagina
868 951 996 994 laude,
1031 953 1085 985 At
1114 951 1265 989 voluisse
1290 937 1351 986 sat
1383 959 1448 988 est,

107 1008 262 1049 animani
293 1029 374 1050 non·
395 1017 552 1050 carmina
585 1018 690 1052 iacto.
717 1038 762 1043 —
811 1020 853 1054 V.
878 1022 901 1051 8
932 1030 1006 1062 sqq.
1057 1013 1348 1063 comprobaturus
1386 1017 1451 1051 diis

107 1083 188 1126 ipsis
214 1094 352 1117 munera
377 1095 481 1128 parva
508 1086 664 1128 placere,
698 1086 855 1130 exempla
882 1097 901 1119 e
926 1086 1135 1129 mythologia
1161 1086 1246 1129 petit
1272 1085 1373 1126 talia,
1407 1085 1449 1118 de

107 1150 230 1192 quibus
249 1151 284 1184 in
306 1150 370 1185 hoc
393 1158 593 1195 argumento
618 1163 717 1186 nemo
739 1153 838 1187 facile
859 1154 1073 1195 cogitaverit.
1123 1153 1279 1195 Castigat
1300 1152 1450 1196 ineptam

75 1242 77 1244 -
98 1217 332 1251 eruditionem
366 1223 488 1262 poetae
521 1220 622 1253 etiam
648 1221 810 1253 BAcmus
834 1221 867 1254 in
893 1220 1048 1264 Epistola
1073 1219 1190 1253 critica
1217 1228 1294 1261 pag.
1321 1219 1378 1251 33.
1408 1235 1451 1240 -—

108 1281 292 1316 Phoebo
325 1283 586 1326 gratissima
619 1284 731 1318 dona
767 1286 875 1318 Cres
909 1285 1027 1319 tulit.
1077 1285 1270 1317 Hermus:
1314 1283 1449 1324 „Unice

109 1357 188 1379 vera
223 1352 275 1380 est
304 1348 465 1381 Bfflmnn
497 1350 667 1382 sententia
700 1349 842 1383 Advers.
873 1350 936 1392 IlI,
967 1353 999 1383 6.
1041 1349 1188 1382 fabulam
1224 1349 1267 1382 ab
1294 1347 1451 1380 Homssno

97 1407 139 1446 'in
165 1407 288 1454 Hy-mn.
315 1413 348 1446 in
366 1414 486 1457 Apoll.
511 1416 580 1447 391
605 1425 678 1457 sqq.
706 1419 927 1448 memoratam
954 1416 1089 1458 respici.
1147 1407 1338 1458 Apollinem
1374 1424 1450 1446 cum

107 1479 222 1514 occiso
255 1479 413 1522 Pythone
447 1482 612 1525 templum
649 1481 879 1523 condidisset,
916 1471 960 1514 eir
996 1472 1153 1515 omnibus
1187 1481 1252 1514 sibi
1288 1484 1454 1513 terrarum

106 1545 242 1587 incolis,
278 1546 335 1589 qui
367 1557 464 1579 sacra
498 1546 669 1589 facerent,
706 1546 858 1581 homines
893 1546 1057 1590 quosdam
1091 1547 1216 1591 probos
1242 1558 1282 1580 ac
1309 1547 1384 1590 pios
1410 1557 1454 1580 ex

109 1613 250 1653 Gnoso,
285 1612 410 1645 Cretae
442 1612 546 1653 urbe,
582 1608 762 1654 delegisse.
812 1612 887 1645 Hos
913 1622 975 1655 per
1000 1612 1159 1654 Cretem,
1195 1612 1346 1657 Κρῆτα,
1380 1613 1455 1645 col-

109 1677 229 1709 lective
262 1677 424 1719 singulari
462 1687 603 1710 numero
651 1677 811 1711 declarat.
877 1678 915 1711 In
949 1677 1009 1711 hac
1036 1679 1203 1711 sententia
1236 1679 1455 1721 acquiescunt

108 1741 211 1773 etiam
237 1741 518 1774 Bnoucxuusms
545 1746 581 1775 et
606 1743 801 1776 VULP1US.“
850 1743 1014 1777 Fabulam
1049 1745 1189 1787 exponit
1220 1745 1321 1777 etiam
1347 1744 1454 1778 Mi'm-

111 1817 224 1840 mfflus
260 1808 349 1842 Hist.
378 1809 533 1842 Doriens.
559 1809 601 1843 T.
627 1810 653 1842 Ι.
681 1822 715 1854 p.
743 1812 824 1843 210.
861 1814 897 1843 et
922 1810 1111 1843 Honcxms
1135 1811 1167 1843 in
1194 1811 1299 1844 Creta
1323 1811 1366 1844 T.
1389 1811 1453 1844 111.

109 1886 142 1917 p.
172 1876 237 1907 149
262 1886 336 1918 sqq.
386 1876 612 1909 Locutionem
638 1887 718 1910 vero
745 1875 836 1908 dona
861 1876 975 1920 ferre,
999 1887 1087 1920 quac
1112 1877 1154 1910 ad
1180 1877 1345 1910 sacrificia
1372 1887 1451 1920 per-

109 1939 213 1981 tinet,
248 1950 325 1973 cum
350 1941 575 1974 PAssuRA'rm
601 1941 884 1974 Bnoucxnusms
916 1942 1080 1983 illustrat,
1114 1953 1316 1986 comparans
1342 1943 1450 1975 Vme.

110 2007 194 2039 Aen.
221 2007 262 2048 V,
289 2010 368 2040 101.
396 2007 471 2050 vll,
496 2010 552 2041 86.
577 2008 653 2042 alia.
677 2026 724 2033 —
757 2008 930 2042 Icarus.
979 2009 1159 2043 Vmerus:
1187 2009 1278 2051 „Hic
1303 2009 1451 2042 Atticam

108 2073 289 2106 incolebat.
341 2073 426 2106 Cum
461 2084 541 2107 vero
567 2073 723 2108 Bacchus
759 2075 826 2108 vini
853 2076 1033 2113 utilitatem
1060 2080 1095 2109 et
1119 2077 1319 2110 suavitatem
1344 2075 1454 2110 homi—

110 2140 209 2173 nibus
234 2143 432 2173 ostensurus
458 2142 745 2184 peregrinaretur,
772 2141 815 2175 ad
842 2141 974 2176 Icarum
997 2140 1155 2184 devertit,
1181 2143 1239 2185 qui
1263 2152 1340 2176 eum
1364 2138 1451 2174 lihe-

110 2206 225 2238 raliter
249 2205 395 2249 hospitio
421 2208 570 2251 excepit.
620 2209 713 2241 Deus
747 2207 915 2252 hospitem
940 2213 1016 2244 utre
1048 2211 1126 2243 vino
1160 2210 1261 2254 pleno
1293 2219 1452 2243 remune-

109 2276 202 2304 ratus
237 2276 309 2313 est,
347 2273 512 2315 iussitque
545 2278 582 2307 ut
616 2274 658 2308 ad
692 2276 853 2309 finitimos
885 2276 962 2309 vitis
995 2277 1160 2311 sationem
1187 2288 1227 2311 ac
1253 2276 1454 2310 vindemiam

110 2343 327 2382 propagaret.
375 2340 490 2374 Icarus
527 2341 649 2375 deinde
684 2347 825 2376 onerato
860 2344 1012 2387 plaustro
1046 2354 1122 2378 cum
1149 2344 1302 2387 Erigone
1326 2344 1396 2377 filia
1420 2349 1455 2377 et

109 2415 194 2439 cane
218 2406 337 2439 Maera
372 2406 414 2440 ad
448 2408 576 2442 vicinos
609 2409 774 2452 quosdam
811 2414 965 2454 pastores
999 2410 1108 2452 venit,
1146 2414 1181 2443 et
1214 2420 1291 2444 cum
1325 2410 1366 2442 iis
1400 2408 1453 2441 dei

109 2483 228 2506 munus
251 2475 522 2509 communicavit.
571 2476 733 2510 Pastores
759 2488 836 2512 cum
862 2477 1114 2511 immoderatius
1140 2478 1314 2520 bibissent,
1340 2477 1454 2511 ebrie—

111 2545 180 2574 tate
207 2543 355 2585 correpti
379 2547 466 2576 sunt.
516 2544 681 2578 Putantes
715 2546 820 2588 igitur
853 2545 917 2578 sibi
950 2555 1115 2579 venenum
1149 2545 1287 2586 datum,
1320 2545 1451 2578 Icarum

111 2605 256 2640 fustibus
279 2608 478 2641 occiderunt
503 2614 538 2642 et
563 2610 709 2644 cadaver
731 2611 1162 2656 insepultumabiecerunt.
1212 2611 1314 2645 Canis
1339 2614 1451 2643 autem

111 2672 143 2703 id
179 2672 350 2715 Erigonae
387 2676 604 2717 monstravit,
644 2686 730 2719 quae
769 2677 799 2710 in
841 2677 963 2710 arbore
1002 2676 1157 2720 proxima
1193 2686 1231 2710 se
1265 2673 1450 2719 suspendit.
