1721 2953
329 105 409 140 262
641 97 1012 143 (JOMMENTAR.
1041 102 1100 143 IN
1131 103 1358 145 TIBULLI

330 215 521 258 significans
555 215 703 250 colorem
739 216 836 252 ianae
872 221 1059 255 naturalem
1096 232 1157 266 per
1181 233 1217 255 se
1243 231 1379 256 suavem
1417 226 1452 257 et
1484 223 1672 268 pulchrum.

330 282 472 315 Constat
505 291 586 316 vero
620 283 785 327 imprimis
820 285 987 320 Milesiam
1023 288 1205 331 purpureis
1230 288 1381 322 vestibus
1406 288 1602 324 adhibitam.
1627 309 1674 315 —

330 347 482 379 Observa
505 347 651 390 denique
676 351 964 386 constructionem
990 357 1178 395 mutatam3
1214 365 1290 388 uam
1317 358 1395 399 post
1420 355 1543 389 verba:
1583 356 1675 399 qui-

329 421 502 454 cunque
538 413 654 456 legit
689 415 958 460 viridesque
984 419 1269 462 smaragdos,
1305 423 1560 466 exspectaveris
1583 423 1674 456 aliud

328 479 395 511 tale
420 478 686 523 substantivum,
718 481 809 524 quod
835 482 940 516 verbo
969 483 1055 529 legit
1081 486 1375 520 accommodatum
1401 488 1464 529 sit,
1499 498 1588 520 nunc
1613 497 1676 520 au-

328 550 394 579 tem
421 557 543 580 novum
570 548 708 582 verbum
736 548 848 584 infert.
897 550 1009 584 Causa
1034 551 1226 585 anacoluthi
1253 557 1384 596 aperta.
1435 554 1512 587 Non
1538 558 1675 598 poterat

327 612 392 646 dici
417 612 572 660 legitque
609 620 643 648 et
677 615 812 661 tinguit
828 638 836 653 ,
872 618 950 660 quia
978 619 1026 651 vis
1052 619 1167 661 potior
1192 619 1384 652 sententiae
1407 630 1474 652 non
1505 621 1539 653 in
1564 620 1676 653 verbis

327 683 398 721 est,
424 680 483 713 sed
511 682 543 714 in
568 682 729 715 subiectis
753 686 788 716 et
814 683 938 725 rebus,
968 694 1056 726 quae
1082 688 1260 728 repertae3
1285 695 1392 728 quare
1417 696 1494 719 curn
1520 685 1674 719 subiecta

329 746 442 789 potius
476 748 560 790 erigi
597 748 779 791 deberent,
816 749 879 784 hoc
913 751 960 784 ita
994 751 1095 794 fecit,
1131 755 1169 785 ut
1195 751 1423 786 anacoluthon
1450 753 1525 786 leve
1549 752 1675 785 inferre

329 810 466 853 mallet,
503 822 602 855 quam
639 815 840 849 sententiam
875 816 906 849 vi
939 817 1132 850 necessaria
1165 818 1311 861 privare.
1361 819 1473 861 Atque
1499 819 1546 851 ita
1572 829 1675 861 saepe

327 878 514 921 scriptores
540 880 766 915 anacoluthon
803 882 1001 926 praeferunt
1026 887 1167 927 propter
1191 885 1399 926 sententias,
1434 895 1522 927 quae
1547 885 1604 927 qui
1631 895 1675 917 ex

328 944 538 987 negligentia
574 946 746 988 derivant,
788 948 951 981 falluntur
984 949 1136 991 egregie.
1165 969 1208 975 -—
1249 950 1290 983 V.
1314 952 1360 982 29
1382 960 1432 992 sq.
1483 950 1569 982 Hic
1603 949 1678 982 dat

326 1011 551 1044 avaritiae
589 1023 770 1054 causas,
809 1012 839 1046 h.
872 1024 903 1046 e.
939 1015 1110 1056 origines,
1138 1015 1288 1055 semina,
1323 1014 1545 1055 nutrimenta,
1578 1014 1675 1047 adiu-

327 1081 460 1119 menta,
485 1083 523 1110 ut
548 1078 721 1111 Hem-ms
748 1078 849 1120 vidit,
874 1079 930 1121 qui
957 1080 1126 1122 explicat:
1159 1078 1235 1113 hinc
1263 1080 1391 1121 oritur,
1415 1085 1589 1122 movetur,
1614 1082 1677 1114 ali-

327 1145 382 1174 tur
406 1142 567 1185 avaritia,
598 1154 799 1187 comparans
825 1144 934 1178 Ovm.
962 1146 1094 1179 Amorr.
1121 1145 1166 1186 11,
1194 1148 1249 1187 17,
1277 1150 1384 1180 extu:
1416 1146 1560 1191 Ingenio
1589 1158 1678 1179 cau-

327 1218 388 1238 sas
411 1213 452 1239 ta
480 1206 580 1241 dabis
607 1220 680 1241 una
707 1221 800 1245 meo,
839 1208 870 1244 h.
899 1221 928 1244 e.
962 1211 1158 1253 materiam,
1184 1216 1385 1254 argumenta
1411 1213 1617 1254 carminum,
1643 1216 1678 1246 el:

328 1273 421 1307 Fast.
443 1273 503 1316 IV,
530 1277 586 1307 96.
623 1274 666 1308 de
700 1276 855 1310 Venere:
900 1275 971 1307 Illa
1003 1275 1096 1308 salis·
1131 1288 1260 1309 causas
1287 1275 1542 1322 arboribusque
1569 1277 1677 1312 dedit.

330 1339 488 1372 Vunmus
518 1340 604 1372 male
639 1341 876 1374 excusationes
911 1341 1136 1383 intelligebat.
1188 1342 1310 1375 Lectio
1344 1343 1491 1385 denique
1527 1354 1677 1385 quorun-

329 1405 406 1439 dam
432 1404 592 1439 librorum
619 1404 780 1438 ,stimulos
805 1405 1142 1450 interpretamentum
1169 1411 1242 1449 est,
1278 1418 1340 1441 nec
1365 1407 1514 1442 debebat
1538 1409 1677 1443 defendi

329 1487 344 1506 n
374 1474 644 1508 Bnoncxmrsm.
673 1493 717 1498 ——
765 1473 851 1507 Coa
887 1475 1059 1516 vestis,
1097 1474 1142 1509 cf.
1176 1475 1222 1516 ΙΙ,
1255 1478 1289 1517 3,
1325 1478 1383 1510 53.
1409 1494 1453 1500 ——
1495 1476 1678 1518 coneha,

330 1543 432 1575 bacca
459 1552 546 1584 «piae
575 1546 627 1574 est
650 1542 681 1574 in
707 1540 836 1574 concha
864 1540 1253 1586 (Illusclzelgewc'iclzs),
1278 1541 1321 1575 cf.
1349 1541 1479 1576 Hssms.
1507 1542 1549 1575 ad
1577 1543 1676 1576 Ouid.

328 1609 400 1640 Art.
431 1609 504 1640 Am.
533 1607 593 1648 111,
620 1609 698 1640 124.
749 1606 992 1648 Intelliguntur
1025 1607 1231 1648 margaritae
1265 1616 1292 1640 s,
1328 1607 1493 1648 uniones,
1524 1612 1562 1640 ut
1595 1619 1677 1641 con-

329 1676 407 1705 stat.
457 1672 623 1705 Similiter
647 1671 709 1712 ΠΙ,
735 1673 766 1710 3,
793 1673 848 1705 17.
873 1689 921 1695 —-
945 1681 964 1703 e
990 1670 1125 1703 rubro
1151 1671 1279 1713 mari,
1304 1671 1394 1715 apud
1423 1671 1536 1714 ludos,
1563 1671 1606 1705 cf.
1634 1674 1678 1713 ll,

328 1741 361 1777 2,
390 1739 446 1771 15.
485 1756 514 1760 —
554 1737 735 1769 Postremo
770 1736 812 1769 de
843 1736 1090 1780 compositione
1125 1736 1259 1770 distichi
1297 1736 1384 1770 dico.
1436 1738 1521 1770 Cum
1555 1739 1678 1770 verba:

335 1801 402 1834 IIic
427 1801 491 1833 dat
517 1802 695 1834 avaritiae
720 1814 849 1835 causas
876 1814 924 1838 sc.
959 1805 1165 1837 ornamentis
1191 1804 1283 1846 istis,
1321 1804 1412 1838 dicta
1438 1804 1505 1837 siut
1530 1815 1580 1848 pr.
1612 1805 1679 1838 Hic

329 1878 415 1910 quae
441 1867 474 1901 iu
499 1867 646 1900 medium
672 1868 793 1910 affert,
819 1868 899 1901 dant
924 1870 1087 1903 avaritiae
1111 1881 1251 1912 causas,
1286 1870 1442 1903 adiunxit
1466 1870 1609 1904 deinde:
1645 1877 1679 1902 et

329 1935 398 1964 t'oa
424 1931 532 1964 vestis
557 1936 591 1961 et
616 1931 777 1966 conchas·
799 1942 862 1964 nec
889 1936 1002 1975 potest
1026 1933 1169 1976 intelligi
1196 1944 1361 1976 quaenam
1384 1933 1438 1967 hic
1463 1944 1587 1976 magna
1612 1934 1678 1966 dit'-

329 1998 461 2030 ficultas
486 1997 540 2029 sit.
592 1996 658 2029 Ubi
692 1997 744 2030 vel
783 2008 950 2041 personae
986 1999 1038 2031 vel
1073 2009 1127 2032 res
1163 1999 1330 2032 nominari
1362 2002 1525 2043 possunt,
1561 1999 1677 2041 quidni

330 2067 422 2096 recte
448 2063 549 2096 etiam
576 2072 760 2106 componas
786 2067 966 2106 utrumque
993 2065 1193 2107 praesertim
1215 2066 1245 2097 in
1268 2065 1521 2098 enumeratione
1542 2064 1681 2098 vivida?

329 2129 416 2162 Nam
445 2129 476 2161 in
513 2129 766 2180 enumeratione
801 2139 855 2161 res
888 2140 929 2162 ne
956 2130 1126 2163 minimam
1152 2130 1288 2173 quidem
1315 2131 1538 2164 offensionem
1565 2129 1677 2164 habet.

328 2196 398 2230 Sed
435 2196 535 2229 etiam
571 2196 614 2229 ob
648 2197 747 2230 aliam
781 2208 916 2230 causam
949 2198 1107 2230 Tibullus
1133 2198 1159 2239 Ι,
1187 2201 1241 2240 10,
1267 2201 1326 2231 25.
1352 2201 1409 2231 26.
1446 2198 1679 2241 significanter

329 2263 436 2295 Lares
469 2266 503 2296 et
538 2260 679 2296 hostiam
714 2264 746 2296 in
774 2275 839 2296 una
865 2265 1117 2298 constructione
1143 2265 1347 2309 composuit.
1405 2265 1547 2298 Frustra
1575 2265 1680 2306 igitur

328 2329 539 2363 Huscnst
574 2332 675 2362 Haec
712 2332 904 2364 emendavit
931 2336 989 2365 aut
1024 2333 1127 2370 IIoc;
1165 2343 1204 2365 ac
1231 2332 1305 2375 quis
1331 2342 1396 2365 non
1423 2331 1516 2364 videt
1540 2334 1575 2363 et
1602 2331 1678 2360 Hoc

328 2397 416 2429 male
441 2395 568 2428 dictum
601 2406 663 2440 pro
696 2396 885 2438 smaragdis
911 2401 945 2430 et
971 2407 1035 2430 ove
1062 2398 1189 2438 tincta,
1227 2401 1261 2429 et
1288 2398 1389 2428 Haec
1412 2404 1475 2438 pro
1501 2404 1565 2427 ove
1591 2394 1678 2435 sola,

329 2463 461 2496 omissis·
486 2463 702 2506 smaragdis?
745 2464 875 2498 Tamen
904 2466 1004 2497 Haec
1030 2466 1131 2499 etiam
1159 2465 1320 2498 memus
1346 2463 1486 2505 recepit·
1534 2462 1679 2495 Rectius

329 2527 484 2561 viderunt
509 2529 689 2570 Sam-ius,
717 2530 895 2571 VULPmS,
931 2528 1122 2570 ΗΕΥΝιυε,
1158 2528 1495 2569 Ψῑτκυεκιῐωῐης,
1531 2528 1679 2560 Gonnu-

329 2607 430 2631 nrcs.
458 2614 501 2619 ——-
548 2595 588 2630 V.
618 2599 656 2629 31
690 2608 761 2639 sqq.
815 2597 934 2630 Haec
970 2597 1125 2630 secere
1163 2596 1317 2630 malas.
1356 2606 1493 2633 avarus,
1528 2606 1679 2639 rapaces.
