<?xml version="1.0" encoding="UTF-8"?>
<!DOCTYPE html PUBLIC "-//W3C//DTD XHTML 1.0 Transitional//EN"
    "http://www.w3.org/TR/xhtml1/DTD/xhtml1-transitional.dtd">
<html xmlns="http://www.w3.org/1999/xhtml" xml:lang="en" lang="en">
 <head>
  <title>
</title>
<meta http-equiv="Content-Type" content="text/html;charset=utf-8" />
  <meta name='ocr-system' content='tesseract 3.04.00' />
  <meta name='ocr-capabilities' content='ocr_page ocr_carea ocr_par ocr_line ocrx_word'/>
</head>
<body>
  <div class='ocr_page' id='page_1' title='image "./carminaexrecensi00tibuuoft_0601.png"; bbox 0 0 1721 2953; ppageno 0'>
   <div class='ocr_carea' id='block_1_1' title="bbox 468 176 1412 221">
    <p class='ocr_par' dir='ltr' id='par_1_1' title="bbox 468 176 1412 221">
     <span class='ocr_line' id='line_1_1' title="bbox 468 176 1412 221; baseline 0.003 -3"><span class='ocrx_word' id='word_1_1' title='bbox 468 177 612 218; x_wconf 86' lang='lat' dir='ltr'>LIBR.</span> <span class='ocrx_word' id='word_1_2' title='bbox 642 177 693 217; x_wconf 90' lang='grc' dir='ltr'>Π.</span> <span class='ocrx_word' id='word_1_3' title='bbox 751 176 910 218; x_wconf 85' lang='lat' dir='ltr'><strong>ELEG.</strong></span> <span class='ocrx_word' id='word_1_4' title='bbox 939 177 992 220; x_wconf 94' lang='lat' dir='ltr'>V.</span> <span class='ocrx_word' id='word_1_5' title='bbox 1335 187 1412 221; x_wconf 73' lang='lat'>275</span> 
     </span>
    </p>
   </div>
   <div class='ocr_carea' id='block_1_2' title="bbox 65 291 1419 2725">
    <p class='ocr_par' dir='ltr' id='par_1_2' title="bbox 65 291 1419 2725">
     <span class='ocr_line' id='line_1_2' title="bbox 72 291 1414 337; baseline -0.001 -9"><span class='ocrx_word' id='word_1_6' title='bbox 72 294 276 329; x_wconf 83' lang='lat' dir='ltr'>mentionem</span> <span class='ocrx_word' id='word_1_7' title='bbox 315 294 387 328; x_wconf 87' lang='lat' dir='ltr'>fieri</span> <span class='ocrx_word' id='word_1_8' title='bbox 422 291 578 335; x_wconf 82' lang='lat' dir='ltr'><strong>Augusti.</strong></span> <span class='ocrx_word' id='word_1_9' title='bbox 628 291 779 324; x_wconf 86' lang='lat' dir='ltr'>Subesse</span> <span class='ocrx_word' id='word_1_10' title='bbox 811 293 924 325; x_wconf 90' lang='lat' dir='ltr'>tamen</span> <span class='ocrx_word' id='word_1_11' title='bbox 959 293 1085 336; x_wconf 83' lang='lat' dir='ltr'>aliquid</span> <span class='ocrx_word' id='word_1_12' title='bbox 1119 292 1264 329; x_wconf 87' lang='lat' dir='ltr'>disticho</span> <span class='ocrx_word' id='word_1_13' title='bbox 1304 305 1414 337; x_wconf 87' lang='lat' dir='ltr'>neque</span> 
     </span>
     <span class='ocr_line' id='line_1_3' title="bbox 70 356 1411 405; baseline 0.001 -10"><span class='ocrx_word' id='word_1_14' title='bbox 70 363 205 395; x_wconf 88' lang='lat' dir='ltr'>inanem</span> <span class='ocrx_word' id='word_1_15' title='bbox 229 364 383 395; x_wconf 87' lang='lat' dir='ltr'>ornatum</span> <span class='ocrx_word' id='word_1_16' title='bbox 407 357 461 392; x_wconf 90' lang='lat' dir='ltr'>hic</span> <span class='ocrx_word' id='word_1_17' title='bbox 486 356 625 400; x_wconf 84' lang='lat' dir='ltr'>haberi,</span> <span class='ocrx_word' id='word_1_18' title='bbox 650 362 688 391; x_wconf 93' lang='lat' dir='ltr'>ut</span> <span class='ocrx_word' id='word_1_19' title='bbox 713 357 788 391; x_wconf 91' lang='lat' dir='ltr'>aliis</span> <span class='ocrx_word' id='word_1_20' title='bbox 809 358 924 392; x_wconf 88' lang='lat' dir='ltr'>multis</span> <span class='ocrx_word' id='word_1_21' title='bbox 948 360 1081 394; x_wconf 80' lang='lat' dir='ltr'>videtur</span> <span class='ocrx_word' id='word_1_22' title='bbox 1107 362 1292 405; x_wconf 74' lang='lat' dir='ltr'>placuisse,</span> <span class='ocrx_word' id='word_1_23' title='bbox 1328 363 1411 396; x_wconf 85' lang='lat' dir='ltr'>satis</span> 
     </span>
     <span class='ocr_line' id='line_1_4' title="bbox 70 422 1415 472; baseline 0.001 -12"><span class='ocrx_word' id='word_1_24' title='bbox 70 427 172 460; x_wconf 89' lang='lat' dir='ltr'>docet</span> <span class='ocrx_word' id='word_1_25' title='bbox 215 424 424 470; x_wconf 88' lang='lat' dir='ltr'>praecedens</span> <span class='ocrx_word' id='word_1_26' title='bbox 464 423 604 458; x_wconf 81' lang='lat' dir='ltr'>verbum</span> <span class='ocrx_word' id='word_1_27' title='bbox 645 422 866 468; x_wconf 67' lang='lat' dir='ltr'>triumphali.</span> <span class='ocrx_word' id='word_1_28' title='bbox 924 425 982 458; x_wconf 90' lang='lat' dir='ltr'>Sic</span> <span class='ocrx_word' id='word_1_29' title='bbox 1026 426 1225 462; x_wconf 82' lang='lat' dir='ltr'>deducimur</span> <span class='ocrx_word' id='word_1_30' title='bbox 1268 439 1328 472; x_wconf 87' lang='lat' dir='ltr'>eo,</span> <span class='ocrx_word' id='word_1_31' title='bbox 1377 434 1415 462; x_wconf 93' lang='lat' dir='ltr'>ut</span> 
     </span>
     <span class='ocr_line' id='line_1_5' title="bbox 70 488 1416 536; baseline 0.001 -10"><span class='ocrx_word' id='word_1_32' title='bbox 70 494 191 526; x_wconf 87' lang='lat' dir='ltr'>iterum</span> <span class='ocrx_word' id='word_1_33' title='bbox 228 490 403 525; x_wconf 83' lang='lat' dir='ltr'>Messalini</span> <span class='ocrx_word' id='word_1_34' title='bbox 435 490 595 524; x_wconf 87' lang='lat' dir='ltr'>victorias</span> <span class='ocrx_word' id='word_1_35' title='bbox 628 488 759 522; x_wconf 85' lang='lat' dir='ltr'>futuras</span> <span class='ocrx_word' id='word_1_36' title='bbox 783 492 1047 533; x_wconf 81' lang='lat' dir='ltr'>praemonstrari</span> <span class='ocrx_word' id='word_1_37' title='bbox 1074 494 1254 536; x_wconf 84' lang='lat' dir='ltr'>magnifice</span> <span class='ocrx_word' id='word_1_38' title='bbox 1287 495 1416 528; x_wconf 86' lang='lat' dir='ltr'>intelli-</span> 
     </span>
     <span class='ocr_line' id='line_1_6' title="bbox 68 557 1414 606; baseline 0.004 -14"><span class='ocrx_word' id='word_1_39' title='bbox 68 569 200 603; x_wconf 86' lang='lat' dir='ltr'>gamus.</span> <span class='ocrx_word' id='word_1_40' title='bbox 249 559 400 594; x_wconf 80' lang='lat' dir='ltr'>Vossms</span> <span class='ocrx_word' id='word_1_41' title='bbox 433 558 570 602; x_wconf 88' lang='lat' dir='ltr'>quidem</span> <span class='ocrx_word' id='word_1_42' title='bbox 604 557 747 602; x_wconf 88' lang='lat' dir='ltr'>opponit</span> <span class='ocrx_word' id='word_1_43' title='bbox 780 557 999 592; x_wconf 84' lang='lat' dir='ltr'><strong>illustriorem</strong></span> <span class='ocrx_word' id='word_1_44' title='bbox 1024 569 1099 594; x_wconf 89' lang='lat' dir='ltr'>esse</span> <span class='ocrx_word' id='word_1_45' title='bbox 1125 563 1414 606; x_wconf 75' lang='lat' dir='ltr'>comparationem</span> 
     </span>
     <span class='ocr_line' id='line_1_7' title="bbox 68 624 1414 670; baseline 0.004 -11"><span class='ocrx_word' id='word_1_46' title='bbox 68 637 131 670; x_wconf 84' lang='lat' dir='ltr'>pro</span> <span class='ocrx_word' id='word_1_47' title='bbox 163 626 222 659; x_wconf 88' lang='lat' dir='ltr'>tali</span> <span class='ocrx_word' id='word_1_48' title='bbox 253 625 493 667; x_wconf 83' lang='lat' dir='ltr'>adolescente3</span> <span class='ocrx_word' id='word_1_49' title='bbox 526 628 563 658; x_wconf 92' lang='lat' dir='ltr'>at</span> <span class='ocrx_word' id='word_1_50' title='bbox 597 625 686 658; x_wconf 91' lang='lat' dir='ltr'>enim</span> <span class='ocrx_word' id='word_1_51' title='bbox 719 624 782 658; x_wconf 89' lang='lat' dir='ltr'>viri</span> <span class='ocrx_word' id='word_1_52' title='bbox 814 628 850 658; x_wconf 90' lang='lat' dir='ltr'>et</span> <span class='ocrx_word' id='word_1_53' title='bbox 882 627 1097 668; x_wconf 84' lang='lat' dir='ltr'>proconsulis</span> <span class='ocrx_word' id='word_1_54' title='bbox 1132 627 1236 662; x_wconf 83' lang='lat' dir='ltr'>futuri</span> <span class='ocrx_word' id='word_1_55' title='bbox 1263 629 1414 664; x_wconf 83' lang='lat' dir='ltr'>facinora</span> 
     </span>
     <span class='ocr_line' id='line_1_8' title="bbox 69 691 1414 739; baseline 0.002 -13"><span class='ocrx_word' id='word_1_56' title='bbox 69 693 311 736; x_wconf 84' lang='lat' dir='ltr'>designantur,</span> <span class='ocrx_word' id='word_1_57' title='bbox 350 697 385 726; x_wconf 90' lang='lat' dir='ltr'>et</span> <span class='ocrx_word' id='word_1_58' title='bbox 410 695 512 737; x_wconf 85' lang='lat' dir='ltr'>poeta</span> <span class='ocrx_word' id='word_1_59' title='bbox 536 691 571 726; x_wconf 87' lang='lat' dir='ltr'>id</span> <span class='ocrx_word' id='word_1_60' title='bbox 596 692 669 735; x_wconf 86' lang='lat' dir='ltr'>agit</span> <span class='ocrx_word' id='word_1_61' title='bbox 704 694 743 725; x_wconf 90' lang='lat' dir='ltr'>ut</span> <span class='ocrx_word' id='word_1_62' title='bbox 774 691 953 734; x_wconf 88' lang='lat' dir='ltr'>insigniter</span> <span class='ocrx_word' id='word_1_63' title='bbox 988 691 1131 727; x_wconf 85' lang='lat' dir='ltr'>honoret</span> <span class='ocrx_word' id='word_1_64' title='bbox 1157 695 1263 728; x_wconf 86' lang='lat' dir='ltr'>filium</span> <span class='ocrx_word' id='word_1_65' title='bbox 1294 696 1414 739; x_wconf 88' lang='lat' dir='ltr'>optimi</span> 
     </span>
     <span class='ocr_line' id='line_1_9' title="bbox 69 757 1415 802; baseline 0.004 -11"><span class='ocrx_word' id='word_1_66' title='bbox 69 759 224 802; x_wconf 81' lang='lat' dir='ltr'>patroni,</span> <span class='ocrx_word' id='word_1_67' title='bbox 249 757 292 792; x_wconf 91' lang='lat' dir='ltr'>de</span> <span class='ocrx_word' id='word_1_68' title='bbox 318 769 384 801; x_wconf 91' lang='lat' dir='ltr'>quo</span> <span class='ocrx_word' id='word_1_69' title='bbox 409 758 474 793; x_wconf 89' lang='lat' dir='ltr'>iam</span> <span class='ocrx_word' id='word_1_70' title='bbox 499 762 570 792; x_wconf 90' lang='lat' dir='ltr'>tum</span> <span class='ocrx_word' id='word_1_71' title='bbox 596 760 686 793; x_wconf 84' lang='lat' dir='ltr'>laeta</span> <span class='ocrx_word' id='word_1_72' title='bbox 710 759 924 802; x_wconf 81' lang='lat' dir='ltr'>exspectatio</span> <span class='ocrx_word' id='word_1_73' title='bbox 946 763 1028 792; x_wconf 87' lang='lat' dir='ltr'>erat.</span> <span class='ocrx_word' id='word_1_74' title='bbox 1081 761 1415 797; x_wconf 82' lang='lat' dir='ltr'>Quindecimviratus</span> 
     </span>
     <span class='ocr_line' id='line_1_10' title="bbox 70 823 1413 869; baseline 0.004 -13"><span class='ocrx_word' id='word_1_75' title='bbox 70 834 146 856; x_wconf 91' lang='lat' dir='ltr'>cum</span> <span class='ocrx_word' id='word_1_76' title='bbox 172 823 299 866; x_wconf 84' lang='lat' dir='ltr'>gradus</span> <span class='ocrx_word' id='word_1_77' title='bbox 324 823 367 857; x_wconf 88' lang='lat' dir='ltr'>ad</span> <span class='ocrx_word' id='word_1_78' title='bbox 392 824 523 857; x_wconf 86' lang='lat' dir='ltr'>maiora</span> <span class='ocrx_word' id='word_1_79' title='bbox 546 828 658 866; x_wconf 87' lang='lat' dir='ltr'>esset,</span> <span class='ocrx_word' id='word_1_80' title='bbox 691 823 775 857; x_wconf 90' lang='lat' dir='ltr'>haec</span> <span class='ocrx_word' id='word_1_81' title='bbox 799 824 994 858; x_wconf 88' lang='lat' dir='ltr'>necessario</span> <span class='ocrx_word' id='word_1_82' title='bbox 1020 828 1281 869; x_wconf 85' lang='lat' dir='ltr'>praemonstrari</span> <span class='ocrx_word' id='word_1_83' title='bbox 1307 827 1413 861; x_wconf 92' lang='lat' dir='ltr'>debe-</span> 
     </span>
     <span class='ocr_line' id='line_1_11' title="bbox 70 888 1414 937; baseline 0.004 -17"><span class='ocrx_word' id='word_1_84' title='bbox 70 889 151 922; x_wconf 86' lang='lat' dir='ltr'>bant</span> <span class='ocrx_word' id='word_1_85' title='bbox 175 889 207 922; x_wconf 93' lang='lat' dir='ltr'>in</span> <span class='ocrx_word' id='word_1_86' title='bbox 235 889 334 923; x_wconf 89' lang='lat' dir='ltr'>laude</span> <span class='ocrx_word' id='word_1_87' title='bbox 359 889 489 923; x_wconf 89' lang='lat' dir='ltr'>iuvenis</span> <span class='ocrx_word' id='word_1_88' title='bbox 513 899 534 923; x_wconf 86' lang='lat' dir='ltr'>e</span> <span class='ocrx_word' id='word_1_89' title='bbox 569 892 639 922; x_wconf 82' lang='lat' dir='ltr'>tam</span> <span class='ocrx_word' id='word_1_90' title='bbox 673 889 797 922; x_wconf 87' lang='lat' dir='ltr'>illustri</span> <span class='ocrx_word' id='word_1_91' title='bbox 833 888 956 931; x_wconf 88' lang='lat' dir='ltr'>domo,</span> <span class='ocrx_word' id='word_1_92' title='bbox 994 890 1096 933; x_wconf 89' lang='lat' dir='ltr'>idque</span> <span class='ocrx_word' id='word_1_93' title='bbox 1121 891 1158 924; x_wconf 86' lang='lat' dir='ltr'>fit</span> <span class='ocrx_word' id='word_1_94' title='bbox 1192 891 1224 924; x_wconf 90' lang='lat' dir='ltr'>in</span> <span class='ocrx_word' id='word_1_95' title='bbox 1250 892 1414 937; x_wconf 88' lang='lat' dir='ltr'>principio</span> 
     </span>
     <span class='ocr_line' id='line_1_12' title="bbox 69 953 1415 1000; baseline 0.003 -13"><span class='ocrx_word' id='word_1_96' title='bbox 69 955 227 988; x_wconf 81' lang='lat' dir='ltr'>carminis</span> <span class='ocrx_word' id='word_1_97' title='bbox 254 959 288 988; x_wconf 88' lang='lat' dir='ltr'>et</span> <span class='ocrx_word' id='word_1_98' title='bbox 310 955 343 988; x_wconf 92' lang='lat' dir='ltr'>in</span> <span class='ocrx_word' id='word_1_99' title='bbox 372 955 452 988; x_wconf 87' lang='lat' dir='ltr'>fine.</span> <span class='ocrx_word' id='word_1_100' title='bbox 499 954 538 988; x_wconf 93' lang='lat' dir='ltr'>In</span> <span class='ocrx_word' id='word_1_101' title='bbox 564 964 633 997; x_wconf 92' lang='lat' dir='ltr'>quo</span> <span class='ocrx_word' id='word_1_102' title='bbox 659 953 762 987; x_wconf 88' lang='lat' dir='ltr'>etiam</span> <span class='ocrx_word' id='word_1_103' title='bbox 788 953 871 987; x_wconf 91' lang='lat' dir='ltr'>illud</span> <span class='ocrx_word' id='word_1_104' title='bbox 897 958 950 987; x_wconf 90' lang='lat' dir='ltr'>est</span> <span class='ocrx_word' id='word_1_105' title='bbox 975 954 1116 999; x_wconf 84' lang='lat' dir='ltr'>pulchre</span> <span class='ocrx_word' id='word_1_106' title='bbox 1141 960 1176 990; x_wconf 90' lang='lat' dir='ltr'>et</span> <span class='ocrx_word' id='word_1_107' title='bbox 1201 958 1336 1000; x_wconf 87' lang='lat' dir='ltr'>poetice</span> <span class='ocrx_word' id='word_1_108' title='bbox 1360 957 1415 991; x_wconf 89' lang='lat' dir='ltr'>in-</span> 
     </span>
     <span class='ocr_line' id='line_1_13' title="bbox 69 1020 1417 1069; baseline 0.004 -16"><span class='ocrx_word' id='word_1_109' title='bbox 69 1021 247 1064; x_wconf 86' lang='lat' dir='ltr'>stitutum,</span> <span class='ocrx_word' id='word_1_110' title='bbox 284 1021 378 1065; x_wconf 92' lang='lat' dir='ltr'>quod</span> <span class='ocrx_word' id='word_1_111' title='bbox 403 1021 500 1055; x_wconf 91' lang='lat' dir='ltr'>initio</span> <span class='ocrx_word' id='word_1_112' title='bbox 534 1020 734 1054; x_wconf 90' lang='lat' dir='ltr'>indirectius</span> <span class='ocrx_word' id='word_1_113' title='bbox 767 1021 979 1064; x_wconf 85' lang='lat' dir='ltr'>significatur</span> <span class='ocrx_word' id='word_1_114' title='bbox 1013 1033 1068 1056; x_wconf 90' lang='lat' dir='ltr'>res</span> <span class='ocrx_word' id='word_1_115' title='bbox 1093 1028 1128 1058; x_wconf 92' lang='lat' dir='ltr'>et</span> <span class='ocrx_word' id='word_1_116' title='bbox 1152 1035 1213 1068; x_wconf 89' lang='lat' dir='ltr'>per</span> <span class='ocrx_word' id='word_1_117' title='bbox 1238 1035 1417 1069; x_wconf 84' lang='lat' dir='ltr'>compara-</span> 
     </span>
     <span class='ocr_line' id='line_1_14' title="bbox 68 1085 1414 1134; baseline 0.004 -16"><span class='ocrx_word' id='word_1_118' title='bbox 68 1087 214 1128; x_wconf 86' lang='lat' dir='ltr'>tionem,</span> <span class='ocrx_word' id='word_1_119' title='bbox 250 1087 286 1120; x_wconf 92' lang='lat' dir='ltr'>in</span> <span class='ocrx_word' id='word_1_120' title='bbox 318 1088 386 1121; x_wconf 88' lang='lat' dir='ltr'>fine</span> <span class='ocrx_word' id='word_1_121' title='bbox 414 1089 535 1120; x_wconf 88' lang='lat' dir='ltr'>&#39;autem</span> <span class='ocrx_word' id='word_1_122' title='bbox 569 1089 689 1130; x_wconf 86' lang='lat' dir='ltr'>aperte</span> <span class='ocrx_word' id='word_1_123' title='bbox 724 1089 758 1118; x_wconf 92' lang='lat' dir='ltr'>et</span> <span class='ocrx_word' id='word_1_124' title='bbox 793 1085 932 1120; x_wconf 89' lang='lat' dir='ltr'>directis</span> <span class='ocrx_word' id='word_1_125' title='bbox 967 1088 1102 1130; x_wconf 80' lang='lat' dir='ltr'>verbis,</span> <span class='ocrx_word' id='word_1_126' title='bbox 1136 1094 1173 1123; x_wconf 92' lang='lat' dir='ltr'>ut</span> <span class='ocrx_word' id='word_1_127' title='bbox 1197 1091 1298 1123; x_wconf 85' lang='lat' dir='ltr'>toties</span> <span class='ocrx_word' id='word_1_128' title='bbox 1322 1089 1414 1134; x_wconf 92' lang='lat' dir='ltr'>apud</span> 
     </span>
     <span class='ocr_line' id='line_1_15' title="bbox 69 1151 1417 1200; baseline 0.004 -16"><span class='ocrx_word' id='word_1_129' title='bbox 69 1152 254 1186; x_wconf 88' lang='lat' dir='ltr'>Pindarum</span> <span class='ocrx_word' id='word_1_130' title='bbox 286 1153 325 1186; x_wconf 86' lang='lat' dir='ltr'>fit</span> <span class='ocrx_word' id='word_1_131' title='bbox 352 1156 387 1186; x_wconf 91' lang='lat' dir='ltr'>et</span> <span class='ocrx_word' id='word_1_132' title='bbox 412 1153 446 1186; x_wconf 93' lang='lat' dir='ltr'>in</span> <span class='ocrx_word' id='word_1_133' title='bbox 473 1153 618 1185; x_wconf 88' lang='lat' dir='ltr'>aliorum</span> <span class='ocrx_word' id='word_1_134' title='bbox 643 1151 828 1185; x_wconf 85' lang='lat' dir='ltr'>carminum</span> <span class='ocrx_word' id='word_1_135' title='bbox 853 1154 1165 1197; x_wconf 90' lang='lat' dir='ltr'>compositionibus.</span> <span class='ocrx_word' id='word_1_136' title='bbox 1226 1156 1326 1200; x_wconf 82' lang='lat' dir='ltr'>Apud</span> <span class='ocrx_word' id='word_1_137' title='bbox 1350 1157 1417 1189; x_wconf 90' lang='lat' dir='ltr'>Ti·-</span> 
     </span>
     <span class='ocr_line' id='line_1_16' title="bbox 67 1200 1415 1267; baseline 0.005 -18"><span class='ocrx_word' id='word_1_138' title='bbox 67 1218 196 1252; x_wconf 86' lang='lat' dir='ltr'>bullum</span> <span class='ocrx_word' id='word_1_139' title='bbox 221 1229 379 1263; x_wconf 79' lang='lat' dir='ltr'>compara</span> <span class='ocrx_word' id='word_1_140' title='bbox 405 1200 497 1252; x_wconf 73' lang='lat' dir='ltr'>dicta</span> <span class='ocrx_word' id='word_1_141' title='bbox 530 1218 572 1252; x_wconf 91' lang='lat' dir='ltr'>ad</span> <span class='ocrx_word' id='word_1_142' title='bbox 598 1218 643 1260; x_wconf 87' lang='grc' dir='ltr'>ΙΙ,</span> <span class='ocrx_word' id='word_1_143' title='bbox 668 1221 702 1259; x_wconf 89' lang='lat'>3,</span> <span class='ocrx_word' id='word_1_144' title='bbox 730 1221 761 1251; x_wconf 92' lang='lat'>1.</span> <span class='ocrx_word' id='word_1_145' title='bbox 785 1221 844 1251; x_wconf 84' lang='lat'>59.</span> <span class='ocrx_word' id='word_1_146' title='bbox 871 1235 917 1243; x_wconf 93' lang='lat'><strong>—</strong></span> <span class='ocrx_word' id='word_1_147' title='bbox 963 1220 1005 1254; x_wconf 90' lang='lat' dir='ltr'>V.</span> <span class='ocrx_word' id='word_1_148' title='bbox 1032 1223 1073 1253; x_wconf 95' lang='grc'>11</span> <span class='ocrx_word' id='word_1_149' title='bbox 1101 1231 1175 1264; x_wconf 87' lang='lat' dir='ltr'>sqq.</span> <span class='ocrx_word' id='word_1_150' title='bbox 1224 1222 1287 1256; x_wconf 92' lang='lat' dir='ltr'>Tu</span> <span class='ocrx_word' id='word_1_151' title='bbox 1318 1233 1415 1267; x_wconf 92' lang='lat' dir='ltr'>pro-</span> 
     </span>
     <span class='ocr_line' id='line_1_17' title="bbox 69 1283 1416 1323; baseline 0.004 -6"><span class='ocrx_word' id='word_1_152' title='bbox 69 1285 139 1317; x_wconf 86' lang='lat' dir='ltr'>cul</span> <span class='ocrx_word' id='word_1_153' title='bbox 174 1288 395 1318; x_wconf 84' lang='lat' dir='ltr'>eventura</span> <span class='ocrx_word' id='word_1_154' title='bbox 429 1283 565 1317; x_wconf 85' lang='lat' dir='ltr'>vides.</span> <span class='ocrx_word' id='word_1_155' title='bbox 615 1283 654 1316; x_wconf 90' lang='lat' dir='ltr'>In</span> <span class='ocrx_word' id='word_1_156' title='bbox 685 1283 829 1316; x_wconf 82' lang='lat' dir='ltr'>transitu</span> <span class='ocrx_word' id='word_1_157' title='bbox 854 1283 897 1316; x_wconf 88' lang='lat' dir='ltr'>ab</span> <span class='ocrx_word' id='word_1_158' title='bbox 922 1286 1205 1321; x_wconf 85' lang='lat' dir='ltr'>antecedentibus</span> <span class='ocrx_word' id='word_1_159' title='bbox 1236 1289 1416 1323; x_wconf 88' lang='lat' dir='ltr'>commode</span> 
     </span>
     <span class='ocr_line' id='line_1_18' title="bbox 68 1349 1419 1395; baseline 0.003 -11"><span class='ocrx_word' id='word_1_160' title='bbox 68 1361 130 1395; x_wconf 90' lang='lat' dir='ltr'>per</span> <span class='ocrx_word' id='word_1_161' title='bbox 153 1351 401 1393; x_wconf 83' lang='lat' dir='ltr'>generaliorem</span> <span class='ocrx_word' id='word_1_162' title='bbox 427 1350 628 1384; x_wconf 91' lang='lat' dir='ltr'>sententiam</span> <span class='ocrx_word' id='word_1_163' title='bbox 649 1349 693 1382; x_wconf 89' lang='lat' dir='ltr'>ad</span> <span class='ocrx_word' id='word_1_164' title='bbox 717 1349 882 1392; x_wconf 83' lang='lat' dir='ltr'>specialia</span> <span class='ocrx_word' id='word_1_165' title='bbox 904 1350 1092 1386; x_wconf 88' lang='lat' dir='ltr'>descendit.</span> <span class='ocrx_word' id='word_1_166' title='bbox 1142 1353 1316 1387; x_wconf 88' lang='lat' dir='ltr'>Memorat</span> <span class='ocrx_word' id='word_1_167' title='bbox 1338 1365 1419 1388; x_wconf 82' lang='lat' dir='ltr'>vero</span> 
     </span>
     <span class='ocr_line' id='line_1_19' title="bbox 65 1414 1415 1461; baseline 0.002 -12"><span class='ocrx_word' id='word_1_168' title='bbox 65 1420 229 1459; x_wconf 87' lang='lat' dir='ltr'>quattuor</span> <span class='ocrx_word' id='word_1_169' title='bbox 253 1415 502 1449; x_wconf 82' lang='lat' dir='ltr'>vaticinationis</span> <span class='ocrx_word' id='word_1_170' title='bbox 528 1425 677 1458; x_wconf 86' lang='lat' dir='ltr'>genera,</span> <span class='ocrx_word' id='word_1_171' title='bbox 702 1424 790 1457; x_wconf 89' lang='lat' dir='ltr'>quae</span> <span class='ocrx_word' id='word_1_172' title='bbox 815 1414 981 1447; x_wconf 78' lang='lat' dir='ltr'>Romanis</span> <span class='ocrx_word' id='word_1_173' title='bbox 1007 1416 1154 1450; x_wconf 76' lang='lat' dir='ltr'>maxime</span> <span class='ocrx_word' id='word_1_174' title='bbox 1183 1418 1215 1451; x_wconf 89' lang='lat' dir='ltr'>in</span> <span class='ocrx_word' id='word_1_175' title='bbox 1244 1429 1326 1461; x_wconf 84' lang='lat' dir='ltr'>usu,</span> <span class='ocrx_word' id='word_1_176' title='bbox 1353 1431 1415 1452; x_wconf 49' lang='lat' dir='ltr'>au*</span> 
     </span>
     <span class='ocr_line' id='line_1_20' title="bbox 66 1479 1415 1527; baseline 0.001 -11"><span class='ocrx_word' id='word_1_177' title='bbox 66 1483 214 1526; x_wconf 87' lang='lat' dir='ltr'>gurium,</span> <span class='ocrx_word' id='word_1_178' title='bbox 239 1485 363 1524; x_wconf 85' lang='lat' dir='ltr'>sortes,</span> <span class='ocrx_word' id='word_1_179' title='bbox 388 1480 650 1525; x_wconf 87' lang='lat' dir='ltr'>haruspicinam,</span> <span class='ocrx_word' id='word_1_180' title='bbox 678 1479 784 1512; x_wconf 87' lang='lat' dir='ltr'>libros</span> <span class='ocrx_word' id='word_1_181' title='bbox 817 1479 1015 1523; x_wconf 79' lang='lat' dir='ltr'>Sibyllinos,</span> <span class='ocrx_word' id='word_1_182' title='bbox 1051 1492 1195 1524; x_wconf 87' lang='lat' dir='ltr'>quorum</span> <span class='ocrx_word' id='word_1_183' title='bbox 1222 1485 1415 1527; x_wconf 83' lang='lat' dir='ltr'>Apollinem</span> 
     </span>
     <span class='ocr_line' id='line_1_21' title="bbox 67 1547 1416 1597; baseline 0.002 -14"><span class='ocrx_word' id='word_1_184' title='bbox 67 1555 235 1585; x_wconf 89' lang='lat' dir='ltr'>rectorem</span> <span class='ocrx_word' id='word_1_185' title='bbox 260 1550 386 1585; x_wconf 83' lang='lat' dir='ltr'>laudat.</span> <span class='ocrx_word' id='word_1_186' title='bbox 443 1550 658 1592; x_wconf 84' lang='lat' dir='ltr'>Quamquam</span> <span class='ocrx_word' id='word_1_187' title='bbox 688 1547 777 1581; x_wconf 88' lang='lat' dir='ltr'>enim</span> <span class='ocrx_word' id='word_1_188' title='bbox 803 1547 972 1591; x_wconf 82' lang='lat' dir='ltr'>Apollinis</span> <span class='ocrx_word' id='word_1_189' title='bbox 997 1551 1144 1584; x_wconf 81' lang='lat' dir='ltr'>maxime</span> <span class='ocrx_word' id='word_1_190' title='bbox 1169 1550 1317 1597; x_wconf 69' lang='grc' dir='ltr'><em>μαντική</em></span> <span class='ocrx_word' id='word_1_191' title='bbox 1342 1558 1416 1586; x_wconf 85' lang='lat' dir='ltr'>erat</span> 
     </span>
     <span class='ocr_line' id='line_1_22' title="bbox 66 1615 1419 1663; baseline 0.004 -14"><span class='ocrx_word' id='word_1_192' title='bbox 66 1617 203 1660; x_wconf 90' lang='lat' dir='ltr'>proprie</span> <span class='ocrx_word' id='word_1_193' title='bbox 229 1617 338 1659; x_wconf 84' lang='lat' dir='ltr'>dicta,</span> <span class='ocrx_word' id='word_1_194' title='bbox 361 1621 474 1650; x_wconf 89' lang='lat' dir='ltr'>tamen</span> <span class='ocrx_word' id='word_1_195' title='bbox 496 1618 599 1650; x_wconf 88' lang='lat' dir='ltr'>etiam</span> <span class='ocrx_word' id='word_1_196' title='bbox 625 1616 699 1648; x_wconf 85' lang='lat' dir='ltr'>eius</span> <span class='ocrx_word' id='word_1_197' title='bbox 724 1615 996 1657; x_wconf 85' lang='lat' dir='ltr'>vaticinationis,</span> <span class='ocrx_word' id='word_1_198' title='bbox 1021 1627 1109 1659; x_wconf 90' lang='lat' dir='ltr'>quae</span> <span class='ocrx_word' id='word_1_199' title='bbox 1135 1621 1286 1653; x_wconf 80' lang='lat' dir='ltr'>externis</span> <span class='ocrx_word' id='word_1_200' title='bbox 1311 1621 1419 1663; x_wconf 71' lang='lat' dir='ltr'>signis</span> 
     </span>
     <span class='ocr_line' id='line_1_23' title="bbox 65 1679 1417 1727; baseline 0.002 -11"><span class='ocrx_word' id='word_1_201' title='bbox 65 1685 184 1724; x_wconf 85' lang='lat' dir='ltr'>utitur,</span> <span class='ocrx_word' id='word_1_202' title='bbox 211 1693 339 1726; x_wconf 88' lang='lat' dir='ltr'>genera</span> <span class='ocrx_word' id='word_1_203' title='bbox 364 1684 552 1726; x_wconf 87' lang='lat' dir='ltr'>complura,</span> <span class='ocrx_word' id='word_1_204' title='bbox 582 1682 778 1715; x_wconf 85' lang='lat' dir='ltr'>nominatim</span> <span class='ocrx_word' id='word_1_205' title='bbox 804 1679 888 1714; x_wconf 87' lang='lat' dir='ltr'>haec</span> <span class='ocrx_word' id='word_1_206' title='bbox 914 1681 957 1714; x_wconf 87' lang='lat' dir='ltr'>ad</span> <span class='ocrx_word' id='word_1_207' title='bbox 984 1692 1060 1715; x_wconf 89' lang='lat' dir='ltr'>eum</span> <span class='ocrx_word' id='word_1_208' title='bbox 1091 1684 1198 1717; x_wconf 87' lang='lat' dir='ltr'>relata</span> <span class='ocrx_word' id='word_1_209' title='bbox 1224 1685 1351 1727; x_wconf 71' lang='lat' dir='ltr'>videas,</span> <span class='ocrx_word' id='word_1_210' title='bbox 1373 1686 1417 1719; x_wconf 83' lang='lat' dir='ltr'>cs.</span> 
     </span>
     <span class='ocr_line' id='line_1_24' title="bbox 66 1747 1416 1794; baseline 0.004 -13"><span class='ocrx_word' id='word_1_211' title='bbox 66 1749 242 1782; x_wconf 61' lang='lat' dir='ltr'>Menneu.</span> <span class='ocrx_word' id='word_1_212' title='bbox 267 1749 397 1782; x_wconf 87' lang='lat' dir='ltr'>Histor.</span> <span class='ocrx_word' id='word_1_213' title='bbox 419 1749 574 1781; x_wconf 85' lang='lat' dir='ltr'>Doriens.</span> <span class='ocrx_word' id='word_1_214' title='bbox 601 1748 643 1782; x_wconf 88' lang='lat' dir='ltr'>T.</span> <span class='ocrx_word' id='word_1_215' title='bbox 665 1747 692 1781; x_wconf 94' lang='lat' dir='ltr'>I.</span> <span class='ocrx_word' id='word_1_216' title='bbox 719 1759 753 1791; x_wconf 86' lang='lat' dir='ltr'>p.</span> <span class='ocrx_word' id='word_1_217' title='bbox 774 1749 855 1781; x_wconf 83' lang='lat'><strong>341.</strong></span> <span class='ocrx_word' id='word_1_218' title='bbox 873 1766 917 1772; x_wconf 91' lang='lat'>-—</span> <span class='ocrx_word' id='word_1_219' title='bbox 942 1748 1030 1782; x_wconf 88' lang='lat' dir='ltr'>tibi</span> <span class='ocrx_word' id='word_1_220' title='bbox 1055 1749 1236 1784; x_wconf 87' lang='lat' dir='ltr'>deditus</span> <span class='ocrx_word' id='word_1_221' title='bbox 1261 1763 1416 1794; x_wconf 86' lang='lat' dir='ltr'>augur.</span> 
     </span>
     <span class='ocr_line' id='line_1_25' title="bbox 67 1814 1418 1860; baseline 0.004 -13"><span class='ocrx_word' id='word_1_222' title='bbox 67 1814 280 1848; x_wconf 70' lang='lat' dir='ltr'>Huscnxms</span> <span class='ocrx_word' id='word_1_223' title='bbox 306 1815 438 1849; x_wconf 87' lang='lat' dir='ltr'>confert</span> <span class='ocrx_word' id='word_1_224' title='bbox 463 1815 589 1848; x_wconf 67' lang='lat' dir='ltr'>Clean.</span> <span class='ocrx_word' id='word_1_225' title='bbox 617 1824 668 1858; x_wconf 86' lang='lat' dir='ltr'>pr.</span> <span class='ocrx_word' id='word_1_226' title='bbox 693 1814 792 1848; x_wconf 75' lang='lat' dir='ltr'>Doni.</span> <span class='ocrx_word' id='word_1_227' title='bbox 818 1817 894 1857; x_wconf 63' lang='lat'>49„</span> <span class='ocrx_word' id='word_1_228' title='bbox 937 1816 1042 1850; x_wconf 64' lang='lat' dir='ltr'>Pmn‘.</span> <span class='ocrx_word' id='word_1_229' title='bbox 1068 1818 1240 1860; x_wconf 77' lang='lat' dir='ltr'>Panegyr.</span> <span class='ocrx_word' id='word_1_230' title='bbox 1266 1822 1324 1853; x_wconf 78' lang='lat'>72.</span> <span class='ocrx_word' id='word_1_231' title='bbox 1360 1821 1418 1854; x_wconf 89' lang='lat' dir='ltr'>ubi</span> 
     </span>
     <span class='ocr_line' id='line_1_26' title="bbox 70 1880 1416 1927; baseline 0.003 -13"><span class='ocrx_word' id='word_1_232' title='bbox 70 1882 198 1916; x_wconf 87' lang='lat' dir='ltr'>locutio</span> <span class='ocrx_word' id='word_1_233' title='bbox 229 1880 458 1927; x_wconf 77' lang='lat' dir='ltr'>religionibus</span> <span class='ocrx_word' id='word_1_234' title='bbox 486 1880 627 1914; x_wconf 72' lang='lat' dir='ltr'>deditas</span> <span class='ocrx_word' id='word_1_235' title='bbox 656 1885 779 1915; x_wconf 84' lang='lat' dir='ltr'>exstat.</span> <span class='ocrx_word' id='word_1_236' title='bbox 833 1882 931 1917; x_wconf 84' lang='lat' dir='ltr'>Quae</span> <span class='ocrx_word' id='word_1_237' title='bbox 959 1884 1059 1916; x_wconf 82' lang='lat' dir='ltr'>etiam</span> <span class='ocrx_word' id='word_1_238' title='bbox 1087 1885 1313 1918; x_wconf 69' lang='lat' dir='ltr'>Gonnssnws</span> <span class='ocrx_word' id='word_1_239' title='bbox 1343 1886 1416 1918; x_wconf 88' lang='lat' dir='ltr'>lan-</span> 
     </span>
     <span class='ocr_line' id='line_1_27' title="bbox 67 1946 1415 1992; baseline 0.002 -11"><span class='ocrx_word' id='word_1_240' title='bbox 67 1948 136 1982; x_wconf 86' lang='lat' dir='ltr'>dat.</span> <span class='ocrx_word' id='word_1_241' title='bbox 185 1948 447 1983; x_wconf 89' lang='lat' dir='ltr'>Constructioue</span> <span class='ocrx_word' id='word_1_242' title='bbox 470 1948 609 1992; x_wconf 84' lang='lat' dir='ltr'>propius</span> <span class='ocrx_word' id='word_1_243' title='bbox 635 1950 688 1980; x_wconf 90' lang='lat' dir='ltr'>est</span> <span class='ocrx_word' id='word_1_244' title='bbox 712 1946 802 1990; x_wconf 90' lang='lat' dir='ltr'>quod</span> <span class='ocrx_word' id='word_1_245' title='bbox 829 1947 987 1981; x_wconf 85' lang='lat' dir='ltr'>Tibullus</span> <span class='ocrx_word' id='word_1_246' title='bbox 1013 1949 1087 1992; x_wconf 85' lang='lat' dir='ltr'>ipse</span> <span class='ocrx_word' id='word_1_247' title='bbox 1113 1950 1215 1983; x_wconf 84' lang='lat' dir='ltr'>offert</span> <span class='ocrx_word' id='word_1_248' title='bbox 1241 1951 1268 1992; x_wconf 88' lang='grc' dir='ltr'>Ι,</span> <span class='ocrx_word' id='word_1_249' title='bbox 1291 1952 1324 1992; x_wconf 85' lang='grc'>2,</span> <span class='ocrx_word' id='word_1_250' title='bbox 1349 1954 1415 1984; x_wconf 80' lang='lat'>97:</span> 
     </span>
     <span class='ocr_line' id='line_1_28' title="bbox 66 2013 1418 2059; baseline 0.001 -12"><span class='ocrx_word' id='word_1_251' title='bbox 66 2027 199 2059; x_wconf 79' lang='lat' dir='ltr'>semper</span> <span class='ocrx_word' id='word_1_252' title='bbox 223 2013 291 2048; x_wconf 78' lang='lat' dir='ltr'>tibi</span> <span class='ocrx_word' id='word_1_253' title='bbox 314 2014 470 2058; x_wconf 85' lang='lat' dir='ltr'>(Venus)</span> <span class='ocrx_word' id='word_1_254' title='bbox 507 2014 629 2046; x_wconf 78' lang='lat' dir='ltr'>dedita</span> <span class='ocrx_word' id='word_1_255' title='bbox 663 2014 773 2046; x_wconf 68' lang='lat' dir='ltr'>seri-it</span> <span class='ocrx_word' id='word_1_256' title='bbox 808 2026 902 2047; x_wconf 79' lang='lat' dir='ltr'>mens</span> <span class='ocrx_word' id='word_1_257' title='bbox 941 2027 1027 2048; x_wconf 77' lang='lat' dir='ltr'>mea.</span> <span class='ocrx_word' id='word_1_258' title='bbox 1078 2016 1196 2050; x_wconf 86' lang='lat' dir='ltr'>Altera</span> <span class='ocrx_word' id='word_1_259' title='bbox 1223 2018 1325 2051; x_wconf 87' lang='lat' dir='ltr'>lectio</span> <span class='ocrx_word' id='word_1_260' title='bbox 1352 2016 1418 2049; x_wconf 75' lang='lat' dir='ltr'>tihi</span> 
     </span>
     <span class='ocr_line' id='line_1_29' title="bbox 68 2080 1416 2126; baseline 0.003 -13"><span class='ocrx_word' id='word_1_261' title='bbox 68 2081 208 2114; x_wconf 81' lang='lat' dir='ltr'>debitus</span> <span class='ocrx_word' id='word_1_262' title='bbox 240 2082 430 2125; x_wconf 86' lang='lat' dir='ltr'>significat,</span> <span class='ocrx_word' id='word_1_263' title='bbox 467 2082 525 2124; x_wconf 89' lang='lat' dir='ltr'>qui</span> <span class='ocrx_word' id='word_1_264' title='bbox 564 2081 624 2113; x_wconf 83' lang='lat' dir='ltr'>tibi</span> <span class='ocrx_word' id='word_1_265' title='bbox 662 2080 825 2121; x_wconf 90' lang='lat' dir='ltr'>debetur,</span> <span class='ocrx_word' id='word_1_266' title='bbox 864 2091 964 2123; x_wconf 83' lang='lat' dir='ltr'>quem</span> <span class='ocrx_word' id='word_1_267' title='bbox 1001 2081 1062 2114; x_wconf 88' lang='lat' dir='ltr'>tibi</span> <span class='ocrx_word' id='word_1_268' title='bbox 1100 2082 1286 2125; x_wconf 89' lang='lat' dir='ltr'>debemus,</span> <span class='ocrx_word' id='word_1_269' title='bbox 1324 2085 1416 2126; x_wconf 88' lang='lat' dir='ltr'>quod</span> 
     </span>
     <span class='ocr_line' id='line_1_30' title="bbox 67 2146 1417 2190; baseline 0.003 -10"><span class='ocrx_word' id='word_1_270' title='bbox 67 2147 239 2181; x_wconf 75' lang='lat' dir='ltr'>HnYmus</span> <span class='ocrx_word' id='word_1_271' title='bbox 278 2147 387 2190; x_wconf 82' lang='lat' dir='ltr'>magis</span> <span class='ocrx_word' id='word_1_272' title='bbox 421 2147 592 2190; x_wconf 85' lang='lat' dir='ltr'>poeticum</span> <span class='ocrx_word' id='word_1_273' title='bbox 630 2146 786 2187; x_wconf 82' lang='lat' dir='ltr'>dicebat3</span> <span class='ocrx_word' id='word_1_274' title='bbox 828 2157 904 2179; x_wconf 80' lang='lat' dir='ltr'>nam</span> <span class='ocrx_word' id='word_1_275' title='bbox 941 2146 1033 2190; x_wconf 93' lang='lat' dir='ltr'>quod</span> <span class='ocrx_word' id='word_1_276' title='bbox 1069 2148 1232 2181; x_wconf 54' lang='lat' dir='ltr'>Baculus</span> <span class='ocrx_word' id='word_1_277' title='bbox 1269 2148 1311 2182; x_wconf 93' lang='lat' dir='ltr'>de</span> <span class='ocrx_word' id='word_1_278' title='bbox 1351 2150 1417 2184; x_wconf 84' lang='lat' dir='ltr'>fide</span> 
     </span>
     <span class='ocr_line' id='line_1_31' title="bbox 68 2211 1416 2257; baseline 0.003 -12"><span class='ocrx_word' id='word_1_279' title='bbox 68 2213 234 2256; x_wconf 84' lang='lat' dir='ltr'>promissa</span> <span class='ocrx_word' id='word_1_280' title='bbox 258 2213 398 2255; x_wconf 89' lang='lat' dir='ltr'>cogitat,</span> <span class='ocrx_word' id='word_1_281' title='bbox 423 2213 526 2246; x_wconf 77' lang='lat' dir='ltr'>credo</span> <span class='ocrx_word' id='word_1_282' title='bbox 552 2212 632 2245; x_wconf 88' lang='lat' dir='ltr'>talia</span> <span class='ocrx_word' id='word_1_283' title='bbox 656 2212 690 2244; x_wconf 89' lang='lat' dir='ltr'>in</span> <span class='ocrx_word' id='word_1_284' title='bbox 714 2212 827 2244; x_wconf 87' lang='lat' dir='ltr'>animo</span> <span class='ocrx_word' id='word_1_285' title='bbox 852 2211 992 2255; x_wconf 89' lang='lat' dir='ltr'>habens,</span> <span class='ocrx_word' id='word_1_286' title='bbox 1029 2213 1138 2248; x_wconf 82' lang='lat' dir='ltr'>Ovm.</span> <span class='ocrx_word' id='word_1_287' title='bbox 1166 2214 1310 2249; x_wconf 90' lang='lat' dir='ltr'>Heroid.</span> <span class='ocrx_word' id='word_1_288' title='bbox 1337 2216 1416 2257; x_wconf 82' lang='lat' dir='ltr'>XX,</span> 
     </span>
     <span class='ocr_line' id='line_1_32' title="bbox 67 2277 1418 2316; baseline 0.003 -5"><span class='ocrx_word' id='word_1_289' title='bbox 67 2282 109 2312; x_wconf 81' lang='lat'>8:</span> <span class='ocrx_word' id='word_1_290' title='bbox 149 2277 287 2310; x_wconf 75' lang='lat' dir='ltr'>debitus</span> <span class='ocrx_word' id='word_1_291' title='bbox 313 2284 354 2310; x_wconf 80' lang='lat' dir='ltr'>ut</span> <span class='ocrx_word' id='word_1_292' title='bbox 389 2277 560 2315; x_wconf 69' lang='lat' dir='ltr'>coniunx,</span> <span class='ocrx_word' id='word_1_293' title='bbox 597 2289 666 2310; x_wconf 82' lang='lat' dir='ltr'>non</span> <span class='ocrx_word' id='word_1_294' title='bbox 693 2283 734 2310; x_wconf 82' lang='lat' dir='ltr'>ut</span> <span class='ocrx_word' id='word_1_295' title='bbox 760 2277 925 2314; x_wconf 74' lang='lat' dir='ltr'>adulter,</span> <span class='ocrx_word' id='word_1_296' title='bbox 962 2289 1061 2315; x_wconf 77' lang='lat' dir='ltr'>amo,</span> <span class='ocrx_word' id='word_1_297' title='bbox 1101 2279 1132 2314; x_wconf 83' lang='lat' dir='ltr'>h.</span> <span class='ocrx_word' id='word_1_298' title='bbox 1157 2291 1188 2315; x_wconf 85' lang='lat' dir='ltr'>e.</span> <span class='ocrx_word' id='word_1_299' title='bbox 1222 2282 1296 2315; x_wconf 83' lang='lat' dir='ltr'>iure</span> <span class='ocrx_word' id='word_1_300' title='bbox 1322 2286 1418 2316; x_wconf 83' lang='lat' dir='ltr'>certo</span> 
     </span>
     <span class='ocr_line' id='line_1_33' title="bbox 67 2344 1417 2390; baseline 0.002 -11"><span class='ocrx_word' id='word_1_301' title='bbox 67 2351 165 2388; x_wconf 83' lang='lat' dir='ltr'>tuus,</span> <span class='ocrx_word' id='word_1_302' title='bbox 197 2346 296 2390; x_wconf 90' lang='lat' dir='ltr'>plane</span> <span class='ocrx_word' id='word_1_303' title='bbox 321 2345 467 2378; x_wconf 84' lang='lat' dir='ltr'>alienum</span> <span class='ocrx_word' id='word_1_304' title='bbox 493 2348 545 2378; x_wconf 85' lang='lat' dir='ltr'>est</span> <span class='ocrx_word' id='word_1_305' title='bbox 569 2344 633 2378; x_wconf 87' lang='lat' dir='ltr'>hic.</span> <span class='ocrx_word' id='word_1_306' title='bbox 683 2344 768 2378; x_wconf 90' lang='lat' dir='ltr'>Mihi</span> <span class='ocrx_word' id='word_1_307' title='bbox 794 2355 871 2378; x_wconf 88' lang='lat' dir='ltr'>cum</span> <span class='ocrx_word' id='word_1_308' title='bbox 897 2345 1056 2379; x_wconf 87' lang='lat' dir='ltr'>Tibullus</span> <span class='ocrx_word' id='word_1_309' title='bbox 1091 2347 1194 2380; x_wconf 87' lang='lat' dir='ltr'>Scit</span> <span class='ocrx_word' id='word_1_310' title='bbox 1229 2348 1355 2381; x_wconf 84' lang='lat' dir='ltr'>dixerit</span> <span class='ocrx_word' id='word_1_311' title='bbox 1383 2353 1417 2381; x_wconf 87' lang='lat' dir='ltr'>et</span> 
     </span>
     <span class='ocr_line' id='line_1_34' title="bbox 68 2409 1415 2455; baseline 0.003 -11"><span class='ocrx_word' id='word_1_312' title='bbox 68 2421 186 2444; x_wconf 82' lang='lat' dir='ltr'>sensus</span> <span class='ocrx_word' id='word_1_313' title='bbox 210 2410 334 2444; x_wconf 87' lang='lat' dir='ltr'>debeat</span> <span class='ocrx_word' id='word_1_314' title='bbox 359 2421 453 2444; x_wconf 89' lang='lat' dir='ltr'>esse:</span> <span class='ocrx_word' id='word_1_315' title='bbox 479 2421 498 2443; x_wconf 88' lang='lat' dir='ltr'>a</span> <span class='ocrx_word' id='word_1_316' title='bbox 524 2415 557 2444; x_wconf 91' lang='lat' dir='ltr'>te</span> <span class='ocrx_word' id='word_1_317' title='bbox 582 2410 740 2452; x_wconf 85' lang='lat' dir='ltr'>monitus,</span> <span class='ocrx_word' id='word_1_318' title='bbox 766 2420 832 2443; x_wconf 89' lang='lat' dir='ltr'>non</span> <span class='ocrx_word' id='word_1_319' title='bbox 859 2409 1020 2454; x_wconf 89' lang='lat' dir='ltr'>displicet</span> <span class='ocrx_word' id='word_1_320' title='bbox 1042 2412 1134 2455; x_wconf 87' lang='lat' dir='ltr'>quod</span> <span class='ocrx_word' id='word_1_321' title='bbox 1158 2414 1415 2448; x_wconf 45' lang='lat' dir='ltr'>Liternina-Nus</span> 
     </span>
     <span class='ocr_line' id='line_1_35' title="bbox 68 2477 1416 2522; baseline 0.004 -12"><span class='ocrx_word' id='word_1_322' title='bbox 68 2477 205 2511; x_wconf 79' lang='lat' dir='ltr'>reduxit</span> <span class='ocrx_word' id='word_1_323' title='bbox 229 2482 263 2512; x_wconf 89' lang='lat' dir='ltr'>et</span> <span class='ocrx_word' id='word_1_324' title='bbox 288 2478 500 2512; x_wconf 73' lang='lat' dir='ltr'>Huscnxms</span> <span class='ocrx_word' id='word_1_325' title='bbox 527 2478 692 2522; x_wconf 77' lang='lat' dir='ltr'>probavit.</span> <span class='ocrx_word' id='word_1_326' title='bbox 742 2478 888 2512; x_wconf 72' lang='lat' dir='ltr'>videtur</span> <span class='ocrx_word' id='word_1_327' title='bbox 923 2483 1037 2513; x_wconf 89' lang='lat' dir='ltr'>autem</span> <span class='ocrx_word' id='word_1_328' title='bbox 1064 2479 1130 2512; x_wconf 77' lang='lat' dir='ltr'>tihi</span> <span class='ocrx_word' id='word_1_329' title='bbox 1157 2481 1299 2515; x_wconf 75' lang='lat' dir='ltr'>deditus</span> <span class='ocrx_word' id='word_1_330' title='bbox 1328 2493 1416 2516; x_wconf 92' lang='lat' dir='ltr'>nunc</span> 
     </span>
     <span class='ocr_line' id='line_1_36' title="bbox 67 2544 1416 2592; baseline 0.004 -15"><span class='ocrx_word' id='word_1_331' title='bbox 67 2544 276 2587; x_wconf 83' lang='lat' dir='ltr'>significare:</span> <span class='ocrx_word' id='word_1_332' title='bbox 303 2546 370 2579; x_wconf 88' lang='lat' dir='ltr'>tuis</span> <span class='ocrx_word' id='word_1_333' title='bbox 395 2547 587 2590; x_wconf 85' lang='lat' dir='ltr'>praeceptis</span> <span class='ocrx_word' id='word_1_334' title='bbox 612 2546 816 2589; x_wconf 87' lang='lat' dir='ltr'>monitisque</span> <span class='ocrx_word' id='word_1_335' title='bbox 843 2546 1010 2582; x_wconf 84' lang='lat' dir='ltr'>addictus.</span> <span class='ocrx_word' id='word_1_336' title='bbox 1034 2565 1079 2571; x_wconf 92' lang='lat'>—-</span> <span class='ocrx_word' id='word_1_337' title='bbox 1107 2547 1265 2592; x_wconf 91' lang='lat' dir='ltr'>Tuque</span> <span class='ocrx_word' id='word_1_338' title='bbox 1289 2549 1416 2591; x_wconf 82' lang='lat' dir='ltr'>regis</span> 
     </span>
     <span class='ocr_line' id='line_1_37' title="bbox 68 2611 1414 2654; baseline 0.003 -12"><span class='ocrx_word' id='word_1_339' title='bbox 68 2614 231 2643; x_wconf 85' lang='lat' dir='ltr'>sortes.</span> <span class='ocrx_word' id='word_1_340' title='bbox 279 2611 452 2645; x_wconf 64' lang='lat' dir='ltr'>Hermus</span> <span class='ocrx_word' id='word_1_341' title='bbox 486 2613 626 2646; x_wconf 91' lang='lat' dir='ltr'>oracula</span> <span class='ocrx_word' id='word_1_342' title='bbox 652 2612 834 2654; x_wconf 83' lang='lat' dir='ltr'>intelligit,</span> <span class='ocrx_word' id='word_1_343' title='bbox 873 2611 906 2645; x_wconf 86' lang='lat' dir='ltr'>h.</span> <span class='ocrx_word' id='word_1_344' title='bbox 931 2622 961 2646; x_wconf 89' lang='lat' dir='ltr'>e.</span> <span class='ocrx_word' id='word_1_345' title='bbox 988 2613 1016 2646; x_wconf 88' lang='lat' dir='ltr'>si</span> <span class='ocrx_word' id='word_1_346' title='bbox 1049 2617 1142 2647; x_wconf 89' lang='lat' dir='ltr'>recte</span> <span class='ocrx_word' id='word_1_347' title='bbox 1169 2615 1242 2647; x_wconf 89' lang='lat' dir='ltr'>eius</span> <span class='ocrx_word' id='word_1_348' title='bbox 1268 2619 1414 2647; x_wconf 85' lang='lat' dir='ltr'>mentem</span> 
     </span>
     <span class='ocr_line' id='line_1_38' title="bbox 69 2679 1415 2725; baseline 0.001 -15"><span class='ocrx_word' id='word_1_349' title='bbox 69 2679 296 2723; x_wconf 76' lang='lat' dir='ltr'>interpretor,</span> <span class='ocrx_word' id='word_1_350' title='bbox 330 2680 489 2714; x_wconf 79' lang='lat' dir='ltr'>vaticinia</span> <span class='ocrx_word' id='word_1_351' title='bbox 515 2691 574 2714; x_wconf 89' lang='lat' dir='ltr'>ore</span> <span class='ocrx_word' id='word_1_352' title='bbox 599 2692 618 2714; x_wconf 93' lang='lat' dir='ltr'>a</span> <span class='ocrx_word' id='word_1_353' title='bbox 648 2680 840 2714; x_wconf 82' lang='lat' dir='ltr'>furentibus</span> <span class='ocrx_word' id='word_1_354' title='bbox 866 2680 943 2713; x_wconf 75' lang='lat' dir='ltr'>data</span> <span class='ocrx_word' id='word_1_355' title='bbox 971 2681 1001 2713; x_wconf 90' lang='lat' dir='ltr'>in</span> <span class='ocrx_word' id='word_1_356' title='bbox 1028 2682 1182 2725; x_wconf 86' lang='lat' dir='ltr'>templis,</span> <span class='ocrx_word' id='word_1_357' title='bbox 1215 2686 1251 2714; x_wconf 93' lang='lat' dir='ltr'>ut</span> <span class='ocrx_word' id='word_1_358' title='bbox 1278 2680 1415 2725; x_wconf 82' lang='lat' dir='ltr'>Delphis</span> 
     </span>
    </p>
   </div>
   <div class='ocr_carea' id='block_1_3' title="bbox 961 2749 1041 2786">
    <p class='ocr_par' dir='ltr' id='par_1_3' title="bbox 961 2749 1041 2786">
     <span class='ocr_line' id='line_1_39' title="bbox 961 2749 1041 2786; baseline 0 0"><span class='ocrx_word' id='word_1_359' title='bbox 961 2749 1041 2786; x_wconf 60' lang='lat'>18²¹&lt;</span> 
     </span>
    </p>
   </div>
  </div>
 </body>
</html>
