1721 2953
482 188 623 227 Lffiss.
654 187 723 226 lll.
783 186 940 227 lssLliG.
971 189 1043 228 vl.
1353 197 1428 229 :JTt

101 305 180 338 iram
216 309 250 338 et
283 305 324 338 ad
361 306 437 338 vina
471 310 616 338 mentem
651 309 797 337 revocat.
853 304 1075 339 Nihilominus
1103 306 1247 339 nondum
1274 316 1326 339 res
1353 318 1431 338 suc-

100 371 210 412 cedit,
248 375 282 403 et
315 371 476 403 relabitur
501 371 610 403 denuo
635 369 677 402 ad
704 370 881 411 querelas3
914 371 971 404 sed
999 382 1076 405 mox
1104 372 1223 406 iterum
1249 383 1285 406 se
1311 383 1430 406 conso-

98 439 184 469 latur
209 441 368 479 reputans
394 436 587 478 docensque
613 435 758 479 periuria
783 436 963 469 amantium
989 438 1150 470 solemnia
1187 449 1281 479 esse,
1313 439 1434 480 quibus

98 501 195 533 tidem
222 500 346 533 habere
371 501 512 534 stultum
538 501 592 533 sit.
642 499 755 533 Etiam
782 510 869 532 nunc
898 504 1008 534 tamen
1040 504 1185 545 resurgit
1219 504 1341 537 iterum
1373 504 1432 537 de—

98 566 257 599 siderium
283 566 458 607 Neaerae,
493 566 554 599 sed
588 565 713 608 sugatis
746 565 860 598 statim
897 566 995 599 etiam
1031 567 1079 600 his
1115 569 1204 601 curis
1238 569 1370 602 tandem
1404 570 1436 602 in

108 634 172 665 flue
209 633 366 665 carminis
403 632 446 665 ad
484 631 684 666 hilaritatem
724 632 884 665 maiorem
921 635 1092 676 pervenit,
1129 634 1261 668 iocatur
1297 635 1340 668 de
1378 645 1439 668 usu

102 699 254 741 puellae,
292 698 412 731 fortius
437 708 565 732 merum
595 698 744 742 postulat
769 701 803 730 et
828 697 1020 731 iamdudum
1044 704 1147 742 caput
1171 700 1352 742 unguentis
1376 699 1438 733 de·-

103 764 244 797 libutum
279 769 313 798 et
349 768 546 797 coronatum
585 764 677 797 velit.
735 763 841 796 Amor
878 763 1030 797 Neaerae
1066 765 1174 797 victus
1212 769 1274 797 est.
1336 765 1439 798 Vides

105 831 268 864 rationem
301 830 476 863 carminis:
514 829 656 862 redeunt
689 829 800 862 omnia
828 839 888 870 e0,
921 833 957 861 ut
983 839 1083 862 curae
1109 830 1232 862 amoris
1259 830 1436 873 pellantur,

106 906 193 936 quae
228 906 282 928 res
317 905 392 928 cum
426 905 492 928 non
517 895 630 928 statim
655 894 818 928 succedat
843 898 878 927 et
903 894 1084 928 identidem
1112 895 1283 929 relabatur
1308 897 1440 929 animus

101 962 143 994 ad
169 962 322 994 dolorem
348 965 383 994 et
407 962 602 1004 querelam,
633 962 782 995 nascitur
814 962 863 995 sic
893 966 1128 1004 argumentum
1164 964 1314 1006 elegiae,
1352 974 1439 1007 quae

102 1028 284 1059 luctantem
318 1026 456 1060 exhibet
488 1031 626 1071 poetam
661 1036 737 1060 cum
772 1027 862 1060 curis
897 1027 1043 1069 amoris,
1088 1027 1195 1062 donec
1228 1039 1285 1062 eas
1319 1029 1441 1064 vincat.

102 1100 212 1138 Atque
238 1093 320 1126 haec
346 1098 397 1127 est
421 1103 520 1136 quam
547 1093 685 1126 laudant
711 1094 854 1126 varietas
890 1094 1095 1135 affectuum,
1131 1099 1166 1128 tu
1200 1095 1293 1129 vides
1319 1096 1442 1130 luctam

105 1172 179 1194 esse
205 1171 281 1194 cum
307 1160 438 1198 eodem,
464 1165 517 1193 ter
542 1161 716 1193 relabente
743 1164 843 1204 poeta
869 1158 912 1193 ad
937 1162 1122 1203 querelam,
1148 1166 1200 1194 ter
1223 1173 1260 1195 se
1287 1163 1441 1205 erigente

106 1238 230 1260 rursus.
279 1227 407 1260 Tibulli
441 1228 596 1271 spiritum
631 1238 820 1270 nervosque
852 1230 953 1262 etiam
988 1228 1070 1263 haec
1105 1231 1214 1273 elegia
1241 1241 1306 1264 non
1334 1230 1446 1271 habet,

108 1305 271 1336 nusquam
296 1294 338 1326 ad
364 1295 429 1327 vim
457 1294 639 1328 Tibulliani
665 1296 832 1336 affectus,
856 1295 899 1328 ad
925 1295 1139 1329 Tibullianae
1165 1297 1326 1330 orationis
1351 1298 1448 1338 vigo-

106 1371 177 1393 rem
212 1370 416 1402 assurgens,
455 1370 517 1392 nec
551 1359 712 1392 valedixit
747 1360 804 1392 tali
837 1361 985 1393 carmine
1010 1361 1166 1394 Tibullus
1198 1365 1329 1393 amatae
1357 1362 1449 1403 prius

107 1424 234 1463 Deliae,
251 1423 310 1456 sed
328 1424 430 1456 tacite
449 1423 614 1456 discessit.
656 1425 773 1455 Artem
794 1434 873 1456 vero
894 1424 1020 1456 Tibulli
1043 1425 1099 1466 qui
1120 1426 1222 1466 novit,
1241 1425 1446 1458 desiderabit

107 1489 219 1521 statim
252 1488 498 1532 descriptiones
532 1487 730 1521 disertiores
763 1488 947 1521 affectuum
973 1489 1055 1521 alias
1080 1493 1182 1532 atque
1207 1491 1289 1523 alias
1316 1491 1447 1532 (it-echw

105 1553 222 1587 selnde
249 1553 440 1586 Gemiilzlde
474 1553 532 1586 des
564 1553 764 1586 Sclzmerzes
787 1553 862 1586 und
888 1553 949 1586 der
981 1554 1260 1599 Fro'lzliclzkeit),
1301 1557 1448 1589 maxime

107 1619 160 1653 hic
193 1622 424 1662 necessarias3
461 1630 577 1653 verum
613 1620 710 1653 dolor
745 1621 881 1653 omnino
915 1631 981 1653 non
1016 1621 1211 1665 depingitur
1244 1623 1447 1663 accuratius,

103 1687 164 1720 sed
191 1688 247 1719 vix
273 1691 368 1720 ortus
392 1687 504 1719 statim
531 1685 749 1728 deprimitur,
775 1683 924 1718 hilaritas
949 1689 1062 1718 autem
1087 1686 1136 1719 sic
1162 1686 1232 1719 fere
1259 1687 1450 1720 declaratur

106 1763 260 1796 semper,
294 1755 332 1784 ut
365 1750 407 1784 ad
442 1750 623 1783 bibendum
657 1760 694 1783 se
728 1748 927 1783 exhortetur
955 1754 1058 1794 poeta
1090 1755 1125 1784 et
1157 1761 1256 1784 curas
1280 1752 1375 1785 abire
1398 1753 1451 1784 iu—

112 1820 209 1859 beat,
243 1819 332 1851 nulla
359 1815 549 1861 pulchriore
575 1816 760 1849 variatione
787 1816 1028 1849 sententiarum
1054 1814 1221 1858 adhibita,
1247 1827 1287 1850 ac
1312 1818 1373 1849 nisi
1399 1818 1450 1850 lo-

117 1894 176 1916 cus
203 1883 245 1916 de
277 1883 433 1926 periuriis
458 1881 640 1914 amantium
667 1879 804 1913 adesset
830 1880 1018 1924 (45-50)‚
1053 1881 1110 1914 ubi
1135 1881 1260 1924 aliquid
1285 1886 1379 1915 certe
1403 1883 1455 1916 di-

110 1952 199 1983 citur
222 1950 385 1993 amplius,
422 1948 666 1993 propemodum
701 1945 782 1980 nihil
807 1950 943 1991 praeter
974 1947 1076 1980 verba
1104 1948 1136 1980 in
1169 1951 1241 1981 tota
1267 1949 1376 1991 elegia
1404 1949 1454 1981 vi-

111 2018 219 2051 deres.
271 2017 369 2051 Quae
394 2015 507 2059 inopia
531 2025 643 2048 rerum
669 2013 838 2056 quomodo
857 2013 1048 2046 Tibulliana
1073 2014 1179 2047 videri
1203 2016 1363 2058 potuerit,
1388 2015 1455 2047 dif-

114 2085 202 2118 ficile
228 2088 280 2117 est
304 2083 449 2125 assequi.
498 2082 595 2114 Facit
621 2080 703 2114 haec
729 2080 861 2124 inopia,
898 2084 935 2112 ut
968 2083 1077 2113 totum
1111 2091 1246 2115 carmen
1279 2081 1359 2115 nihil
1393 2082 1456 2114 nisi

119 2151 252 2184 inanem
287 2151 397 2183 lusum
431 2149 574 2182 duorum
601 2152 753 2181 motuum
789 2147 931 2188 offerat,
972 2148 1029 2190 qui
1055 2147 1226 2181 fastidium
1252 2148 1332 2182 facit
1356 2148 1459 2181 toties

119 2217 294 2260 repetitus
343 2217 525 2249 Postremo
549 2215 640 2248 aliud
666 2215 709 2248 de
734 2214 841 2247 forma
866 2214 1120 2257 compositionis
1138 2224 1272 2250 moneo.
1324 2214 1460 2248 Etenim

115 2282 235 2315 divisio
256 2282 432 2323 carminis,
457 2282 574 2324 quales
598 2282 702 2324 vulgo
729 2279 911 2322 habentur,
940 2279 993 2314 hic
1018 2285 1069 2313 est
1095 2282 1204 2314 nulla:
1244 2292 1309 2314 non
1335 2280 1459 2314 habent

115 2349 168 2382 hic
196 2349 396 2393 principium
423 2352 457 2381 et
481 2348 556 2381 finis
581 2348 672 2380 aliud
697 2349 871 2390 negotium
898 2358 998 2389 quam
1035 2348 1180 2381 medium
1207 2359 1361 2391 carmen,
1398 2349 1458 2382 sed

118 2416 293 2449 uniformis
319 2426 338 2447 a
363 2415 472 2458 primo
499 2425 598 2448 versu
625 2414 666 2448 ad
693 2415 846 2448 ultimum
882 2414 1031 2447 decurrit
1056 2415 1235 2456 tractati03
1273 2425 1347 2448 nam
1385 2418 1461 2458 post

120 2484 321 2527 principium
356 2484 481 2516 laetum
508 2482 627 2514 transit
662 2481 705 2514 ad
741 2482 945 2515 contrarium
974 2493 1129 2524 sensum,
1167 2482 1244 2516 inde
1270 2484 1307 2516 fit
1332 2483 1460 2516 reditus

121 2547 162 2581 ad
189 2548 297 2590 laeta,
336 2558 356 2580 a
388 2547 509 2589 quibus
542 2547 706 2580 relabitur
734 2547 775 2580 ad
803 2548 973 2580 tristitiam
1000 2551 1034 2580 et
1057 2548 1106 2581 sic
1132 2559 1254 2592 porro,
1296 2553 1330 2581 ut
1357 2560 1456 2592 supra

122 2615 265 2648 narravi.
315 2615 490 2648 Habemus
526 2615 630 2657 igitur
665 2614 717 2647 hic
752 2616 945 2658 exemplum
983 2617 1059 2648 talis
1092 2618 1365 2660 compositionis,
1404 2617 1459 2648 ubi

121 2683 192 2716 siue
226 2682 292 2715 ulla
327 2683 453 2716 maiore
492 2682 653 2715 divisione
688 2686 852 2725 perpetuo
881 2692 979 2716 cursu
1013 2683 1054 2714 ab
1090 2683 1182 2714 initio
1209 2682 1249 2715 ad
1278 2684 1375 2716 linem
1402 2682 1461 2712 :zb-

1000 2748 1084 2787 24*
