1721 2953
519 159 662 200 LlssR.
693 158 766 198 IV.
826 158 992 200 CARM.
1025 161 1057 199 I.
1376 168 1456 202 389

117 279 237 308 ornatu
262 285 301 308 ac
327 275 490 317 dignitate
516 272 748 317 imprimisque
774 271 939 306 latinitate
965 274 1123 316 eminent,
1150 275 1181 306 in
1210 274 1363 307 omnibus
1385 275 1455 309 sere

115 343 269 375 lectionis
295 342 457 375 bonorum
484 344 660 384 poetarum
686 343 719 372 et
745 339 942 372 imitationis
975 341 1038 373 etsi
1065 342 1261 384 plerumque
1288 342 1454 374 molestae

114 415 149 443 et
179 410 328 450 ieiunae,
356 408 506 450 *vestigia
540 409 684 440 exstant.
714 424 757 430 --
796 405 834 438 In
861 407 1056 440 laudatIOne
1086 412 1198 441 autem
1225 412 1258 440 et
1283 418 1455 441 commen-

114 477 250 509 datione
276 485 474 516 magnorum
501 476 646 507 virorum
675 473 836 517 imprimis
872 484 908 506 se
943 475 1069 507 iactare
1105 474 1297 508 debuerunt
1322 474 1455 506 illorum

113 542 283 575 hominum
317 541 472 583 ingenia,
509 545 544 574 et
578 551 621 573 ex
657 539 720 573 lioc
753 549 881 582 genere
917 537 1108 573 habendum
1143 539 1292 572 arbitror
1315 538 1454 572 Tibullo

113 618 288 652 perperam
318 608 480 640 tributum
515 606 579 640 hoc
612 616 750 639 carmen
785 605 1027 648 panegyricum
1056 606 1088 637 in
1123 605 1325 646 Messalam,
1364 604 1454 647 quod

112 673 226 715 negari
263 673 379 714 nequit
416 672 512 706 nimis
549 672 722 712 ieiunum,
761 669 869 712 magis
905 668 1110 703 rhetoricum
1146 681 1245 713 quam
1281 671 1453 714 poeticum

112 750 197 773 esse,
247 739 359 773 Etiam
386 750 503 773 versus
527 739 638 782 asperi
667 739 782 782 plures
807 738 982 771 intertexti
1008 738 1120 771 sunt.“
1169 738 1362 782 Disputavit
1387 749 1450 772 nu-

112 817 170 849 per
196 806 228 838 iu
256 805 396 839 eandem
422 805 622 838 seutentiam
648 804 698 837 vir
724 804 953 845 doctissimuS,
980 804 1107 837 amicus
1135 805 1325 838 Aucusrns
1351 805 1453 838 Wffl-

112 882 276 905 eumerus
301 873 335 905 in
359 872 458 905 Poet.
479 871 752 913 Latin-*Reliqq
780 880 813 912 p.
835 870 905 901 214
923 879 995 911 sqq.
1047 868 1123 910 Ego
1149 873 1262 902 tamen
1288 870 1450 903 Bsccmo

110 938 223 980 potius
248 937 433 979 assentior,
466 940 641 970 auctorem
675 936 841 980 poematis
877 945 979 969 unum
1010 946 1053 969 ex
1079 936 1119 968 iis
1144 936 1321 970 iuvenibus
1348 936 1452 970 fuisse

108 1003 279 1044 censenti,
315 1003 374 1046 qui
408 1003 527 1037 eadem
561 1013 627 1046 qua
653 1003 811 1036 Tibullus
845 1004 969 1046 aliique
1005 1003 1141 1048 publica
1175 1004 1368 1037 calamitate
1400 1003 1453 1036 af-

109 1071 190 1104 flicti
225 1074 259 1104 et
290 1071 409 1114 patriis
441 1071 538 1104 bonis
570 1073 663 1104 exuti
700 1074 823 1104 essent.
883 1071 986 1107 Quod
1012 1071 1099 1105 enim
1129 1071 1265 1104 maximi
1291 1071 1452 1104 momenti

109 1136 216 1170 videri
241 1137 345 1170 debet
377 1137 410 1169 in
436 1137 615 1170 iudicanda
641 1136 704 1171 hac
729 1138 949 1180 quaestione,
983 1138 1150 1172 Latinitas
1176 1149 1257 1183 pura
1284 1142 1354 1180 est,
1386 1148 1450 1171 nec

108 1203 151 1235 ab
177 1204 343 1245 Augustei
369 1204 495 1237 saeculi
529 1214 592 1237 usu
627 1205 778 1246 recedit,
813 1205 1080 1239 concedentibus
1113 1206 1287 1247 omnibus,
1323 1206 1452 1239 nullum

108 1270 140 1302 in
177 1271 331 1304 oratione
369 1271 510 1314 reperiri
549 1272 688 1305 serioris
727 1272 849 1305 aetatis
887 1273 1078 1315 vestigium.
1142 1274 1186 1305 At
1222 1272 1451 1305 adulationem

107 1335 262 1377 nimiam,
299 1339 334 1369 et
369 1337 671 1379 exaggerationem
707 1337 815 1370 laudis
849 1341 887 1371 et
919 1347 1006 1380 quae
1038 1338 1103 1371 alia
1130 1336 1320 1371 huiusmodi
1348 1346 1451 1380 supra

103 1399 346 1441 indicavimus,
379 1401 516 1434 serioris
550 1403 671 1435 aetatis
705 1403 828 1436 dices?
876 1405 1005 1438 Verum
1031 1413 1096 1436 non
1122 1407 1216 1436 certa
1248 1404 1346 1444 signa
1371 1405 1450 1436 sunt

104 1465 184 1499 talia
217 1476 278 1509 per
309 1476 359 1507 se,
393 1476 481 1509 quae
516 1467 617 1500 etiam
650 1467 693 1499 ab
726 1467 864 1510 ingenio
898 1470 1022 1511 poetae
1056 1467 1197 1510 eiusque
1221 1468 1330 1500 minus
1356 1467 1450 1500 culto

100 1531 228 1565 iudicio
257 1533 365 1576 repeti
389 1536 551 1576 possunt,
586 1542 628 1565 ac
663 1533 778 1566 nescio
811 1543 853 1566 an
879 1533 1015 1566 omnino
1052 1536 1123 1566 tota
1155 1532 1368 1566 tractationis
1394 1541 1450 1565 ars

103 1600 334 1644 imperfectior
358 1601 460 1633 etiam
487 1600 566 1633 inde
593 1601 739 1642 aliquam
765 1601 1022 1634 excusationem
1047 1600 1189 1642 habeat,
1215 1600 1306 1643 quod
1331 1600 1453 1642 Virgi-

101 1665 210 1697 lianae
244 1675 390 1708 poeseos
425 1665 543 1708 epicae
573 1664 822 1706 magnificentia
858 1664 1005 1697 nondum
1038 1666 1204 1698 exstabat.
1255 1666 1448 1708 Argumen-

101 1735 173 1765 tum
214 1741 316 1775 porro
357 1741 401 1765 ex
434 1730 548 1773 Valgii
583 1731 755 1763 mentione
790 1731 873 1763 mira
908 1731 1050 1774 petitum
1085 1731 1327 1764 infirmabimus
1362 1731 1448 1764 infra

101 1801 134 1833 in
157 1799 415 1844 Explicatione‚
451 1809 515 1832 nec
547 1798 759 1831 Salassorum
786 1799 970 1842 praeterita
996 1799 1030 1832 in
1055 1799 1155 1831 laude
1181 1799 1353 1832 Messalae
1380 1798 1446 1832 de-

100 1865 240 1898 bellatio
265 1864 430 1898 eiusmodi
453 1863 606 1906 videtur,
639 1868 677 1896 ut
700 1864 862 1897 seriorem
889 1868 1035 1898 aetatem
1063 1865 1194 1908 probet.
1245 1866 1343 1900 Quae
1368 1876 1445 1900 cum

100 1932 146 1965 ita
169 1932 254 1972 sint,
286 1931 470 1973 genuinum
494 1929 604 1963 habeo
630 1929 694 1963 hoc
718 1940 873 1970 carmen,
910 1930 940 1964 li.
969 1941 999 1963 e.
1027 1941 1107 1964 vere
1131 1933 1295 1975 scriptum
1320 1943 1445 1966 cousu-

101 1997 189 2030 latus
215 1996 384 2029 Messalae
417 2000 573 2039 tempore
606 1999 640 2029 et
664 1994 741 2028 huic
768 1996 926 2038 missum',
963 2000 1082 2040 postea
1114 2008 1194 2031 vero
1227 2009 1302 2032 cum
1338 2000 1445 2034 altera

101 2067 198 2108 parte
223 2063 300 2096 libri
325 2063 436 2106 quarti
464 2062 606 2106 editum,
630 2064 701 2096 sive
726 2063 816 2106 quod
841 2063 999 2096 Tibullus
1024 2067 1144 2097 auctor
1168 2064 1350 2107 videretur,
1375 2066 1446 2099 sive

100 2128 190 2172 quod
224 2132 364 2172 propter
399 2128 569 2161 Messalae
605 2138 727 2161 nomen
755 2139 831 2161 cum
856 2128 1057 2162 Tibullianis
1082 2130 1116 2163 id
1142 2131 1301 2173 coniungi
1328 2132 1445 2175 place—

100 2199 163 2228 ret.
211 2194 299 2228 lllud
325 2193 405 2228 mihi
430 2195 606 2238 probabile
632 2194 785 2237 videtur,
811 2195 1094 2238 quemadmodum
1120 2197 1190 2231 dixi
1216 2198 1249 2232 in
1277 2198 1355 2232 Vita
1380 2198 1442 2232 Ti-

101 2260 203 2302 bulli,
238 2259 301 2294 hoc
329 2261 512 2294 amicorum
539 2259 672 2294 cuidam
698 2271 849 2294 meorum
875 2261 1041 2304 placebat.
