1721 2953
493 172 634 213 LIBR.
665 172 717 211 II.
774 170 931 212 ELEG.
959 172 1012 213 V.
1337 178 1418 211 290

85 292 133 324 ita
167 291 346 325 manifesto
370 290 528 334 languida
552 291 707 323 iunctura
741 291 795 321 est
826 287 1021 321 ultimorum
1045 287 1223 321 verborum
1250 289 1284 320 et
1308 286 1420 320 ieiuna

83 358 293 400 epexegesis.
344 358 459 392 Quare
482 355 603 388 melior
635 354 769 387 videtur
801 353 909 386 altera
934 354 1158 397 interpunctio
1184 353 1417 387 LicnmNNo

83 422 235 465 probata,
261 422 357 455 cuius
381 420 465 453 haec
489 422 598 453 ratio:
625 421 709 451 Cum
733 419 868 452 saucius
893 419 957 451 iam
983 423 1090 452 totum
1116 430 1238 452 annum
1264 419 1359 452 iaceo
1385 423 1421 452 et

82 487 193 520 nutrio
217 487 392 528 morbum,
420 498 496 518 cum
522 486 672 519 delectat
692 486 765 529 ipse
791 485 888 518 dolor
915 484 1020 527 (quae
1045 487 1148 519 verba
1172 491 1254 530 puta
1280 485 1420 530 empha-

81 555 182 586 ticam
216 554 453 598 repetitionem
487 557 664 597 protaseos
689 553 808 596 esse),
844 553 889 585 nil
916 553 977 585 nisi
1004 553 1176 587 Nemesim
1210 554 1325 596 cogito
1358 564 1422 586 nec

80 630 215 652 versum
241 630 378 663 possum
402 620 515 653 facere
540 620 612 654 sine
637 630 688 653 ea.
750 619 849 652 Haec
875 620 1082 652 constructio
1107 620 1281 652 nervosior
1305 623 1339 651 et
1363 619 1422 650 fir-

82 685 167 717 mior
201 687 442 720 sententiarum
475 687 641 720 iunctura.
692 686 767 720 Nec
802 696 888 729 opus
921 686 1054 718 videtur
1087 686 1281 719 coniectura
1315 684 1421 717 auda-

82 752 173 784 ciore
198 757 271 783 tam
297 762 348 796 pr.
375 764 470 788 cam,
508 753 537 785 si
570 752 634 786 hoc
659 753 760 785 colon
785 751 911 795 accipis
937 754 973 783 ut
997 750 1151 783 indicavi.
1203 751 1314 792 Atque
1340 748 1423 782 haec

83 816 255 851 hactenus.
287 836 334 842 —
372 818 552 851 Postremo
588 817 630 850 de
664 817 773 849 forma
811 817 915 849 totius
952 816 1056 859 partis
1093 816 1250 847 nonnulla
1287 824 1422 847 moneo.

82 881 135 914 Ab
172 883 386 925 oppositione
420 882 636 915 adversarum
671 891 783 914 rerum
820 892 840 913 a
878 881 1019 922 Sibyllis
1056 881 1135 914 olim
1172 880 1423 924 praedictarum

82 949 202 981 transit
235 948 278 981 ad
312 948 413 981 fausti
447 949 524 981 anni
556 948 753 982 felicitatem
788 947 1065 988 describendam,
1103 957 1202 989 quam
1237 949 1425 988 auguratur

80 1012 238 1047 futuram.
290 1015 389 1050 Quae
411 1014 594 1059 descriptio
620 1016 780 1059 bipartita
805 1026 866 1059 per
891 1015 1146 1057 gradationem;
1174 1023 1249 1046 nam
1275 1012 1420 1056 primum

84 1079 125 1112 de
157 1084 323 1123 proventu
349 1092 514 1125 prospero
540 1082 617 1114 anui
648 1081 740 1122 dicit,
767 1080 887 1113 deinde
913 1080 955 1113 de
980 1079 1112 1122 gaudiis
1138 1079 1300 1112 festorum
1326 1088 1426 1110 rura-

84 1146 178 1179 lium.
235 1147 324 1180 Vide
361 1158 449 1180 nunc
483 1148 584 1180 etiam
620 1146 738 1179 horum
774 1147 925 1179 locorum
959 1145 1095 1178 formas.
1153 1144 1191 1177 In
1227 1144 1335 1188 primo
1373 1145 1427 1175 est

82 1222 169 1244 nova
195 1212 350 1254 gradatio
374 1213 560 1256 tripartita:
596 1212 733 1255 ponitur
757 1212 845 1244 enim
870 1210 1005 1252 frugum
1031 1210 1188 1250 ubertas,
1214 1208 1346 1252 pecoris
1373 1206 1426 1239 fe-

84 1285 179 1321 tura,
216 1284 444 1314 matronarum
480 1280 682 1313 fecunditas.
731 1279 829 1312 Alter
863 1278 897 1310 in
930 1276 1158 1321 descriptione
1192 1276 1269 1309 festi
1303 1274 1425 1308 ruralis

83 1347 203 1378 transit
228 1346 270 1379 ad
296 1347 420 1378 amoris
453 1345 606 1378 iuvenilis
631 1343 800 1376 licentiam
834 1342 1014 1383 rixasque,
1053 1341 1241 1374 admiscens
1266 1340 1314 1372 sic
1342 1349 1426 1372 con-

84 1411 246 1444 rivalibus
272 1411 405 1453 gaudiis
430 1411 564 1444 dolores
590 1411 714 1443 amoris
736 1414 1000 1452 temperansque
1023 1408 1166 1439 alterum
1192 1408 1313 1439 altero.
1362 1408 1427 1438 At-

83 1478 140 1520 qui
174 1476 227 1511 hic
261 1482 433 1521 postremo
462 1477 564 1510 etiam
589 1486 727 1510 suorum
757 1474 912 1508 dolorum
947 1471 1168 1513 recordatur,
1207 1475 1244 1504 ut
1281 1482 1299 1504 a
1334 1471 1428 1504 nullo
1473 1482 1476 1485 ·

82 1544 153 1576 sere
179 1544 328 1577 carmine
351 1543 448 1576 abest
472 1542 680 1586 querimonia
706 1545 838 1585 poetae.

179 1610 221 1643 V.
260 1609 410 1642 113-ad
445 1610 558 1641 finem.
617 1607 792 1639 Exitus.
854 1605 914 1637 De
962 1602 1205 1646 triumphis
1254 1602 1428 1636 futuris

84 1675 346 1715 Messalini,
382 1684 492 1716 quos
527 1672 747 1705 similiter
780 1669 1019 1702 celebrare
1053 1671 1180 1712 cupit
1213 1670 1329 1702 olim.

179 1740 220 1773 V.
247 1742 314 1772 113
340 1750 412 1781 sqq.
462 1739 515 1771 At
541 1741 595 1770 tu.
647 1738 746 1769 Amat
771 1734 856 1768 hanc
883 1735 1080 1778 particulam
1107 1736 1139 1767 in
1166 1735 1279 1776 exitu,
1320 1736 1426 1768 veluti

81 1805 111 1847 I,
137 1808 171 1847 2,
197 1808 255 1839 89.
291 1807 325 1846 3,
349 1807 406 1837 83.
467 1804 553 1837 Cum
589 1805 695 1836 Amor
729 1802 886 1836 Nemesis
922 1803 1012 1835 vires
1048 1801 1176 1834 Tibulli
1213 1801 1426 1843 infringeret,

84 1880 246 1914 perquam
272 1874 351 1913 apta
377 1873 429 1901 est
453 1868 536 1902 haec
561 1867 777 1912 apostrophe.
806 1886 847 1891 —
883 1878 1037 1911 parce,
1070 1878 1112 1900 ne
1138 1872 1259 1910 torque
1286 1868 1425 1900 nimium

85 1936 209 1969 duritia
233 1940 268 1969 et
293 1935 464 1979 superbia.
489 1953 534 1957 —
571 1944 661 1966 nam
696 1933 842 1965 divum
876 1936 1034 1966 servat
1059 1936 1124 1967 etc.
1173 1933 1266 1965 Satis
1291 1937 1426 1965 constat

85 2003 129 2036 de
154 2003 214 2036 tali
241 2013 305 2036 usu
333 2001 576 2046 parentheseos
606 2001 647 2033 ad
683 2011 818 2033 causam
854 1998 1146 2043 praemittendam.
1172 2018 1219 2023 —
1259 1999 1426 2043 oppida

85 2070 228 2112 victa,
261 2068 418 2102 usitatius
442 2073 566 2111 capta,
604 2070 642 2099 ut
666 2067 853 2099 PROPERT.
878 2064 939 2106 ΙΙΙ,
965 2066 998 2106 4,
1028 2067 1083 2097 16.
1118 2064 1176 2096 ubi
1201 2064 1277 2097 vide
1304 2064 1426 2097 Bnmu.

88 2134 249 2167 Ceterum
273 2137 405 2167 constat
431 2132 651 2176 oppidorum,
677 2131 861 2171 montium,
893 2130 1070 2172 regionum
1096 2130 1261 2173 imagines
1287 2130 1425 2165 ferculis

85 2202 262 2245 impositas
296 2201 521 2244 praecessisse
545 2210 680 2233 currum
705 2198 961 2243 triumphalem,
994 2198 1039 2231 cf.
1064 2199 1172 2231 Ovm.
1198 2200 1272 2232 Art.
1298 2200 1371 2232 Am.
1398 2200 1431 2240 I,

87 2272 154 2302 217
182 2279 254 2310 sqq.
279 2285 326 2292 —
364 2267 490 2299 lauro
525 2265 765 2299 devinctus
801 2263 987 2306 agresti.
1037 2264 1275 2307 Decerpebant
1300 2264 1423 2296 milites

87 2333 350 2377 triumphantem
384 2332 534 2365 secuturi
568 2342 679 2365 ramos
712 2343 731 2365 e
766 2332 880 2372 lauro,
918 2340 977 2363 eos
1002 2340 1101 2362 manu
1126 2330 1291 2372 gerebant
1314 2330 1423 2373 iisque

89 2400 219 2442 galeam
246 2398 420 2431 ornabant.
469 2396 570 2432 Quod
602 2397 740 2429 Fsss‘rus
766 2396 952 2429 Pommsms
982 2394 1107 2427 factum
1133 2395 1233 2436 dicit,
1267 2398 1305 2428 ut
1330 2396 1426 2438 quasi

91 2465 226 2506 purgati
251 2475 271 2496 a
296 2462 401 2496 caede
427 2462 542 2494 urbem
569 2462 742 2494 intrarent.
769 2478 816 2485 —
853 2459 928 2493 det
960 2461 1230 2503 spectacula
1266 2461 1428 2494 turbae

93 2528 146 2561 Et
172 2529 376 2572 plaudat,
402 2527 574 2572 plaudens.
600 2546 646 2552 —
680 2528 745 2561 sic
770 2527 855 2560 tibi
880 2527 991 2569 sint,
1015 2526 1058 2560 cs.
1083 2526 1126 2560 ad
1147 2527 1174 2568 1,
1198 2529 1231 2568 4,
1257 2530 1286 2560 l.

536 2644 985 2660 ἡ*
