1721 2953
269 129 342 166 162
570 120 939 162 COMMENTAR.
973 120 1031 161 IN
1064 121 1291 163 TIBULLI

364 241 403 275 V.
428 241 473 272 49
491 248 540 279 sq.
593 235 683 268 Huc
707 233 826 268 ades.
876 234 976 268 Adsis
1002 242 1090 268 nunc
1116 235 1266 268 laetitiae
1291 233 1389 267 dator
1413 233 1489 267 huic
1515 232 1611 267 festo.

252 308 355 343 .Nam
378 304 509 337 Genius
534 300 671 334 illustris
695 299 757 333 viri
782 303 835 332 est
859 299 999 332 illustris
1025 299 1121 341 deus,
1148 301 1243 333 cuius
1267 300 1373 333 sacris
1399 297 1612 332 celebrandis

266 370 480 417 provincialis
506 368 590 401 deus
615 370 710 400 recte
734 365 892 399 advocari
921 367 1042 410 potuit.
1069 382 1116 390 —-
1160 369 1338 399 centum
1372 365 1492 398 ludis
1528 366 1610 398 Ge-

265 441 474 479 niumque
509 433 690 468 choreis
722 433 1015 475 concelebra,
1053 431 1085 465 h.
1112 443 1142 466 e.
1177 436 1313 466 centum
1347 430 1435 464 ludis
1461 429 1612 463 choreis-

264 515 330 546 que
366 504 454 536 Gen.
479 500 700 542 concelebra,
744 500 793 532 uti
831 500 896 532 iam
931 500 1214 533 Bnoucrfflusxus
1246 498 1350 539 vidit,
1389 497 1615 530 collocatione

265 570 444 603 verborum
469 565 707 606 usitatissima,
734 565 838 597 veluti
862 564 890 598 si
915 564 1025 597 dicas:
1056 563 1159 607 pacis
1191 574 1270 596 eras
1296 562 1498 608 mediasque
1524 560 1615 597 belli,

265 636 332 669 vid.
359 635 401 668 ad
428 634 456 675 1,
479 635 514 674 2,
539 635 596 666 42.
631 635 665 664 et
690 631 716 672 Ι,
745 633 776 672 l,
802 633 860 664 51.
919 631 1034 666 Quare
1066 630 1154 663 bene
1188 629 1402 663 emendatum
1435 632 1488 661 est
1521 625 1615 658 ludis

265 713 284 734 a
310 701 447 733 S‘rmro
481 702 516 731 et
545 698 579 731 in
614 696 712 730 codd.
737 697 868 738 aliquot
894 705 943 739 pr.
968 695 1089 731 ludos,
1126 706 1212 737 quae
1247 695 1349 728 lectio
1383 694 1426 726 ab
1462 694 1502 727 iis
1536 693 1615 725 oriri

265 766 399 810 potuit,
433 764 490 806 qui
514 762 612 796 ludos
637 761 854 803 Geniumque
880 759 1088 802 iungendum
1114 764 1293 793 censerent
1317 759 1530 802 ignoratione
1555 768 1615 790 ve-

263 842 322 867 rae
348 829 619 864 constructionis.
670 828 754 861 Aliis
785 826 838 860 hic
873 827 1115 860 mutationibus
1148 837 1215 859 non
1250 836 1347 870 opus.
1397 824 1498 861 Quod
1525 824 1612 858 enim

264 900 475 933 HUSGHKIUS
499 897 680 940 proponIt:
718 901 751 927 et
780 894 927 927 Genium
962 894 1057 926 ludis
1082 899 1290 939 centumque
1319 893 1471 929 choreis,
1506 892 1613 925 mani-

263 968 351 1000 festo
380 965 528 999 deterius
553 967 625 1005 est,
663 973 724 996 nec
750 968 888 994 centum
913 963 985 994 iure
1021 961 1201 1004 displicere
1235 964 1348 1003 potest
1379 964 1417 992 ut
1450 964 1614 990 sanctum

265 1032 423 1066 emendes
460 1040 536 1064 cum
570 1030 704 1062 Gyaro
741 1033 775 1061 et
810 1029 957 1068 vossm,
999 1037 1075 1060 cum
1110 1027 1266 1059 Ovmms
1301 1025 1392 1057 dicat
1424 1024 1534 1066 Epist.
1571 1033 1613 1056 ex

263 1100 375 1132 Ponto
399 1097 460 1137 lv,
481 1099 514 1139 9,
541 1098 619 1128 115.
645 1095 721 1126 loco
746 1093 788 1124 ab
814 1093 887 1135 ipso
914 1093 1041 1125 Vossro
1067 1095 1202 1123 notato:
1241 1089 1393 1122 Pontica
1419 1099 1469 1120 me
1495 1087 1613 1123 tellas,

264 1164 410 1211 quantis
450 1162 517 1194 hac
550 1171 739 1205 possumus
774 1170 856 1195 ora,
893 1158 1050 1190 natalem
1086 1156 1181 1189 ludis
1218 1156 1286 1188 scit
1326 1154 1498 1188 celebrare
1535 1154 1612 1187 Dei.

263 1229 447 1261 Illustravit
485 1231 624 1258 centum
668 1225 711 1258 de
754 1234 878 1266 magno
921 1233 1061 1256 numero
1099 1222 1227 1255 dictum
1268 1221 1354 1255 bene
1391 1221 1610 1254 Huscnxms.

263 1293 478 1328 Multimodis
503 1293 590 1325 enim
616 1292 704 1324 ludis
731 1291 881 1332 iocisque
908 1289 1140 1323 exhilarabant
1165 1289 1224 1322 tali
1249 1289 1302 1322 die
1329 1289 1496 1329 Genium,
1528 1297 1614 1330 quos

263 1373 350 1395 nunc
372 1363 481 1395 Osiris
506 1360 630 1393 docere
654 1358 767 1391 debet.
798 1376 836 1381 —
876 1361 1079 1400 tempora
1112 1356 1247 1389 funde
1280 1366 1418 1397 mero,
1449 1353 1491 1388 cf.
1518 1354 1559 1387 ad
1586 1354 1613 1395 Ι,

263 1431 297 1470 2,
323 1433 357 1462 3.
408 1429 537 1461 Ducem
571 1425 643 1457 vult
677 1424 778 1456 etiam
813 1424 846 1455 in
880 1421 943 1455 hoc
976 1421 1078 1454 deum
1113 1431 1188 1454 esse
1221 1421 1344 1454 ceteris
1379 1420 1540 1453 convivis.
1566 1437 1613 1446 —-

265 1496 307 1530 V.
333 1497 390 1528 51.
418 1496 474 1527 52.
523 1491 636 1524 Etiam
663 1490 794 1522 Genius
820 1489 893 1532 ipse
928 1489 1017 1521 laete
1051 1491 1191 1520 ornatus
1223 1487 1321 1520 adsit.
1373 1487 1511 1520 Stillent
1542 1487 1614 1520 eius

263 1562 394 1606 capillis
419 1562 611 1601 unguenta,
646 1560 684 1588 ut
713 1566 787 1588 mos
820 1559 893 1588 erat
926 1554 984 1587 ubi
1019 1554 1094 1596 quis
1129 1554 1237 1597 epulis
1269 1554 1460 1586 interesset.
1511 1552 1614 1588 Quod

262 1629 350 1663 euim
375 1627 654 1659 Bnoocmmsms
679 1621 922 1654 amoenitatum
949 1618 1124 1663 praesides
1150 1618 1244 1658 de05‚
1270 1618 1518 1659 Hymenaeum,
1544 1619 1613 1652 Ve-

261 1703 396 1734 nerem,
421 1689 605 1733 Cupidines
630 1698 764 1720 amomo
787 1690 906 1720 unctos
932 1688 1127 1729 comparat,
1153 1695 1194 1717 eo
1222 1695 1288 1718 non
1314 1695 1420 1728 opus3
1454 1685 1614 1718 solemnis

262 1760 388 1794 mentio
413 1756 588 1790 nitentium
624 1755 804 1796 unguentis
839 1754 1038 1797 capillorum
1066 1753 1098 1784 iu
1126 1752 1325 1785 lautioribus
1352 1752 1532 1793 conviviis,
1568 1750 1611 1784 cf.

262 1837 290 1857 v.
317 1835 346 1857 c.
377 1824 519 1856 Horum
547 1822 591 1862 ll,
617 1826 652 1862 7,
675 1825 709 1854 7.
752 1821 813 1862 11],
847 1825 881 1862 7,
919 1824 976 1854 22.
1038 1820 1120 1853 Erat
1153 1830 1208 1853 res
1244 1820 1379 1852 omniuo
1416 1824 1451 1851 et
1484 1818 1612 1852 delica-

260 1893 383 1923 tiorum
422 1893 456 1921 et
491 1898 608 1920 eorum
644 1886 701 1928 qui
738 1886 850 1918 Genio
880 1885 1107 1927 indulgerent.
1168 1885 1330 1917 Ceterum
1367 1883 1517 1917 nitido
1551 1893 1612 1926 per

258 1956 432 2000 prolepsin
460 1955 586 1987 dietum
613 1952 707 1985 vides
735 1956 774 1984 ut
801 1952 828 1992 Ι,
854 1955 888 1992 8,
920 1955 979 1993 {63
1016 1952 1101 1984 nitet
1136 1952 1224 1985 enim
1258 1952 1451 1993 unguentis.
1502 1950 1603 1985 Quod

257 2033 323 2055 non
348 2023 495 2054 ieiunum
521 2019 574 2052 hic
600 2022 672 2059 est,
709 2017 768 2050 sed
804 2017 917 2060 placet
945 2027 1088 2050 nervosa
1114 2016 1301 2050 cumulatio
1327 2015 1511 2059 similium,
1551 2017 1608 2049 ubi

256 2100 322 2122 uua
355 2088 447 2121 notio
474 2087 561 2118 laeta
586 2088 728 2126 reguat3
765 2095 842 2116 nam
869 2084 978 2117 laetus¹
1005 2083 1139 2116 habitus
1174 2083 1229 2116 dei
1259 2087 1331 2124 est,
1368 2093 1470 2124 quem
1497 2082 1607 2115 omnia

256 2155 449 2198 significare
476 2152 618 2184 debent.
663 2151 841 2192 Cogitabis
867 2155 981 2183 autem
1009 2151 1110 2183 etiam
1138 2150 1353 2183 simulacrum
1380 2148 1433 2181 dei
1459 2148 1608 2191 ligneum

257 2230 346 2253 nunc
383 2219 447 2251 lioc
483 2217 584 2250 modo
619 2219 794 2257 ornatum,
835 2220 871 2248 ut
905 2219 1065 2248 notarunt
1100 2216 1315 2258 interpretes.
1365 2214 1486 2247 Stabat
1519 2213 1607 2246 enim

258 2285 358 2319 Genii
385 2285 600 2317 sinmlacrum
626 2282 852 2315 adolescentis
876 2283 1026 2325 speciem
1054 2282 1205 2314 referens
1231 2281 1317 2314 iuter
1338 2281 1446 2313 Lares
1472 2280 1502 2312 in
1530 2278 1605 2312 soco

256 2350 342 2383 atrii.
393 2349 470 2381 Hoc
496 2348 661 2381 ornabant
687 2347 741 2380 die
768 2347 870 2379 natali
895 2347 1039 2388 aliisque
1070 2346 1164 2379 festis
1192 2346 1348 2387 corollis,
1382 2344 1487 2378 nardo
1511 2344 1606 2377 aliis-

256 2426 322 2458 que
348 2413 540 2456 unguentis,
567 2417 602 2446 et
625 2412 844 2456 apponebant
873 2413 939 2444 liba
965 2417 999 2445 et
1025 2412 1110 2445 vina.
1162 2411 1216 2444 Cf.
1242 2411 1366 2444 Hem.
1389 2410 1432 2442 ad
1457 2409 1498 2451 ll,
1519 2412 1603 2453 251.

259 2483 356 2515 Voss.
391 2480 433 2513 ad
471 2479 565 2521 virg.
605 2479 791 2520 Georg.1‚
829 2491 860 2522 p.
891 2480 968 2512 145.
1019 2478 1131 2520 Atque
1156 2476 1240 2510 llaec
1268 2475 1437 2508 hactenus.
1488 2473 1605 2507 Adda-

256 2558 330 2581 mus
356 2551 482 2580 cetera.
507 2562 553 2568 -
578 2544 648 2577 Pro
673 2545 822 2577 lectione
847 2543 946 2576 illius
971 2548 1025 2578 et,
1051 2552 1151 2585 quam
1175 2540 1312 2574 reduxit
1337 2540 1601 2580 meumuus,

257 2624 322 2654 ego
360 2622 436 2645 cum
472 2610 546 2644 aliis
583 2610 710 2653 probo:
750 2610 878 2643 illius
915 2619 944 2642 e.
1001 2607 1080 2643 Etsi
1110 2607 1197 2641 enim
1234 2617 1294 2650 per
1325 2616 1363 2639 se
1387 2606 1510 2649 copula
1535 2613 1603 2639 non
