1721 2953
270 157 352 195 364
590 152 960 197 COMMENTAR.
990 156 1050 198 IN
1078 157 1305 201 TIBULLI

270 282 350 306 vero
375 271 487 306 aliena
511 280 600 306 esse.
650 270 773 314 Neque
797 275 909 307 tamen
937 274 1014 308 eiici
1039 274 1223 319 quidquam
1250 275 1364 320 debet,
1387 277 1447 311 sed
1469 277 1611 322 Lygda-

267 348 341 372 mus
375 336 531 381 peccavit
564 339 602 369 ut
633 337 747 371 toties.
811 338 984 374 anmus
1019 342 1076 384 qui
1109 345 1218 376 totum
1253 343 1369 377 locum
1401 354 1432 377 v.
1456 347 1490 378 2.
1517 348 1551 378 et
1576 347 1609 378 3.

267 407 430 439 insertum
455 403 557 447 dicit,
590 407 693 447 atque
717 405 762 438 ita
788 406 918 450 iungit:
961 407 1031 441 Vos
1056 413 1152 440 tenet
1177 408 1344 442 Etruscis
1368 416 1491 442 manat
1519 421 1610 456 qnae

259 468 428 516 sontibus
450 469 558 507 unda,
582 470 680 503 Dum
704 482 740 503 se
757 482 935 517 purpureo
955 485 1035 506 vere
1060 473 1210 506 remittit
1232 474 1351 512 hiems,
1376 487 1441 509 non
1459 476 1611 510 animad-

273 536 373 569 vertit
396 535 521 569 iterum
545 537 695 570 ieiunum
720 540 755 570 et
779 537 879 582 plane
904 539 1057 572 inutilem
1085 544 1331 583 pentametrum
1357 541 1485 585 haberi,
1510 553 1610 587 prae-

264 604 357 634 terea
384 611 464 635 vero
490 612 578 635 nunc
603 601 725 636 deesse
749 602 804 646 id,
828 603 862 637 in
887 614 957 646 quo
983 606 1156 648 oppositio
1182 607 1320 650 poetica
1345 608 1413 642 loci
1441 614 1608 643 versatur.

263 667 488 703 Redeundum
523 669 630 713 igitur
662 674 715 704 est
751 670 794 704 ad
829 671 887 714 id,
925 672 1016 715 quod
1051 676 1130 706 ante
1163 672 1246 706 dixi.
1282 691 1328 697 —
1372 673 1606 718 purpnr'eo

262 747 390 780 vere,
423 741 563 782 propter
587 739 710 781 flores,
744 743 782 772 ut
806 739 958 773 Vnum..
982 739 1106 782 Eclog.
1132 739 1194 783 IX,
1219 742 1277 774 40.
1313 741 1473 775 PINDAR.
1504 740 1608 784 Pyth.

261 803 323 846 IV,
347 806 415 838 64:
449 807 712 845 φοινικανθέμου
735 795 816 851 ἦρος
841 802 951 849 ιῖκμζῖ,
974 805 1092 838 Isthm.
1118 805 1181 848 ΙΙΙ,
1206 809 1272 840 36:
1298 807 1458 839 ποικίλων
1482 808 1606 850 μηνῶν,

261 869 319 903 ubi
345 870 422 904 vide
448 872 701 905 annotationem
726 875 888 904 nostram.
907 890 954 895 -
978 882 1025 905 se
1050 872 1265 914 remittit,
1292 882 1335 905 ex
1359 872 1510 915 frigore,
1537 883 1606 916 quo

261 937 423 972 adstricta
458 939 579 973 suerat.
618 940 728 975 Ovm.
753 939 848 977 Fast.
874 939 933 981 lV,
962 942 1048 973 126:
1088 951 1167 973 vere
1201 939 1319 972 nitent
1353 946 1490 977 terrae,
1529 952 1608 973 vere

261 1005 427 1040 remissus
452 1018 549 1052 ager.
597 1007 686 1042 Vide
711 1007 1069 1040 Mmscnssnnmmnnr
1094 1007 1137 1040 ad
1163 1006 1286 1041 Horat.
1311 1007 1339 1048 I,
1364 1009 1397 1048 4,
1426 1011 1478 1040 10.
1505 1011 1538 1040 et
1564 1007 1606 1040 ad

260 1072 393 1106 initium
430 1071 529 1106 odae.
588 1072 762 1106 Hermus
801 1071 917 1105 laudat
957 1071 1087 1105 Hssms.
1126 1076 1161 1105 et
1195 1072 1395 1106 BunuANN.
1429 1072 1472 1105 ad
1506 1073 1606 1106 Ovid.

260 1137 403 1172 Heroid.
428 1139 472 1181 ΙΙ,
505 1142 584 1174 123.
609 1157 656 1164 —-
696 1139 739 1174 V.
765 1142 799 1172 5.
826 1141 858 1172 6.
886 1138 1057 1181 nigram
1085 1137 1254 1182 horam,
1280 1143 1317 1172 ut
1342 1141 1535 1175 PROPERT.
1559 1141 1604 1183 ΙΙ,

257 1207 316 1248 24,
340 1208 408 1240 34:
446 1207 545 1251 niger
571 1205 654 1240 dies.
705 1205 804 1240 Nunc
829 1207 992 1250 opposuit
1016 1206 1246 1249 locutionem,
1284 1209 1322 1239 ut
1347 1210 1456 1249 amat,
1493 1206 1606 1240 verbis

253 1284 433 1318 purpureo
459 1285 557 1308 vere..
596 1274 707 1307 Porro
741 1273 1000 1315 denuntiat,
1035 1284 1102 1307 vox
1134 1275 1260 1309 minax.
1311 1275 1500 1308 Pnommr.
1528 1275 1606 1308 lau-

258 1337 362 1372 dante
387 1339 528 1372 VULPIO
551 1339 611 1381 IV,
635 1341 669 1381 3,
694 1341 760 1373 61:
785 1338 845 1370 ille
871 1338 943 1371 dies
969 1338 1088 1372 hornis
1114 1340 1252 1372 caedem
1278 1340 1467 1373 denuntiat
1486 1340 1603 1385 agnis.

256 1406 355 1439 Adde
382 1407 689 1439 Bnoucmmsmm.
738 1407 785 1439 At
809 1407 969 1440 Pmmn.
994 1405 1112 1439 Isthm.
1145 1407 1210 1440 vll
1237 1406 1371 1449 (vm),
1403 1410 1468 1441 55:
1503 1408 1603 1446 δῶμα

258 1468 470 1516 Φερσεφόνας
494 1467 631 1510 μανύων
657 1470 752 1503 dixit.
778 1488 824 1493 —
860 1481 996 1514 parce
1021 1481 1207 1513 nocere,
1245 1471 1395 1514 abstine,
1431 1476 1469 1505 ut
1493 1473 1601 1507 Vmc..

256 1538 344 1571 Aen.
369 1537 431 1580 111,
456 1540 513 1571 42.
540 1538 646 1571 Ovu).
673 1537 758 1571 Met.
782 1536 828 1579 X,
852 1539 933 1571 545.
959 1537 1065 1572 Trist.
1086 1538 1149 1580 ΙΙΙ,
1174 1541 1207 1580 3,
1232 1541 1290 1572 51.
1339 1539 1413 1572 Res
1439 1544 1530 1574 nota.
1555 1558 1599 1564 —-

256 1605 299 1639 V.
325 1608 347 1638 7
372 1616 448 1647 sqq.
498 1603 793 1640 Quemadmodum
820 1604 1013 1637 universum
1047 1615 1156 1646 genus
1191 1603 1371 1637 humanum
1397 1606 1602 1649 temeritate,

254 1669 417 1712 audacia,
442 1669 618 1713 impietate
644 1668 782 1702 morbos
807 1669 872 1701 sibi
897 1670 1039 1702 attraxit
1066 1673 1100 1702 et
1126 1673 1272 1703 mortem
1299 1671 1523 1713 acceleravit,
1558 1672 1601 1705 ci'.

254 1737 399 1771 HoRA'r.
425 1737 453 1778 Ι,
478 1739 524 1778 3.,
549 1736 599 1770 sic
625 1736 727 1769 etiam
753 1735 879 1778 singuli
906 1733 1060 1768 homines
1086 1736 1224 1769 morbos
1248 1736 1434 1778 graviores,
1460 1737 1492 1770 in
1517 1748 1602 1780 quos

254 1803 472 1843 incidissent,
507 1802 549 1834 ab
582 1801 633 1834 ira
658 1800 799 1834 deorum
825 1801 992 1844 culpaque
1017 1804 1147 1834 temere
1181 1805 1361 1835 contracta
1389 1804 1599 1847 repetebant.

253 1869 425 1902 Solemnis
459 1878 542 1901 vero
576 1868 767 1908 scelerum,
807 1877 894 1909 quae
928 1867 1001 1909 quis
1027 1877 1095 1900 non
1121 1868 1352 1911 commiserit,
1390 1870 1601 1903 enumeratio

253 1934 344 1978 apud
370 1938 502 1978 poetas,
530 1934 634 1967 veluti
660 1934 832 1967 Hnmms
859 1934 974 1967 laudat
1002 1934 1208 1968 CLAUDIAN.
1233 1935 1342 1979 Rapt.
1366 1936 1529 1980 Proser-p.
1555 1937 1600 1979 ll,

252 2002 322 2033 255
345 2011 420 2043 sqq.
458 2001 626 2033 PnTRoN.
662 2009 691 2032 c.
720 2001 818 2040 133.‚
852 2000 911 2032 sed
941 1999 1141 2042 Lygdamus
1176 2002 1299 2034 iterum
1334 2002 1456 2035 nimius
1490 2002 1597 2036 estin

253 2077 295 2100 ea
321 2077 369 2109 re,
396 2066 571 2099 immemor
590 2064 729 2106 Tibulli,
755 2076 856 2107 quem
882 2076 1042 2109 compara
1068 2066 1094 2107 Ι,
1121 2069 1154 2108 3,
1179 2069 1236 2099 51.
1262 2069 1318 2100 52.
1369 2066 1490 2109 Neque
1516 2078 1597 2100 vero

253 2132 318 2166 hoc
346 2133 446 2165 aliam
473 2132 516 2164 ob
545 2142 682 2165 causam
712 2131 794 2165 fecit
819 2143 919 2175 quam
955 2133 1034 2175 quia
1068 2133 1307 2166 delectabatur
1334 2135 1596 2167 enmncrationi-

253 2198 335 2240 bus,
361 2210 401 2232 ac
427 2199 495 2232 noli
521 2199 650 2250 V⁰S⁵¹.⁰
676 2199 836 2242 credere,
862 2201 919 2243 qui
944 2200 1124 2233 iactantiae
1151 2211 1253 2233 causa
1279 2200 1406 2233 factum
1432 2201 1524 2235 dicit.
1551 2221 1596 2227 —-

253 2267 508 2301 laudandae
532 2277 663 2300 sacra
689 2267 800 2301 deae
826 2272 904 2301 sunt
929 2280 1016 2312 quae
1042 2269 1199 2302 Tibullus
1216 2268 1247 2311 I,
1267 2271 1299 2310 G,
1320 2271 1375 2302 22.
1401 2268 1507 2302 dixit:
1534 2280 1595 2301 sa-

253 2344 313 2365 cra
340 2335 461 2365 Bonae
487 2330 641 2365 maribus
667 2345 736 2365 non
762 2332 928 2366 adeunda
953 2336 1061 2370 Deae,
1088 2345 1175 2377 quac
1200 2335 1258 2377 qui
1286 2335 1447 2368 violasset
1472 2344 1595 2378 corpo*

253 2399 298 2430 ris
328 2398 497 2440 animique
522 2398 641 2441 poenis
667 2398 828 2431 divinitus
852 2399 1076 2433 afficiebatur.
1134 2400 1374 2432 ΔῙκιιιιίαιιιῖαηι
1399 2400 1482 2433 dicit
1507 2411 1594 2442 quae

253 2463 383 2496 nonnisi
418 2463 515 2495 bonis
550 2463 682 2506 verbis,
717 2465 808 2497 bono
841 2466 976 2498 nomine
1009 2465 1210 2509 appellanda
1246 2470 1360 2508 esset,
1395 2476 1472 2498 nam
1497 2466 1593 2499 Bona

251 2530 446 2571 ‹licebatur3
485 2529 544 2563 scd
587 2541 704 2574 parum
738 2532 851 2576 placet
884 2532 995 2565 ieInna
1028 2532 1308 2576 circumscriptio.
1335 2550 1379 2555 -—
1416 2533 1592 2565 tentavi

254 2596 407 2630 xudax
445 2608 494 2639 pr.
531 2608 631 2630 ausus
657 2610 752 2641 bum,
789 2604 824 2633 ct
859 2600 1019 2634 docere
1053 2611 1183 2634 sacra
1209 2602 1260 2632 est
1286 2599 1457 2641 evulgare.
1510 2597 1587 2630 Era‘·

253 2663 424 2706 mitigatio
449 2663 520 2697 iure
542 2664 630 2698 inter
651 2665 796 2700 maxima
821 2665 979 2709 crimina3
1005 2666 1114 2701 aditus
1139 2675 1217 2700 vcro
1243 2663 1470 2698 clandestinus⁴
1497 2663 1589 2697 taciti

1716 524 1721 568 l
