<?xml version="1.0" encoding="UTF-8"?>
<!DOCTYPE html PUBLIC "-//W3C//DTD XHTML 1.0 Transitional//EN"
    "http://www.w3.org/TR/xhtml1/DTD/xhtml1-transitional.dtd">
<html xmlns="http://www.w3.org/1999/xhtml" xml:lang="en" lang="en">
 <head>
  <title>
</title>
<meta http-equiv="Content-Type" content="text/html;charset=utf-8" />
  <meta name='ocr-system' content='tesseract 3.04.00' />
  <meta name='ocr-capabilities' content='ocr_page ocr_carea ocr_par ocr_line ocrx_word'/>
</head>
<body>
  <div class='ocr_page' id='page_1' title='image "./carminaexrecensi00tibuuoft_0081.png"; bbox 0 0 1721 2953; ppageno 0'>
   <div class='ocr_carea' id='block_1_1' title="bbox 626 138 1414 180">
    <p class='ocr_par' dir='ltr' id='par_1_1' title="bbox 626 138 1414 180">
     <span class='ocr_line' id='line_1_1' title="bbox 626 138 1414 180; baseline -0.01 -1"><span class='ocrx_word' id='word_1_1' title='bbox 626 138 867 180; x_wconf 81' lang='lat' dir='ltr'>TlBULLI.</span> <span class='ocrx_word' id='word_1_2' title='bbox 1304 148 1414 173; x_wconf 55' lang='lat' dir='ltr'><strong>mciv</strong></span> 
     </span>
    </p>
   </div>
   <div class='ocr_carea' id='block_1_2' title="bbox 75 248 1443 2596">
    <p class='ocr_par' dir='ltr' id='par_1_2' title="bbox 75 248 1443 2596">
     <span class='ocr_line' id='line_1_2' title="bbox 75 248 1420 307; baseline -0.011 -5"><span class='ocrx_word' id='word_1_3' title='bbox 75 265 283 302; x_wconf 87' lang='lat' dir='ltr'><strong>hactenus.</strong></span> <span class='ocrx_word' id='word_1_4' title='bbox 336 259 467 307; x_wconf 84' lang='lat' dir='ltr'><strong>Pergo</strong></span> <span class='ocrx_word' id='word_1_5' title='bbox 492 254 653 305; x_wconf 83' lang='lat' dir='ltr'><strong>longius</strong></span> <span class='ocrx_word' id='word_1_6' title='bbox 684 260 724 293; x_wconf 86' lang='lat' dir='ltr'><strong>et</strong></span> <span class='ocrx_word' id='word_1_7' title='bbox 745 250 905 293; x_wconf 85' lang='lat' dir='ltr'><strong>tertiam</strong></span> <span class='ocrx_word' id='word_1_8' title='bbox 928 251 1104 291; x_wconf 83' lang='lat' dir='ltr'><strong>sormam</strong></span> <span class='ocrx_word' id='word_1_9' title='bbox 1126 248 1277 290; x_wconf 86' lang='lat' dir='ltr'><strong>indico.</strong></span> <span class='ocrx_word' id='word_1_10' title='bbox 1336 248 1420 287; x_wconf 88' lang='lat' dir='ltr'><strong>Ha-</strong></span> 
     </span>
     <span class='ocr_line' id='line_1_3' title="bbox 76 329 1420 386; baseline -0.011 -6"><span class='ocrx_word' id='word_1_11' title='bbox 76 343 196 380; x_wconf 89' lang='lat' dir='ltr'><strong>betur</strong></span> <span class='ocrx_word' id='word_1_12' title='bbox 224 338 254 386; x_wconf 89' lang='grc' dir='ltr'><strong>Ι,</strong></span> <span class='ocrx_word' id='word_1_13' title='bbox 283 338 321 385; x_wconf 87' lang='grc'><strong>3,</strong></span> <span class='ocrx_word' id='word_1_14' title='bbox 353 334 504 374; x_wconf 82' lang='grc'>35-48.</span> <span class='ocrx_word' id='word_1_15' title='bbox 535 346 681 371; x_wconf 84' lang='lat' dir='ltr'>aureae</span> <span class='ocrx_word' id='word_1_16' title='bbox 713 330 854 370; x_wconf 90' lang='lat' dir='ltr'><strong>aetatis</strong></span> <span class='ocrx_word' id='word_1_17' title='bbox 884 329 1124 382; x_wconf 75' lang='lat' dir='ltr'>descriptio,</span> <span class='ocrx_word' id='word_1_18' title='bbox 1171 341 1253 381; x_wconf 86' lang='lat' dir='ltr'><strong>qua</strong></span> <span class='ocrx_word' id='word_1_19' title='bbox 1284 334 1420 366; x_wconf 91' lang='lat' dir='ltr'><strong>osten-</strong></span> 
     </span>
     <span class='ocr_line' id='line_1_4' title="bbox 77 402 1421 457; baseline -0.011 -3"><span class='ocrx_word' id='word_1_20' title='bbox 77 416 184 455; x_wconf 82' lang='lat' dir='ltr'><strong>ditur</strong></span> <span class='ocrx_word' id='word_1_21' title='bbox 223 408 410 451; x_wconf 86' lang='lat' dir='ltr'><strong>nondum</strong></span> <span class='ocrx_word' id='word_1_22' title='bbox 448 417 546 448; x_wconf 85' lang='lat' dir='ltr'><strong>tunc</strong></span> <span class='ocrx_word' id='word_1_23' title='bbox 583 405 766 446; x_wconf 86' lang='lat' dir='ltr'><strong>habendi</strong></span> <span class='ocrx_word' id='word_1_24' title='bbox 803 404 1022 457; x_wconf 82' lang='lat' dir='ltr'><strong>cupiditate</strong></span> <span class='ocrx_word' id='word_1_25' title='bbox 1055 404 1160 443; x_wconf 83' lang='lat' dir='ltr'><strong>bella</strong></span> <span class='ocrx_word' id='word_1_26' title='bbox 1194 402 1421 454; x_wconf 78' lang='lat' dir='ltr'><strong>longinqua</strong></span> 
     </span>
     <span class='ocr_line' id='line_1_5' title="bbox 76 477 1423 540; baseline -0.012 -9"><span class='ocrx_word' id='word_1_27' title='bbox 76 500 177 532; x_wconf 81' lang='lat' dir='ltr'><strong>orta.</strong></span> <span class='ocrx_word' id='word_1_28' title='bbox 231 489 290 529; x_wconf 91' lang='lat' dir='ltr'><strong>Ac</strong></span> <span class='ocrx_word' id='word_1_29' title='bbox 319 495 413 540; x_wconf 83' lang='lat' dir='ltr'><strong>post</strong></span> <span class='ocrx_word' id='word_1_30' title='bbox 442 486 658 526; x_wconf 81' lang='lat' dir='ltr'><strong>introitum</strong></span> <span class='ocrx_word' id='word_1_31' title='bbox 687 484 768 523; x_wconf 91' lang='lat' dir='ltr'><strong>loci</strong></span> <span class='ocrx_word' id='word_1_32' title='bbox 799 482 849 522; x_wconf 88' lang='lat' dir='ltr'><strong>de</strong></span> <span class='ocrx_word' id='word_1_33' title='bbox 878 491 987 522; x_wconf 84' lang='lat' dir='ltr'><strong>terra</strong></span> <span class='ocrx_word' id='word_1_34' title='bbox 1018 490 1104 521; x_wconf 86' lang='lat' dir='ltr'><strong>tum</strong></span> <span class='ocrx_word' id='word_1_35' title='bbox 1133 477 1320 520; x_wconf 89' lang='lat' dir='ltr'><strong>nondum</strong></span> <span class='ocrx_word' id='word_1_36' title='bbox 1348 492 1423 530; x_wconf 79' lang='lat' dir='ltr'><strong>pa-</strong></span> 
     </span>
     <span class='ocr_line' id='line_1_6' title="bbox 77 554 1424 615; baseline -0.01 -8"><span class='ocrx_word' id='word_1_37' title='bbox 77 568 222 607; x_wconf 81' lang='lat' dir='ltr'><strong>tefacta</strong></span> <span class='ocrx_word' id='word_1_38' title='bbox 251 565 297 604; x_wconf 90' lang='lat' dir='ltr'><strong>in</strong></span> <span class='ocrx_word' id='word_1_39' title='bbox 325 565 468 615; x_wconf 82' lang='lat' dir='ltr'><strong>longas</strong></span> <span class='ocrx_word' id='word_1_40' title='bbox 498 563 605 612; x_wconf 78' lang='lat' dir='ltr'><strong>vias,</strong></span> <span class='ocrx_word' id='word_1_41' title='bbox 636 561 817 614; x_wconf 82' lang='lat' dir='ltr'><strong>primum</strong></span> <span class='ocrx_word' id='word_1_42' title='bbox 847 559 1023 599; x_wconf 76' lang='lat' dir='ltr'><strong>ostendit</strong></span> <span class='ocrx_word' id='word_1_43' title='bbox 1053 558 1216 597; x_wconf 86' lang='lat' dir='ltr'><strong>duobus</strong></span> <span class='ocrx_word' id='word_1_44' title='bbox 1243 554 1424 595; x_wconf 81' lang='lat' dir='ltr'><strong>distichis</strong></span> 
     </span>
     <span class='ocr_line' id='line_1_7' title="bbox 75 634 1425 682; baseline -0.01 -1"><span class='ocrx_word' id='word_1_45' title='bbox 75 641 320 682; x_wconf 87' lang='lat' dir='ltr'><strong>nominatim</strong></span> <span class='ocrx_word' id='word_1_46' title='bbox 348 638 554 678; x_wconf 81' lang='lat' dir='ltr'><strong>maritima</strong></span> <span class='ocrx_word' id='word_1_47' title='bbox 596 637 745 676; x_wconf 80' lang='lat' dir='ltr'><strong>itinera</strong></span> <span class='ocrx_word' id='word_1_48' title='bbox 776 634 963 675; x_wconf 89' lang='lat' dir='ltr'><strong>nondum</strong></span> <span class='ocrx_word' id='word_1_49' title='bbox 995 634 1121 674; x_wconf 83' lang='lat' dir='ltr'><strong>fuisse</strong></span> <span class='ocrx_word' id='word_1_50' title='bbox 1152 639 1425 671; x_wconf 83' lang='lat' dir='ltr'><strong>mercatorum</strong></span> 
     </span>
     <span class='ocr_line' id='line_1_8' title="bbox 77 705 1426 770; baseline -0.01 -12"><span class='ocrx_word' id='word_1_51' title='bbox 77 733 130 759; x_wconf 80' lang='lat' dir='ltr'><strong>ex</strong></span> <span class='ocrx_word' id='word_1_52' title='bbox 157 719 307 770; x_wconf 84' lang='lat' dir='ltr'><strong>ignotis</strong></span> <span class='ocrx_word' id='word_1_53' title='bbox 337 717 457 756; x_wconf 86' lang='lat' dir='ltr'><strong>terris</strong></span> <span class='ocrx_word' id='word_1_54' title='bbox 489 728 645 754; x_wconf 84' lang='lat' dir='ltr'><strong>merces</strong></span> <span class='ocrx_word' id='word_1_55' title='bbox 675 712 962 766; x_wconf 82' lang='lat' dir='ltr'><strong>repetentium.</strong></span> <span class='ocrx_word' id='word_1_56' title='bbox 1019 708 1182 749; x_wconf 84' lang='lat' dir='ltr'><strong>Deinde</strong></span> <span class='ocrx_word' id='word_1_57' title='bbox 1209 707 1296 747; x_wconf 87' lang='lat' dir='ltr'><strong>aliis</strong></span> <span class='ocrx_word' id='word_1_58' title='bbox 1322 705 1426 745; x_wconf 87' lang='lat' dir='ltr'><strong>duo-</strong></span> 
     </span>
     <span class='ocr_line' id='line_1_9' title="bbox 77 782 1427 836; baseline -0.012 -1"><span class='ocrx_word' id='word_1_59' title='bbox 77 798 155 836; x_wconf 88' lang='lat' dir='ltr'><strong>bus</strong></span> <span class='ocrx_word' id='word_1_60' title='bbox 187 793 368 834; x_wconf 83' lang='lat' dir='ltr'>distichis</span> <span class='ocrx_word' id='word_1_61' title='bbox 401 792 646 833; x_wconf 88' lang='lat' dir='ltr'><strong>domesticus</strong></span> <span class='ocrx_word' id='word_1_62' title='bbox 680 790 899 830; x_wconf 78' lang='lat' dir='ltr'><strong>exhibetur</strong></span> <span class='ocrx_word' id='word_1_63' title='bbox 927 788 1034 829; x_wconf 84' lang='lat' dir='ltr'><strong>vitae</strong></span> <span class='ocrx_word' id='word_1_64' title='bbox 1067 794 1216 833; x_wconf 80' lang='lat' dir='ltr'><strong>status,</strong></span> <span class='ocrx_word' id='word_1_65' title='bbox 1250 782 1324 836; x_wconf 89' lang='lat' dir='ltr'><strong>qui</strong></span> <span class='ocrx_word' id='word_1_66' title='bbox 1352 795 1427 820; x_wconf 86' lang='lat' dir='ltr'><strong>nec</strong></span> 
     </span>
     <span class='ocr_line' id='line_1_10' title="bbox 79 859 1428 913; baseline -0.013 0"><span class='ocrx_word' id='word_1_67' title='bbox 79 872 331 913; x_wconf 80' lang='lat' dir='ltr'><strong>domitorum</strong></span> <span class='ocrx_word' id='word_1_68' title='bbox 374 870 611 910; x_wconf 86' lang='lat' dir='ltr'><strong>animalium</strong></span> <span class='ocrx_word' id='word_1_69' title='bbox 649 881 772 908; x_wconf 88' lang='lat' dir='ltr'><strong>usum</strong></span> <span class='ocrx_word' id='word_1_70' title='bbox 811 874 983 908; x_wconf 80' lang='lat' dir='ltr'><strong>noverat</strong></span> <span class='ocrx_word' id='word_1_71' title='bbox 1023 879 1097 904; x_wconf 89' lang='lat' dir='ltr'><strong>nec</strong></span> <span class='ocrx_word' id='word_1_72' title='bbox 1128 861 1310 902; x_wconf 87' lang='lat' dir='ltr'><strong>dominia</strong></span> <span class='ocrx_word' id='word_1_73' title='bbox 1343 859 1428 911; x_wconf 84' lang='lat' dir='ltr'><strong>pri-</strong></span> 
     </span>
     <span class='ocr_line' id='line_1_11' title="bbox 78 939 1428 998; baseline -0.012 -8"><span class='ocrx_word' id='word_1_74' title='bbox 78 958 173 992; x_wconf 83' lang='lat' dir='ltr'><strong>vata</strong></span> <span class='ocrx_word' id='word_1_75' title='bbox 198 948 418 988; x_wconf 83' lang='lat' dir='ltr'><strong>domorum</strong></span> <span class='ocrx_word' id='word_1_76' title='bbox 448 954 487 986; x_wconf 82' lang='lat' dir='ltr'><strong>et</strong></span> <span class='ocrx_word' id='word_1_77' title='bbox 517 959 722 998; x_wconf 82' lang='lat' dir='ltr'><strong>agrorum.</strong></span> <span class='ocrx_word' id='word_1_78' title='bbox 779 944 825 983; x_wconf 87' lang='lat' dir='ltr'><strong>In</strong></span> <span class='ocrx_word' id='word_1_79' title='bbox 860 956 942 997; x_wconf 84' lang='lat' dir='ltr'><strong>quo</strong></span> <span class='ocrx_word' id='word_1_80' title='bbox 969 940 1083 982; x_wconf 89' lang='lat' dir='ltr'><strong>vides</strong></span> <span class='ocrx_word' id='word_1_81' title='bbox 1113 939 1428 980; x_wconf 79' lang='lat' dir='ltr'><strong>concinnitatem</strong></span> 
     </span>
     <span class='ocr_line' id='line_1_12' title="bbox 80 1015 1430 1073; baseline -0.01 -8"><span class='ocrx_word' id='word_1_82' title='bbox 80 1024 304 1066; x_wconf 82' lang='lat' dir='ltr'><strong>divisionis.</strong></span> <span class='ocrx_word' id='word_1_83' title='bbox 360 1023 448 1062; x_wconf 86' lang='lat' dir='ltr'><strong>Iam</strong></span> <span class='ocrx_word' id='word_1_84' title='bbox 476 1022 541 1061; x_wconf 89' lang='lat' dir='ltr'><strong>his</strong></span> <span class='ocrx_word' id='word_1_85' title='bbox 571 1019 768 1073; x_wconf 79' lang='lat' dir='ltr'><strong>negativis</strong></span> <span class='ocrx_word' id='word_1_86' title='bbox 801 1018 1012 1059; x_wconf 83' lang='lat' dir='ltr'><strong>sententiis</strong></span> <span class='ocrx_word' id='word_1_87' title='bbox 1041 1015 1268 1057; x_wconf 90' lang='lat' dir='ltr'><strong>coniunctis</strong></span> <span class='ocrx_word' id='word_1_88' title='bbox 1299 1027 1430 1067; x_wconf 81' lang='lat' dir='ltr'><strong>oppo-</strong></span> 
     </span>
     <span class='ocr_line' id='line_1_13' title="bbox 82 1091 1430 1152; baseline -0.009 -11"><span class='ocrx_word' id='word_1_89' title='bbox 82 1102 195 1141; x_wconf 83' lang='lat' dir='ltr'><strong>nitur</strong></span> <span class='ocrx_word' id='word_1_90' title='bbox 229 1115 314 1140; x_wconf 86' lang='lat' dir='ltr'><strong>una</strong></span> <span class='ocrx_word' id='word_1_91' title='bbox 351 1099 528 1152; x_wconf 84' lang='lat' dir='ltr'><strong>positiva</strong></span> <span class='ocrx_word' id='word_1_92' title='bbox 567 1097 769 1137; x_wconf 84' lang='lat' dir='ltr'><strong>sententia</strong></span> <span class='ocrx_word' id='word_1_93' title='bbox 808 1098 931 1136; x_wconf 89' lang='lat' dir='ltr'><strong>haec:</strong></span> <span class='ocrx_word' id='word_1_94' title='bbox 976 1093 1057 1134; x_wconf 88' lang='lat' dir='ltr'><strong>Sed</strong></span> <span class='ocrx_word' id='word_1_95' title='bbox 1095 1095 1288 1133; x_wconf 85' lang='lat' dir='ltr'><strong>alimenta</strong></span> <span class='ocrx_word' id='word_1_96' title='bbox 1319 1091 1430 1130; x_wconf 85' lang='lat' dir='ltr'><strong>ultro</strong></span> 
     </span>
     <span class='ocr_line' id='line_1_14' title="bbox 83 1167 1431 1228; baseline -0.01 -11"><span class='ocrx_word' id='word_1_97' title='bbox 83 1178 365 1228; x_wconf 77' lang='lat' dir='ltr'><strong>obtingebant,</strong></span> <span class='ocrx_word' id='word_1_98' title='bbox 394 1179 442 1213; x_wconf 83' lang='lat' dir='ltr'><strong>ut</strong></span> <span class='ocrx_word' id='word_1_99' title='bbox 462 1174 542 1212; x_wconf 87' lang='lat' dir='ltr'><strong>illis</strong></span> <span class='ocrx_word' id='word_1_100' title='bbox 567 1172 759 1212; x_wconf 83' lang='lat' dir='ltr'><strong>omnibus</strong></span> <span class='ocrx_word' id='word_1_101' title='bbox 785 1184 889 1222; x_wconf 86' lang='lat' dir='ltr'><strong>opus</strong></span> <span class='ocrx_word' id='word_1_102' title='bbox 914 1183 999 1209; x_wconf 88' lang='lat' dir='ltr'><strong>non</strong></span> <span class='ocrx_word' id='word_1_103' title='bbox 1025 1176 1143 1208; x_wconf 89' lang='lat' dir='ltr'><strong>esset.</strong></span> <span class='ocrx_word' id='word_1_104' title='bbox 1198 1167 1311 1206; x_wconf 89' lang='lat' dir='ltr'><strong>Haec</strong></span> <span class='ocrx_word' id='word_1_105' title='bbox 1338 1179 1431 1205; x_wconf 87' lang='lat' dir='ltr'><strong>sen-</strong></span> 
     </span>
     <span class='ocr_line' id='line_1_15' title="bbox 84 1242 1434 1298; baseline -0.007 -7"><span class='ocrx_word' id='word_1_106' title='bbox 84 1253 210 1292; x_wconf 88' lang='lat' dir='ltr'><strong>tentia</strong></span> <span class='ocrx_word' id='word_1_107' title='bbox 236 1265 363 1290; x_wconf 88' lang='lat' dir='ltr'><strong>unum</strong></span> <span class='ocrx_word' id='word_1_108' title='bbox 394 1257 553 1289; x_wconf 88' lang='lat' dir='ltr'><strong>tantum</strong></span> <span class='ocrx_word' id='word_1_109' title='bbox 575 1247 779 1286; x_wconf 74' lang='lat' dir='ltr'><strong>disfichon</strong></span> <span class='ocrx_word' id='word_1_110' title='bbox 803 1247 955 1298; x_wconf 78' lang='lat' dir='ltr'><strong>implet,</strong></span> <span class='ocrx_word' id='word_1_111' title='bbox 985 1259 1077 1284; x_wconf 91' lang='lat' dir='ltr'><strong>cum</strong></span> <span class='ocrx_word' id='word_1_112' title='bbox 1101 1244 1162 1283; x_wconf 88' lang='lat' dir='ltr'><strong>vis</strong></span> <span class='ocrx_word' id='word_1_113' title='bbox 1193 1242 1434 1294; x_wconf 84' lang='lat' dir='ltr'><strong>descriptio-</strong></span> 
     </span>
     <span class='ocr_line' id='line_1_16' title="bbox 84 1319 1433 1373; baseline -0.007 -6"><span class='ocrx_word' id='word_1_114' title='bbox 84 1330 148 1368; x_wconf 87' lang='lat' dir='ltr'><strong>nis</strong></span> <span class='ocrx_word' id='word_1_115' title='bbox 171 1328 348 1367; x_wconf 81' lang='lat' dir='ltr'><strong>maxime</strong></span> <span class='ocrx_word' id='word_1_116' title='bbox 376 1327 417 1365; x_wconf 88' lang='lat' dir='ltr'><strong>in</strong></span> <span class='ocrx_word' id='word_1_117' title='bbox 446 1339 494 1364; x_wconf 92' lang='lat' dir='ltr'><strong>eo</strong></span> <span class='ocrx_word' id='word_1_118' title='bbox 522 1333 721 1373; x_wconf 81' lang='lat' dir='ltr'><strong>versetur,</strong></span> <span class='ocrx_word' id='word_1_119' title='bbox 748 1332 794 1363; x_wconf 89' lang='lat' dir='ltr'><strong>ut</strong></span> <span class='ocrx_word' id='word_1_120' title='bbox 816 1321 1000 1362; x_wconf 87' lang='lat' dir='ltr'><strong>absentia</strong></span> <span class='ocrx_word' id='word_1_121' title='bbox 1026 1319 1218 1360; x_wconf 81' lang='lat' dir='ltr'><strong>laudetur</strong></span> <span class='ocrx_word' id='word_1_122' title='bbox 1240 1320 1433 1358; x_wconf 81' lang='lat' dir='ltr'><strong>luxuriae</strong></span> 
     </span>
     <span class='ocr_line' id='line_1_17' title="bbox 84 1396 1433 1453; baseline -0.006 -11"><span class='ocrx_word' id='word_1_123' title='bbox 84 1411 124 1442; x_wconf 89' lang='lat' dir='ltr'><strong>et</strong></span> <span class='ocrx_word' id='word_1_124' title='bbox 153 1401 369 1451; x_wconf 81' lang='lat' dir='ltr'><strong>avaritiae,</strong></span> <span class='ocrx_word' id='word_1_125' title='bbox 415 1401 566 1453; x_wconf 84' lang='lat' dir='ltr'><strong>quibus</strong></span> <span class='ocrx_word' id='word_1_126' title='bbox 608 1399 740 1439; x_wconf 88' lang='lat' dir='ltr'><strong>serior</strong></span> <span class='ocrx_word' id='word_1_127' title='bbox 781 1407 889 1438; x_wconf 86' lang='lat' dir='ltr'><strong>aetas</strong></span> <span class='ocrx_word' id='word_1_128' title='bbox 929 1397 1144 1450; x_wconf 86' lang='lat' dir='ltr'><strong>premitur.</strong></span> <span class='ocrx_word' id='word_1_129' title='bbox 1211 1397 1348 1450; x_wconf 82' lang='lat' dir='ltr'><strong>Atque</strong></span> <span class='ocrx_word' id='word_1_130' title='bbox 1377 1396 1433 1434; x_wconf 86' lang='lat' dir='ltr'><strong>ita</strong></span> 
     </span>
     <span class='ocr_line' id='line_1_18' title="bbox 83 1474 1434 1529; baseline -0.007 -11"><span class='ocrx_word' id='word_1_131' title='bbox 83 1480 246 1526; x_wconf 87' lang='lat' dir='ltr'><strong>factum,</strong></span> <span class='ocrx_word' id='word_1_132' title='bbox 275 1477 331 1516; x_wconf 86' lang='lat' dir='ltr'><strong>ait</strong></span> <span class='ocrx_word' id='word_1_133' title='bbox 360 1475 538 1529; x_wconf 84' lang='lat' dir='ltr'><strong>denique</strong></span> <span class='ocrx_word' id='word_1_134' title='bbox 566 1475 609 1513; x_wconf 89' lang='lat' dir='ltr'><strong>in</strong></span> <span class='ocrx_word' id='word_1_135' title='bbox 641 1475 768 1520; x_wconf 78' lang='lat' dir='ltr'><strong>exitu,</strong></span> <span class='ocrx_word' id='word_1_136' title='bbox 798 1482 845 1513; x_wconf 88' lang='lat' dir='ltr'><strong>ut</strong></span> <span class='ocrx_word' id='word_1_137' title='bbox 876 1474 983 1512; x_wconf 87' lang='lat' dir='ltr'><strong>bella</strong></span> <span class='ocrx_word' id='word_1_138' title='bbox 1013 1486 1099 1511; x_wconf 88' lang='lat' dir='ltr'><strong>non</strong></span> <span class='ocrx_word' id='word_1_139' title='bbox 1133 1479 1267 1510; x_wconf 86' lang='lat' dir='ltr'><strong>essent·</strong></span> <span class='ocrx_word' id='word_1_140' title='bbox 1296 1484 1434 1523; x_wconf 87' lang='lat' dir='ltr'><strong>neque</strong></span> 
     </span>
     <span class='ocr_line' id='line_1_19' title="bbox 85 1545 1436 1606; baseline -0.007 -11"><span class='ocrx_word' id='word_1_141' title='bbox 85 1553 136 1595; x_wconf 88' lang='lat' dir='ltr'><strong>ad</strong></span> <span class='ocrx_word' id='word_1_142' title='bbox 168 1554 413 1606; x_wconf 82' lang='lat' dir='ltr'><strong>longinquas</strong></span> <span class='ocrx_word' id='word_1_143' title='bbox 444 1560 575 1592; x_wconf 81' lang='lat' dir='ltr'><strong>terras</strong></span> <span class='ocrx_word' id='word_1_144' title='bbox 599 1548 844 1601; x_wconf 80' lang='lat' dir='ltr'><strong>subigendas</strong></span> <span class='ocrx_word' id='word_1_145' title='bbox 874 1547 1058 1589; x_wconf 83' lang='lat' dir='ltr'><strong>habendi</strong></span> <span class='ocrx_word' id='word_1_146' title='bbox 1087 1545 1306 1599; x_wconf 82' lang='lat' dir='ltr'><strong>cupiditate</strong></span> <span class='ocrx_word' id='word_1_147' title='bbox 1335 1560 1436 1598; x_wconf 85' lang='lat' dir='ltr'><strong>pro-</strong></span> 
     </span>
     <span class='ocr_line' id='line_1_20' title="bbox 83 1625 1435 1677; baseline -0.006 -6"><span class='ocrx_word' id='word_1_148' title='bbox 83 1632 361 1672; x_wconf 86' lang='lat' dir='ltr'><strong>ficiscerentur</strong></span> <span class='ocrx_word' id='word_1_149' title='bbox 405 1630 607 1669; x_wconf 89' lang='lat' dir='ltr'><strong>homines.</strong></span> <span class='ocrx_word' id='word_1_150' title='bbox 676 1627 805 1667; x_wconf 85' lang='lat' dir='ltr'><strong>Vides</strong></span> <span class='ocrx_word' id='word_1_151' title='bbox 847 1641 958 1666; x_wconf 88' lang='lat' dir='ltr'><strong>nunc</strong></span> <span class='ocrx_word' id='word_1_152' title='bbox 1003 1625 1341 1677; x_wconf 84' lang='lat' dir='ltr'><strong>compositionem</strong></span> <span class='ocrx_word' id='word_1_153' title='bbox 1384 1625 1435 1663; x_wconf 86' lang='lat' dir='ltr'><strong>ab</strong></span> 
     </span>
     <span class='ocr_line' id='line_1_21' title="bbox 87 1691 1438 1758; baseline -0.007 -12"><span class='ocrx_word' id='word_1_154' title='bbox 87 1707 201 1747; x_wconf 88' lang='lat' dir='ltr'><strong>omni</strong></span> <span class='ocrx_word' id='word_1_155' title='bbox 229 1714 345 1758; x_wconf 85' lang='lat' dir='ltr'><strong>parte</strong></span> <span class='ocrx_word' id='word_1_156' title='bbox 376 1706 619 1743; x_wconf 87' lang='lat' dir='ltr'><strong>absolutam.</strong></span> <span class='ocrx_word' id='word_1_157' title='bbox 676 1703 870 1754; x_wconf 86' lang='lat' dir='ltr'><strong>Denique</strong></span> <span class='ocrx_word' id='word_1_158' title='bbox 900 1709 1028 1740; x_wconf 81' lang='lat' dir='ltr'><strong>restat</strong></span> <span class='ocrx_word' id='word_1_159' title='bbox 1055 1715 1160 1754; x_wconf 86' lang='lat' dir='ltr'><strong>quae</strong></span> <span class='ocrx_word' id='word_1_160' title='bbox 1191 1708 1331 1739; x_wconf 88' lang='lat' dir='ltr'><strong>catena</strong></span> <span class='ocrx_word' id='word_1_161' title='bbox 1361 1691 1438 1751; x_wconf 56' lang='lat' dir='ltr'><strong>oi)-</strong></span> 
     </span>
     <span class='ocr_line' id='line_1_22' title="bbox 86 1775 1438 1833; baseline -0.003 -14"><span class='ocrx_word' id='word_1_162' title='bbox 86 1782 338 1833; x_wconf 88' lang='lat' dir='ltr'><strong>positionum</strong></span> <span class='ocrx_word' id='word_1_163' title='bbox 369 1779 448 1818; x_wconf 90' lang='lat' dir='ltr'><strong>dici</strong></span> <span class='ocrx_word' id='word_1_164' title='bbox 473 1787 620 1830; x_wconf 79' lang='lat' dir='ltr'><strong>potest,</strong></span> <span class='ocrx_word' id='word_1_165' title='bbox 650 1778 724 1817; x_wconf 81' lang='lat' dir='ltr'><strong>ubi</strong></span> <span class='ocrx_word' id='word_1_166' title='bbox 748 1792 824 1829; x_wconf 85' lang='lat' dir='ltr'><strong>per</strong></span> <span class='ocrx_word' id='word_1_167' title='bbox 854 1777 1205 1816; x_wconf 84' lang='lat' dir='ltr'><strong>continuationem</strong></span> <span class='ocrx_word' id='word_1_168' title='bbox 1230 1775 1438 1827; x_wconf 86' lang='lat' dir='ltr'><strong>quandam</strong></span> 
     </span>
     <span class='ocr_line' id='line_1_23' title="bbox 88 1850 1438 1909; baseline -0.003 -15"><span class='ocrx_word' id='word_1_169' title='bbox 88 1857 221 1909; x_wconf 86' lang='lat' dir='ltr'><strong>primo</strong></span> <span class='ocrx_word' id='word_1_170' title='bbox 246 1854 420 1894; x_wconf 84' lang='lat' dir='ltr'><strong>disticho</strong></span> <span class='ocrx_word' id='word_1_171' title='bbox 443 1851 682 1902; x_wconf 84' lang='lat' dir='ltr'><strong>secundum,</strong></span> <span class='ocrx_word' id='word_1_172' title='bbox 703 1850 929 1891; x_wconf 84' lang='lat' dir='ltr'><strong>secundum</strong></span> <span class='ocrx_word' id='word_1_173' title='bbox 947 1851 1082 1900; x_wconf 80' lang='lat' dir='ltr'><strong>tertio,</strong></span> <span class='ocrx_word' id='word_1_174' title='bbox 1104 1851 1268 1890; x_wconf 84' lang='lat' dir='ltr'><strong>tertium</strong></span> <span class='ocrx_word' id='word_1_175' title='bbox 1290 1858 1438 1904; x_wconf 78' lang='lat' dir='ltr'><strong>quarto</strong></span> 
     </span>
     <span class='ocr_line' id='line_1_24' title="bbox 90 1925 1439 1984; baseline -0.004 -14"><span class='ocrx_word' id='word_1_176' title='bbox 90 1931 327 1984; x_wconf 84' lang='lat' dir='ltr'><strong>opponitur.</strong></span> <span class='ocrx_word' id='word_1_177' title='bbox 385 1930 447 1967; x_wconf 88' lang='lat' dir='ltr'><strong>Ita</strong></span> <span class='ocrx_word' id='word_1_178' title='bbox 479 1928 634 1967; x_wconf 85' lang='lat' dir='ltr'><strong>sactum</strong></span> <span class='ocrx_word' id='word_1_179' title='bbox 663 1925 826 1966; x_wconf 86' lang='lat' dir='ltr'><strong>credam</strong></span> <span class='ocrx_word' id='word_1_180' title='bbox 854 1927 887 1977; x_wconf 93' lang='grc' dir='ltr'><strong>Ι,</strong></span> <span class='ocrx_word' id='word_1_181' title='bbox 910 1932 948 1976; x_wconf 90' lang='grc'><strong>7,</strong></span> <span class='ocrx_word' id='word_1_182' title='bbox 974 1929 1121 1966; x_wconf 80' lang='lat'><strong>15-22.</strong></span> <span class='ocrx_word' id='word_1_183' title='bbox 1153 1925 1202 1965; x_wconf 88' lang='lat' dir='ltr'><strong>de</strong></span> <span class='ocrx_word' id='word_1_184' title='bbox 1234 1941 1316 1980; x_wconf 90' lang='lat' dir='ltr'><strong>quo</strong></span> <span class='ocrx_word' id='word_1_185' title='bbox 1345 1925 1439 1966; x_wconf 86' lang='lat' dir='ltr'><strong>vide</strong></span> 
     </span>
     <span class='ocr_line' id='line_1_25' title="bbox 89 2004 1440 2058; baseline -0.004 -10"><span class='ocrx_word' id='word_1_186' title='bbox 89 2007 453 2048; x_wconf 76' lang='lat' dir='ltr'><strong>Commentarittm.</strong></span> <span class='ocrx_word' id='word_1_187' title='bbox 510 2006 646 2045; x_wconf 87' lang='lat' dir='ltr'><strong>Habet</strong></span> <span class='ocrx_word' id='word_1_188' title='bbox 677 2004 843 2058; x_wconf 87' lang='lat' dir='ltr'><strong>quidem</strong></span> <span class='ocrx_word' id='word_1_189' title='bbox 874 2018 950 2057; x_wconf 85' lang='lat' dir='ltr'><strong>per</strong></span> <span class='ocrx_word' id='word_1_190' title='bbox 984 2017 1026 2043; x_wconf 84' lang='lat' dir='ltr'><strong>se</strong></span> <span class='ocrx_word' id='word_1_191' title='bbox 1056 2005 1156 2045; x_wconf 87' lang='lat' dir='ltr'><strong>haec</strong></span> <span class='ocrx_word' id='word_1_192' title='bbox 1186 2005 1320 2043; x_wconf 82' lang='lat' dir='ltr'><strong>forma</strong></span> <span class='ocrx_word' id='word_1_193' title='bbox 1348 2005 1440 2043; x_wconf 89' lang='lat' dir='ltr'><strong>nul-</strong></span> 
     </span>
     <span class='ocr_line' id='line_1_26' title="bbox 88 2081 1439 2134; baseline -0.003 -11"><span class='ocrx_word' id='word_1_194' title='bbox 88 2086 175 2123; x_wconf 89' lang='lat' dir='ltr'><strong>lum</strong></span> <span class='ocrx_word' id='word_1_195' title='bbox 206 2084 355 2134; x_wconf 83' lang='lat' dir='ltr'><strong>finem,</strong></span> <span class='ocrx_word' id='word_1_196' title='bbox 385 2081 457 2122; x_wconf 87' lang='lat' dir='ltr'><strong>sed</strong></span> <span class='ocrx_word' id='word_1_197' title='bbox 490 2096 584 2122; x_wconf 87' lang='lat' dir='ltr'><strong>eum</strong></span> <span class='ocrx_word' id='word_1_198' title='bbox 615 2083 844 2133; x_wconf 83' lang='lat' dir='ltr'><strong>argumenti</strong></span> <span class='ocrx_word' id='word_1_199' title='bbox 872 2081 975 2121; x_wconf 82' lang='lat' dir='ltr'><strong>ratio</strong></span> <span class='ocrx_word' id='word_1_200' title='bbox 1007 2082 1139 2121; x_wconf 76' lang='lat' dir='ltr'><strong>affert.</strong></span> <span class='ocrx_word' id='word_1_201' title='bbox 1195 2082 1331 2134; x_wconf 84' lang='lat' dir='ltr'><strong>Atque</strong></span> <span class='ocrx_word' id='word_1_202' title='bbox 1363 2081 1439 2119; x_wconf 84' lang='lat' dir='ltr'><strong>hae</strong></span> 
     </span>
     <span class='ocr_line' id='line_1_27' title="bbox 90 2156 1440 2210; baseline -0.004 -11"><span class='ocrx_word' id='word_1_203' title='bbox 90 2168 185 2199; x_wconf 90' lang='lat' dir='ltr'><strong>sunt</strong></span> <span class='ocrx_word' id='word_1_204' title='bbox 230 2159 500 2198; x_wconf 85' lang='lat' dir='ltr'><strong>distichorum</strong></span> <span class='ocrx_word' id='word_1_205' title='bbox 532 2158 838 2210; x_wconf 76' lang='lat' dir='ltr'><strong>oppositiones3</strong></span> <span class='ocrx_word' id='word_1_206' title='bbox 887 2156 995 2197; x_wconf 86' lang='lat' dir='ltr'><strong>dicas</strong></span> <span class='ocrx_word' id='word_1_207' title='bbox 1025 2170 1126 2198; x_wconf 85' lang='lat' dir='ltr'><strong>vero</strong></span> <span class='ocrx_word' id='word_1_208' title='bbox 1157 2156 1440 2196; x_wconf 82' lang='lat' dir='ltr'><strong>Tibullianum</strong></span> 
     </span>
     <span class='ocr_line' id='line_1_28' title="bbox 91 2233 1442 2288; baseline -0.005 -12"><span class='ocrx_word' id='word_1_209' title='bbox 91 2246 222 2283; x_wconf 82' lang='lat' dir='ltr'><strong>totum</strong></span> <span class='ocrx_word' id='word_1_210' title='bbox 251 2238 330 2276; x_wconf 86' lang='lat' dir='ltr'><strong>hoc</strong></span> <span class='ocrx_word' id='word_1_211' title='bbox 358 2250 507 2288; x_wconf 74' lang='lat' dir='ltr'><strong>genus,</strong></span> <span class='ocrx_word' id='word_1_212' title='bbox 537 2244 581 2275; x_wconf 89' lang='lat' dir='ltr'><strong>ut</strong></span> <span class='ocrx_word' id='word_1_213' title='bbox 612 2236 779 2275; x_wconf 87' lang='lat' dir='ltr'><strong>Tibullo</strong></span> <span class='ocrx_word' id='word_1_214' title='bbox 806 2235 892 2273; x_wconf 81' lang='lat' dir='ltr'><strong>sere</strong></span> <span class='ocrx_word' id='word_1_215' title='bbox 921 2234 1153 2286; x_wconf 79' lang='lat' dir='ltr'><strong>proprium.</strong></span> <span class='ocrx_word' id='word_1_216' title='bbox 1181 2255 1238 2262; x_wconf 88' lang='lat'>—</span> <span class='ocrx_word' id='word_1_217' title='bbox 1274 2233 1442 2272; x_wconf 82' lang='lat' dir='ltr'><strong>Alterum</strong></span> 
     </span>
     <span class='ocr_line' id='line_1_29' title="bbox 88 2310 1442 2364; baseline -0.004 -11"><span class='ocrx_word' id='word_1_218' title='bbox 88 2329 203 2364; x_wconf 76' lang='lat' dir='ltr'><strong>gemes</strong></span> <span class='ocrx_word' id='word_1_219' title='bbox 230 2314 353 2364; x_wconf 84' lang='lat' dir='ltr'><strong>vulgo</strong></span> <span class='ocrx_word' id='word_1_220' title='bbox 380 2321 616 2364; x_wconf 75' lang='lat' dir='ltr'><strong>usurpatur,</strong></span> <span class='ocrx_word' id='word_1_221' title='bbox 645 2311 718 2350; x_wconf 86' lang='lat' dir='ltr'><strong>ubi</strong></span> <span class='ocrx_word' id='word_1_222' title='bbox 746 2311 916 2350; x_wconf 90' lang='lat' dir='ltr'><strong>omnino</strong></span> <span class='ocrx_word' id='word_1_223' title='bbox 947 2310 1126 2362; x_wconf 80' lang='lat' dir='ltr'><strong>partIum</strong></span> <span class='ocrx_word' id='word_1_224' title='bbox 1153 2310 1358 2349; x_wconf 85' lang='lat' dir='ltr'><strong>maiorum</strong></span> <span class='ocrx_word' id='word_1_225' title='bbox 1381 2310 1442 2350; x_wconf 90' lang='lat' dir='ltr'><strong>vi-</strong></span> 
     </span>
     <span class='ocr_line' id='line_1_30' title="bbox 92 2386 1443 2443; baseline -0.004 -12"><span class='ocrx_word' id='word_1_226' title='bbox 92 2391 186 2431; x_wconf 88' lang='lat' dir='ltr'><strong>deas</strong></span> <span class='ocrx_word' id='word_1_227' title='bbox 218 2390 525 2443; x_wconf 79' lang='lat' dir='ltr'><strong>oppositiones,</strong></span> <span class='ocrx_word' id='word_1_228' title='bbox 571 2390 685 2428; x_wconf 86' lang='lat' dir='ltr'><strong>nulla</strong></span> <span class='ocrx_word' id='word_1_229' title='bbox 717 2402 817 2428; x_wconf 84' lang='lat' dir='ltr'><strong>vero</strong></span> <span class='ocrx_word' id='word_1_230' title='bbox 848 2387 939 2427; x_wconf 87' lang='lat' dir='ltr'><strong>talis</strong></span> <span class='ocrx_word' id='word_1_231' title='bbox 979 2386 1246 2427; x_wconf 76' lang='lat' dir='ltr'><strong>distichorum</strong></span> <span class='ocrx_word' id='word_1_232' title='bbox 1276 2387 1443 2439; x_wconf 83' lang='lat' dir='ltr'><strong>opposi-</strong></span> 
     </span>
     <span class='ocr_line' id='line_1_31' title="bbox 93 2464 1443 2520; baseline -0.003 -13"><span class='ocrx_word' id='word_1_233' title='bbox 93 2476 229 2508; x_wconf 80' lang='lat' dir='ltr'><strong>torum</strong></span> <span class='ocrx_word' id='word_1_234' title='bbox 258 2467 512 2508; x_wconf 85' lang='lat' dir='ltr'><strong>concinnitas</strong></span> <span class='ocrx_word' id='word_1_235' title='bbox 536 2467 762 2520; x_wconf 78' lang='lat' dir='ltr'><strong>quaeritur.</strong></span> <span class='ocrx_word' id='word_1_236' title='bbox 819 2466 960 2504; x_wconf 80' lang='lat' dir='ltr'><strong>Potest</strong></span> <span class='ocrx_word' id='word_1_237' title='bbox 986 2465 1110 2516; x_wconf 74' lang='lat' dir='ltr'><strong>igitur</strong></span> <span class='ocrx_word' id='word_1_238' title='bbox 1136 2465 1235 2515; x_wconf 78' lang='lat' dir='ltr'><strong>fieri,</strong></span> <span class='ocrx_word' id='word_1_239' title='bbox 1266 2473 1311 2503; x_wconf 86' lang='lat' dir='ltr'><strong>ut</strong></span> <span class='ocrx_word' id='word_1_240' title='bbox 1339 2464 1443 2503; x_wconf 85' lang='lat' dir='ltr'><strong>duo-</strong></span> 
     </span>
     <span class='ocr_line' id='line_1_32' title="bbox 96 2542 1443 2596; baseline -0.003 -15"><span class='ocrx_word' id='word_1_241' title='bbox 96 2557 187 2582; x_wconf 80' lang='lat' dir='ltr'><strong>rum</strong></span> <span class='ocrx_word' id='word_1_242' title='bbox 228 2551 298 2583; x_wconf 84' lang='lat' dir='ltr'><strong>aut</strong></span> <span class='ocrx_word' id='word_1_243' title='bbox 338 2544 465 2582; x_wconf 88' lang='lat' dir='ltr'><strong>trium</strong></span> <span class='ocrx_word' id='word_1_244' title='bbox 507 2546 752 2596; x_wconf 72' lang='lat' dir='ltr'><strong>opposr&#39;lorum</strong></span> <span class='ocrx_word' id='word_1_245' title='bbox 795 2543 957 2580; x_wconf 74' lang='lat' dir='ltr'><strong>Iocorum</strong></span> <span class='ocrx_word' id='word_1_246' title='bbox 995 2545 1087 2580; x_wconf 74' lang='lat' dir='ltr'><strong>serie</strong></span> <span class='ocrx_word' id='word_1_247' title='bbox 1128 2542 1330 2581; x_wconf 79' lang='lat' dir='ltr'><strong>formetur</strong></span> <span class='ocrx_word' id='word_1_248' title='bbox 1361 2554 1443 2578; x_wconf 80' lang='lat' dir='ltr'><strong>una</strong></span> 
     </span>
    </p>
   </div>
   <div class='ocr_carea' id='block_1_3' title="bbox 98 2617 1441 2673">
    <p class='ocr_par' dir='ltr' id='par_1_3' title="bbox 98 2617 1441 2673">
     <span class='ocr_line' id='line_1_33' title="bbox 98 2617 1441 2673; baseline -0.004 -14"><span class='ocrx_word' id='word_1_249' title='bbox 98 2619 298 2672; x_wconf 70' lang='lat' dir='ltr'><strong>quaedam</strong></span> <span class='ocrx_word' id='word_1_250' title='bbox 328 2634 505 2661; x_wconf 84' lang='lat' dir='ltr'><strong>nervosa</strong></span> <span class='ocrx_word' id='word_1_251' title='bbox 537 2633 752 2673; x_wconf 78' lang='lat' dir='ltr'><strong>compages</strong></span> <span class='ocrx_word' id='word_1_252' title='bbox 781 2632 933 2659; x_wconf 83' lang='lat' dir='ltr'><strong>rerum.</strong></span> <span class='ocrx_word' id='word_1_253' title='bbox 990 2619 1131 2659; x_wconf 87' lang='lat' dir='ltr'><strong>Veluti</strong></span> <span class='ocrx_word' id='word_1_254' title='bbox 1170 2617 1360 2658; x_wconf 82' lang='lat' dir='ltr'><strong>Tibullus</strong></span> <span class='ocrx_word' id='word_1_255' title='bbox 1400 2617 1441 2655; x_wconf 89' lang='lat' dir='ltr'><strong>in</strong></span> 
     </span>
    </p>
   </div>
  </div>
 </body>
</html>
