1721 2953
503 146 648 189 LIBR.
677 147 710 185 Ι.
768 145 929 186 ELEG.
960 147 1031 187 ΙΙΙ.
1398 152 1448 186 81

111 263 269 307 loquitur.
318 260 463 296 Licebat
485 259 623 292 Tibullo
656 257 790 290 brevius
816 257 907 299 loqui
941 257 1011 291 sic:
1052 258 1151 291 Tunc
1175 257 1272 301 niger
1296 258 1330 291 in
1357 263 1454 302 porta

111 332 283 365 Cerberus
316 327 529 372 serpentibus
564 324 908 365 stridens'excubat3
948 324 1009 357 sed
1035 326 1163 367 noluit3
1199 326 1310 359 divisit
1343 330 1453 359 totum

111 400 266 433 consulto
300 400 335 430 et
368 395 436 428 duo
469 393 573 427 verba
609 392 702 426 finita
735 392 869 435 posuit,
906 394 944 423 ut
980 381 1251 435 amplificaretur
1268 392 1454 437 descriptio

111 463 284 499 custodiae
308 471 429 495 saevae
454 459 728 500 inclusionisque.
778 457 911 498 Audio,
944 457 1012 498 ais3
1048 462 1083 491 at
1117 469 1183 491 non
1217 461 1299 493 satis
1331 470 1456 493 nervo-

111 540 168 562 sus
194 532 246 562 est
268 528 499 571 pentameter,
537 524 716 567 probarem
743 522 876 563 omnia,
918 522 947 555 si
972 522 1073 555 modo
1097 523 1313 566 adverbium,
1350 526 1456 558 veluti

111 592 250 629 acriter,
277 591 430 624 additum
456 593 548 622 esset
572 589 676 622 verbo
702 588 910 622 excubat.
961 588 1031 621 Sed
1055 590 1131 623 vide
1156 601 1256 633 quarn
1280 592 1366 625 bene
1389 593 1456 625 alio

111 657 211 692 modo
237 656 447 700 praestiterit
467 655 569 688 etiam
594 653 659 687 hoc
683 653 853 695 Tibullus,
879 654 936 696 qui
962 654 1165 689 adiectimm
1190 661 1372 690 aeratas
1394 658 1456 691 ad—

111 725 245 767 diderit,
273 729 376 767 atque
399 723 447 756 ita
471 733 589 756 revera
612 732 700 756 nova
724 722 757 755 vi
782 722 984 754 sententiam
1010 723 1153 764 auxerit,
1179 734 1220 757 ne
1247 733 1400 757 moneam
1422 729 1458 758 te

112 791 214 824 etiam
231 789 335 823 verba
355 799 456 822 sensu
474 788 622 824 differre.
671 789 760 823 Nam
784 793 822 822 ut
846 787 974 821 stridet
993 787 1030 821 in
1050 795 1158 832 porta
1184 788 1247 824 hoc
1271 791 1458 834 significat:

113 859 220 890 terret
244 856 277 888 iu
308 858 406 899 porta
432 854 598 896 stridens,
624 854 673 887 sic
700 854 840 887 verbum
866 851 1019 885 excubat
1046 852 1183 886 exhibet
1209 855 1263 888 die
1288 860 1460 898 noctuque

112 921 288 955 custodiae
319 921 498 953 intentum.
548 920 647 955 Quae
682 929 759 952 cum
791 919 839 952 ita
864 919 950 960 sint,
991 923 1089 952 recte
1114 920 1225 952 omnia
1250 920 1341 953 dicta
1365 921 1461 954 vides

112 996 177 1019 nec
208 985 392 1028 quidquam
424 982 689 1028 reprehensione
719 983 772 1017 hic
799 984 949 1026 dignum.
999 984 1165 1017 Conferes
1191 985 1288 1018 simul
1314 996 1401 1028 quae
1425 987 1461 1020 in

113 1053 364 1086 Dissertatione
388 1051 432 1085 de
455 1051 663 1085 Elocutione
687 1051 816 1084 Tibulli
842 1051 885 1085 de
909 1050 973 1084 hoc
998 1051 1140 1094 aliisque
1166 1052 1250 1086 locis
1275 1054 1398 1087 notavi.
1413 1071 1462 1079 —

114 1121 157 1155 V.
182 1123 226 1153 73
252 1131 325 1163 sqq.
373 1121 459 1153 Post
483 1119 656 1162 generalia
689 1119 803 1162 pergit
833 1118 875 1151 ad
903 1119 1092 1162 peculiares
1117 1119 1279 1162 quasdam
1307 1121 1462 1154 celeber-

115 1187 277 1219 rimorum
302 1186 535 1218 damnatorum
561 1195 688 1228 poenas
713 1183 919 1216 iudicandas.
973 1184 1022 1217 De
1055 1184 1217 1217 Ixione
1249 1185 1315 1218 vid.
1349 1185 1462 1219 Pmn.

116 1251 216 1294 Pyth.
242 1252 285 1293 Π,
320 1255 364 1284 33
391 1262 465 1293 sqq.
489 1270 535 1276 —-
575 1251 713 1284 noxia
749 1250 963 1292 membra,
1003 1250 1198 1293 praedicato
1227 1261 1391 1294 personae
1418 1252 1462 1283 ad

117 1329 241 1362 corpus
261 1319 434 1358 translato,
459 1317 501 1350 cf.
527 1317 553 1357 I,
575 1320 608 1358 2,
629 1320 685 1349 73.
701 1335 744 1340 —
771 1317 913 1349 celeri
938 1320 1058 1362 rota,
1083 1317 1116 1347 ἐν
1141 1312 1315 1360 πτερόεντι
1338 1317 1464 1359 τροχῷ,

117 1387 166 1419 ait
190 1386 299 1419 PIND.
320 1383 483 1425 Pyth.11,
501 1385 556 1415 22.
584 1383 641 1415 ubi
666 1383 764 1426 plura
789 1383 866 1415 vide
889 1394 907 1415 a
934 1393 987 1415 me
1009 1382 1158 1416 laudata.
1190 1382 1305 1415 -Adde
1330 1382 1461 1415 Enmp.

116 1451 208 1496 apud
231 1448 404 1484 Plutarch.
431 1448 473 1481 de
499 1448 586 1481 Aud.
611 1449 712 1480 Poet.
738 1459 770 1490 p.
804 1450 858 1488 17,
881 1447 922 1480 Ε.
949 1459 982 1491 p.
1006 1450 1062 1481 73.
1088 1447 1276 1490 Wyttenb.‚
1301 1451 1335 1480 et
1363 1448 1466 1481 Voss.

117 1517 161 1551 ad
186 1518 283 1559 Virg.
313 1517 443 1558 Georg.
468 1515 529 1548 lv.
559 1526 590 1558 p.
617 1517 685 1547 895
712 1525 784 1556 sqq.
807 1532 854 1537 --
888 1515 930 1547 V.
956 1516 1002 1547 75
1027 1525 1077 1557 sq.
1127 1514 1178 1547 De
1212 1513 1373 1556 Tityo,
1407 1514 1466 1556 qui

117 1586 359 1628 porrectus
382 1592 533 1615 novem
558 1569 837 1625 perfugam,
862 1581 1060 1614 Homnnus:
1088 1576 1106 1612 ὅ
1132 1577 1166 1612 δ’
1185 1577 1235 1613 ἐπ’
1259 1581 1349 1612 ἐννέα
1375 1588 1464 1612 κεῖτο

117 1651 282 1694 πέλεθρα.
330 1653 482 1681 terrae
506 1647 602 1680 addit
619 1647 777 1680 Tibullus
797 1646 1021 1690 oppositionis
1050 1656 1170 1687 causa;
1195 1656 1271 1678 nam
1300 1645 1466 1678 Tantalus

120 1721 174 1749 est
197 1714 423 1749 circumdatus
446 1717 579 1755 stagno.
605 1729 651 1737 —
676 1723 803 1754 aves,
828 1714 980 1745 vultures
1006 1712 1103 1753 duos,
1128 1711 1313 1744 secundum
1337 1712 1466 1744 Horm-

119 1791 209 1823 mm,
234 1781 431 1814 menms
458 1783 570 1812 autem
599 1779 681 1811 Aen.
707 1778 767 1819 VI,
793 1780 875 1811 597.
901 1787 1003 1810 unum
1031 1777 1123 1809 dicit.
1173 1777 1327 1818 Uterque
1353 1780 1467 1809 secta—-

121 1852 214 1880 tores
239 1856 318 1879 suos
343 1844 479 1885 habuit,
504 1843 547 1877 cf.
574 1844 878 1875 Bnoncxnnsmm.
902 1859 950 1865 —-
988 1841 1218 1882 assiduas,
1245 1842 1382 1884 proprie
1407 1852 1468 1874 ac·-

122 1914 207 1957 cipe.
230 1931 277 1937 —-
314 1915 411 1943 atro
447 1909 649 1948 viscere,
687 1903 910 1948 σπλάγχνοις,
947 1907 1082 1948 iecore,
1119 1907 1208 1949 quod
1234 1907 1338 1945 μέλαν
1361 1896 1466 1950 ἧπαρ,

122 1978 311 2021 nigricans,
347 1976 429 2008 dicit
462 1975 690 2019 MARcssnLUs
723 1976 884 2008 Slnli'rsss
919 1975 953 2007 in
988 1974 1197 2016 Fragmento
1233 1974 1276 2006 de
1309 1973 1468 2006 Piscibus

122 2055 154 2078 v.
178 2046 234 2077 94.
260 2046 399 2076 notante
425 2042 586 2082 Vnnmo,
612 2040 669 2082 qui
695 2042 796 2073 etiam
822 2040 991 2072 MAeRon.
1021 2040 1137 2072 Somn.
1164 2039 1256 2082 Scip.
1282 2038 1309 2080 I,
1336 2041 1367 2071 6.
1394 2039 1469 2071 lau-
1513 2032 1515 2034 ’

125 2109 194 2143 dat.
243 2108 314 2142 Sed
350 2109 452 2150 longe
486 2109 636 2150 praestat
669 2115 746 2138 cum
780 2105 910 2138 Vossto
943 2105 985 2137 de
1010 2105 1089 2137 tabo
1122 2108 1196 2137 atro
1229 2104 1322 2137 adesi
1348 2104 1469 2136 iecoris

125 2175 298 2218 cogitare,
326 2177 365 2206 ut
389 2184 443 2216 ap.
468 2173 652 2209 AssscHYL,
677 2170 849 2204 Prometh.
878 2173 982 2206 1025.
1007 2171 1040 2203 iu
1061 2170 1161 2203 simili
1186 2180 1222 2202 re
1248 2173 1320 2202 est:
1357 2170 1468 2201 κελαι-

125 2237 297 2285 νόβρωτον
322 2237 354 2272 δ’
374 2228 465 2282 ἧπαρ
493 2234 728 2281 ἐκθοινήσεται
749 2238 907 2280 (aquila).
958 2238 1017 2270 Sic
1043 2237 1185 2278 lyricum
1210 2233 1371 2268 habemus
1395 2236 1469 2277 epi-

127 2307 265 2347 theton,
302 2315 433 2349 poenae
465 2305 614 2347 graviter
649 2303 883 2347 depingendae
917 2307 1052 2346 apium3
1092 2302 1198 2334 altera
1231 2301 1318 2333 ratio
1352 2301 1469 2343 epicae

127 2372 273 2406 orationi
297 2370 404 2412 magis
428 2369 623 2402 conveniret
649 2379 748 2410 quam
776 2367 852 2401 liuic
878 2368 1061 2410 elegiacae.
1081 2385 1123 2390 —
1152 2367 1193 2400 V.
1211 2370 1255 2399 77
1271 2376 1321 2408 sq.
1358 2366 1470 2398 Tan-

128 2439 263 2471 talum
288 2435 442 2469 serebant
467 2434 631 2477 Pelopem
657 2434 762 2465 filiurn
797 2432 861 2465 diis
896 2431 1141 2465 comedendum
1173 2432 1392 2475 apposuisse,
1433 2435 1472 2463 ut

130 2506 273 2543 constat,
299 2501 340 2533 de
365 2511 432 2542 qua
457 2510 494 2533 re
518 2500 710 2532 Pmnmvs
738 2498 824 2530 dixit
849 2498 902 2530 Ol.
928 2497 954 2530 1.
971 2516 1016 2521 —
1041 2497 1209 2531 circum
1235 2502 1395 2540 stagna
1421 2507 1469 2529 sc.

132 2571 220 2599 suut.
262 2566 406 2598 Homun.
425 2565 550 2606 odyss.
566 2564 626 2605 XI,
642 2566 722 2595 583.
749 2559 1041 2606 ἑοταόίᾊνλίμινῃ
1060 2562 1150 2597 dicit.
1187 2562 1249 2596 Est
1274 2564 1378 2606 igitur
1403 2562 1472 2593 cir-

134 2645 211 2665 cum
244 2643 293 2679 pr.
327 2633 453 2667 circum
478 2642 564 2664 eum.
616 2633 664 2664 Ac
692 2631 743 2663 vel
770 2635 845 2662 unte
873 2630 1100 2662 accusativum
1127 2628 1367 2661 adverbialiter
1392 2627 1471 2659 talia

1078 2701 1099 2734 6
