1721 2953
487 129 630 170 LIBR.
661 130 694 168 1.
753 127 910 169 ELEG.
943 130 1054 169 VIII.
1338 132 1412 168 171

63 247 222 281 adhibitis
261 246 440 280 Hermum
479 250 514 279 et
558 245 717 278 Vossmm
762 243 805 276 ad
855 243 948 286 virg.
992 244 1114 287 Eclog.
1155 243 1249 286 VIII,
1283 246 1339 277 71.
1381 247 1414 276 et

65 312 234 346 nummum
260 313 303 345 ad
328 311 428 345 ovid.
457 310 545 343 Met.
570 309 646 350 VII,
669 310 751 341 203.
803 307 959 341 Observa
989 309 1133 352 denique
1167 309 1415 352 oppositionem

63 388 173 410 rerum
200 378 233 410 in
259 375 414 409 disticho.
464 375 594 407 Cantus
619 377 733 406 movet
758 384 847 415 quae
872 373 1068 416 immobilia,
1094 375 1212 417 fruges
1235 374 1415 407 traducens

64 445 106 477 ab
131 443 241 486 agris,
266 447 300 475 et
325 441 452 475 inhibet
477 452 518 474 ac
544 440 675 474 detinet
701 439 788 482 quae
814 439 953 472 mobilia
978 441 1145 482 maxime,
1171 441 1333 484 impetum
1353 449 1413 471 an—

64 508 141 551 guis
167 507 339 541 cohibens.
364 524 411 531 —-
448 506 615 539 Lunam
642 505 887 546 deducere,
913 505 956 538 cs.
981 505 1023 538 ad
1049 506 1075 548 I,
1100 508 1134 547 2,
1160 507 1218 539 45.
1243 522 1288 529 —-
1312 514 1415 538 aera

63 575 264 617 repulsa,
299 572 330 606 h.
358 583 388 607 e.
422 573 585 614 multum,
619 571 803 605 identidem
829 572 945 615 pulsa,
981 576 1020 604 ut
1045 579 1138 605 recte
1162 572 1312 605 Vossms
1338 582 1414 605 mo—

64 649 144 672 nere
166 638 310 679 videtur,
335 637 425 678 cf.1‚
445 640 479 679 3,
499 639 556 671 24.
606 636 801 670 Credebant
827 634 979 668 homines
1005 637 1170 670 laboranti
1196 638 1295 670 lunae
1321 647 1415 679 cym-

66 705 217 738 balorum
242 709 278 737 et
306 705 452 748 pelvium
476 704 590 737 sonitu
613 703 777 736 auxilium
801 713 839 736 se
865 703 953 736 ferre
980 714 1091 747 posse.
1129 704 1317 737 MARTIAL.
1336 704 1415 745 XII,

63 774 128 804 57:
168 769 258 802 dicet
295 775 380 815 quot
411 780 497 801 aera
529 767 709 802 verberent
746 779 871 800 manus
898 767 1017 806 urbis,
1055 781 1132 801 cnm
1158 776 1256 802 secla
1291 770 1416 803 Colcho

63 835 150 868 lama
177 833 323 878 vapulet
346 832 497 870 rhombo,
522 834 679 867 laudante
705 835 860 868 Vunmo.
903 834 989 867 Add.
1016 835 1124 868 Ovm.
1150 836 1235 869 Met.
1254 836 1314 878 lv,
1335 839 1414 870 333.

65 901 152 935 Vide
176 902 278 935 etiam
303 901 526 944 Huscfflcnm
551 904 586 934 et
611 901 964 942 WUNDnnchflUM,
999 905 1035 933 et
1060 900 1102 932 ad
1129 900 1240 934 Tacit.
1276 903 1360 935 Ann.
1390 901 1416 942 1,

63 972 122 1002 28.
156 969 393 1003 RUPER'rmM.
442 968 567 1003 Narrat
591 969 671 1002 Lrv.
696 968 827 1009 XXVI,
852 971 894 1001 5:
921 967 1093 1012 disposita
1120 968 1156 1000 in
1181 967 1291 1001 muris
1317 970 1418 1000 Cam-

59 1046 234 1080 panorum
259 1033 406 1066 imbellis
431 1032 626 1066 multitudo
652 1039 796 1065 tantum
822 1045 899 1065 clam
925 1033 1019 1065 aeris
1049 1031 1204 1076 (τῳῶι,
1239 1032 1356 1077 qualis
1381 1032 1417 1065 in

67 1099 208 1146 desecta
234 1098 339 1133 lanae
366 1099 485 1133 silenti
511 1105 611 1131 nocte
639 1098 723 1131 cieri
746 1098 855 1135 solet,
880 1098 991 1131 edidit
1018 1098 1215 1131 clamorem,
1240 1117 1286 1123 —-
1311 1100 1417 1132 Deni-

65 1176 131 1208 que
152 1166 436 1199 constructionem
456 1164 593 1197 attende
613 1168 824 1207 tempornm:
850 1163 1046 1206 faceret,
1072 1165 1109 1197 si
1134 1174 1218 1197 non
1244 1169 1416 1201 sonent,

64 1233 120 1266 cui
144 1233 286 1265 similem
312 1231 388 1264 vide
414 1231 562 1264 VmGIL.
589 1232 719 1272 Georg.
750 1229 810 1271 IV,
837 1231 904 1262 116
931 1240 1004 1272 sqq.
1041 1233 1075 1262 et
1110 1229 1199 1262 conf.
1236 1229 1415 1263 Dissertat.

66 1298 108 1331 de
133 1297 270 1331 Elocut.
295 1297 433 1332 Tibulli.
458 1315 504 1321 -—-
553 1297 592 1330 V.
619 1298 676 1330 23.
712 1296 938 1329 nocuisse.
988 1296 1170 1337 Proprium
1204 1295 1346 1328 verbum
1382 1297 1414 1328 in

66 1373 102 1396 re
127 1363 279 1405 magica,
316 1361 419 1394 veluti
455 1361 562 1394 OHD.
599 1362 672 1394 Am.
698 1361 760 1400 III,
786 1364 819 1401 7,
843 1363 910 1393 27:
951 1371 1034 1392 num
1062 1359 1187 1392 misero
1217 1371 1356 1393 carmen
1382 1367 1416 1393 et

66 1429 171 1463 herba
195 1428 346 1463 nocent?
395 1429 608 1462 Huscnfflus
641 1432 756 1462 monet
787 1438 806 1461 e
832 1428 976 1460 Graecis
1011 1428 1220 1470 respondere
1245 1439 1275 1461 v.
1302 1428 1415 1471 δηλεῐ-

65 1499 170 1535 σθαι,
204 1495 410 1528 Timocm‘r.
435 1494 496 1535 IX,
521 1496 580 1526 37.
630 1492 718 1526 Vide
744 1493 936 1526 VALcKuN.
962 1492 1004 1525 ad
1032 1494 1187 1526 Ammon.
1214 1505 1246 1536 p.
1271 1496 1354 1526 222.
1383 1499 1417 1526 et

66 1564 297 1597 MrTsanRr„
323 1561 366 1594 ad
391 1560 518 1603 Hymu.
545 1559 647 1592 Hom.
671 1559 705 1591 in
734 1558 852 1590 Cerer.
877 1559 960 1591 228.
986 1576 1030 1581 -
1075 1558 1115 1592 V.
1141 1561 1198 1592 25.
1224 1561 1280 1591 26.
1331 1559 1416 1591 Cum

65 1629 195 1664 Pholoe
231 1629 399 1671 nequitias
439 1627 582 1659 leviores
618 1626 832 1669 permitteret
869 1622 1050 1664 Marathe,
1094 1622 1147 1655 hic
1185 1622 1418 1666 imprudenter

65 1701 160 1731 tactu
193 1697 327 1740 puellae
365 1695 528 1738 propiore
567 1697 602 1726 et
639 1692 850 1725 diuturniore
885 1691 1056 1732 ingentem
1093 1689 1314 1732 cupiditatem
1353 1690 1416 1723 sibi

65 1762 287 1802 accenderat,
325 1760 421 1793 cuius
452 1757 655 1791 temeritatis
681 1766 769 1789 nunc
795 1765 923 1799 poenas
956 1755 1026 1788 dat.
1077 1755 1218 1788 Poetam
1248 1759 1328 1798 puta
1354 1754 1417 1788 hoc

66 1839 131 1862 non
168 1828 240 1861 sine
277 1826 433 1859 irrisione
472 1824 676 1866 significare.
736 1822 870 1856 Verba:
919 1821 1081 1854 femori
1118 1823 1417 1856 conseruisse

65 1894 208 1926 femur
241 1895 335 1924 recte
368 1890 541 1923 Hermus
569 1892 604 1921 et
630 1888 781 1921 Vossms
808 1886 851 1919 ad
881 1886 1035 1920 convivia
1064 1885 1219 1929 trahunt,
1254 1887 1312 1920 ubi
1340 1888 1417 1920 Ma-

66 1958 181 1992 rathus
215 1967 321 2001 prope
352 1956 508 1990 Pholoen
546 1956 580 1988 in
613 1959 689 1988 toro
724 1954 901 1987 cubuerat·
959 1952 1055 1985 Talis
1090 1957 1142 1986 est
1178 1953 1273 1986 locus
1306 1953 1416 1988 Ovrn.

67 2026 198 2058 Amorr.
224 2022 251 2064 I,
277 2023 310 2063 4,
334 2024 399 2054 43:
426 2020 499 2053 Nec
517 2019 651 2065 femori
675 2017 850 2051 committe
866 2017 1011 2063 semar,
1036 2029 1099 2049 nec
1131 2030 1232 2050 crure
1260 2018 1414 2054 colmere,

65 2101 126 2122 nec
151 2095 307 2122 teneram
334 2088 421 2120 (Iuro
456 2099 533 2120 cum
564 2086 651 2131 pede
685 2086 791 2131 iunge
811 2072 947 2129 pedem.
1006 2085 1053 2118 Et
1085 2083 1213 2117 cubare
1244 2084 1294 2115 acl
1317 2084 1415 2116 lalus

66 2156 153 2189 idem
188 2154 332 2188 Heroid.
359 2154 404 2195 Π,
436 2157 494 2187 58.
524 2153 624 2187 dicit:
665 2152 773 2185 lateri
805 2150 1020 2184 conseruisse
1055 2150 1174 2187 lotus,
1210 2161 1412 2193 quamquain

66 2222 110 2254 ibi
137 2221 180 2254 de
206 2222 296 2254 lecto
322 2220 493 2262 coniugali
518 2229 642 2252 sermo.
699 2219 830 2252 Tamen
859 2218 961 2250 etiam
993 2217 1061 2249 illic
1093 2217 1190 2249 abest
1216 2216 1415 2249 concubitus

66 2287 283 2330 significatio.
336 2286 446 2327 Atque
473 2283 555 2317 haec
581 2283 754 2316 hactenus.
803 2282 903 2315 Nunc
929 2281 962 2314 id
991 2282 1063 2323 agit
1088 2284 1189 2324 poeta
1213 2285 1251 2313 ut
1275 2291 1412 2314 succur-

66 2358 116 2386 rat
143 2353 219 2385 huic
243 2353 352 2392 malo,
393 2351 482 2393 quod
516 2350 578 2382 sibi
605 2348 835 2392 imprudenter
867 2347 982 2380 attulit
1019 2356 1124 2389 puer,
1160 2345 1296 2380 hortans
1322 2345 1414 2379 Pho-

70 2419 165 2458 loen,
191 2428 233 2450 ne
259 2416 405 2449 difficilis
431 2417 486 2448 sit.
537 2416 635 2449 Quae
663 2424 715 2446 res
741 2412 850 2445 tribus
875 2412 958 2445 locis
984 2415 1158 2444 tractatur.

163 2485 200 2518 V.
226 2486 367 2516 27-52.
420 2483 609 2516 Primum
644 2479 921 2513 commendat
948 2479 1127 2522 puellae
1163 2478 1394 2522 pulchritn

68 2549 209 2581 dinem
236 2550 365 2592 pueri
394 2553 593 2581 teneram
633 2545 863 2580 fruendam
900 2556 1007 2589 prae
1042 2549 1282 2579 senectute
1316 2547 1412 2578 cani

67 2615 285 2647 amatoris
324 2614 503 2654 divitis,
555 2624 665 2657 quae
707 2611 871 2655 gaudia.
912 2611 945 2644 si
989 2612 1271 2654 neglexerit,
1319 2611 1413 2643 duni
