1721 2953
282 150 331 185 10
591 137 961 184 COMMENTAR.
990 137 1050 180 IN
1081 137 1309 179 TIBULLI

280 266 412 296 tentus,
437 257 552 292 vivere
569 266 695 301 parvo,
720 264 787 288 non
812 255 921 299 magis
945 254 1114 300 probabis.
1165 254 1297 288 Censor
1320 252 1473 287 lenens1s
1492 251 1628 287 Husch-

281 328 327 362 kli
353 327 374 360 l.
400 326 455 360 cit.
483 336 516 368 p.
543 326 621 356 190.
648 321 721 355 vult
746 322 837 358 Iam,
860 320 958 354 modo
983 320 1054 353 iam
1073 331 1239 365 possum,
1263 318 1367 352 credo
1390 322 1428 352 ut
1452 319 1629 352 Smonms

282 389 529 431 Momm-11,
554 390 636 421 545.
664 386 768 420 dixit:
809 387 902 419 Nam
937 385 1036 418 modo
1069 397 1132 418 nos
1166 384 1238 417 iam
1266 384 1374 430 festa
1407 390 1537 417 vocant
1567 394 1630 428 pro

279 457 364 492 eben
383 458 502 502 jetzt,
538 454 599 488 sed
625 464 690 488 non
721 454 830 487 solum
857 453 1065 487 rarissimum
1092 451 1177 494 boc,
1213 461 1331 484 verum
1357 451 1459 484 etiam
1481 448 1564 483 nihil
1588 459 1629 483 eo

282 523 426 559 ieiunius
451 522 554 555 fuerit
578 520 668 564 apud
694 520 880 553 Tibullum.
933 519 1028 552 Alius
1052 518 1103 551 vir
1126 517 1247 551 doctus
1272 517 1306 550 in
1331 517 1464 550 Annali.
1486 516 1630 550 litet-arr.

282 587 499 624 Vindobonn.
530 589 633 627 1815,
658 597 692 629 p.
716 587 797 618 719.
822 583 896 618 Iun.
921 583 1144 617 coniiciebat:
1167 584 1247 615 Iam
1271 580 1409 615 modulo
1426 592 1631 625 possum-

281 667 409 701 parvo,
433 655 467 688 in
493 664 560 696 quo
585 652 684 686 nimis
706 655 806 684 aucta
823 649 933 695 parvi
956 652 1061 693 notio,
1085 661 1149 684 nec
1172 651 1282 684 omitti
1300 650 1411 694 potuit
1426 649 1517 694 agri,
1540 648 1632 692 quod

280 721 428 765 supplet.
477 719 603 753 Restat
637 721 675 750 ut
710 717 850 750 afferam
886 715 966 758 quid
1006 716 1081 759 ipse
1114 725 1283 749 censeam.
1333 715 1506 749 Coniicio:
1543 715 1632 749 Iam

284 786 460 821 modico
485 794 664 829 possum
690 787 935 817 contentus
960 783 1119 817 vivere
1143 782 1184 815 in
1213 792 1337 824 arvo,
1370 782 1404 815 in
1428 792 1496 825 quo
1520 782 1633 815 insunt

282 863 371 897 quae
404 862 471 894 ego
503 850 661 884 desidero
687 850 820 891 omnia,
855 859 957 893 posse
990 859 1028 882 se
1058 848 1176 892 paucis
1201 851 1396 881 contentum
1423 845 1513 879 domi
1536 851 1573 878 et
1596 845 1633 879 in

277 918 402 964 patria
420 918 545 952 vivere.
595 916 671 949 Hac
692 916 779 948 enim
799 915 937 948 notione
958 924 1054 958 opus.
1104 913 1278 946 Modicum
1304 922 1422 946 arvum
1447 912 1574 945 dictum
1596 915 1633 944 ut

280 995 448 1030 magnum
470 984 588 1018 VARR.
615 981 658 1015 de
679 981 731 1014 Re
745 981 846 1014 Rust.
865 980 892 1022 I,
909 983 941 1015 7.
963 997 1000 1004 -
1030 980 1070 1012 V.
1086 981 1142 1012 26.
1161 980 1327 1021 longae
1350 979 1466 1012 viae.
1507 977 1631 1010 Militia

280 1061 388 1095 saepe
413 1049 607 1092 longinquis
632 1047 808 1080 itineribus
830 1050 922 1079 terra
947 1046 1100 1087 marique
1125 1044 1330 1086 declaratur,
1355 1042 1399 1076 cf.
1422 1042 1508 1075 infra
1526 1053 1558 1076 v.
1574 1044 1631 1075 52.

283 1116 470 1150 Pnopmzr.
496 1113 558 1155 111,
583 1115 616 1154 4,
641 1115 675 1145 3.
704 1111 818 1153 ibique
843 1110 1026 1143 KUINOEL.
1076 1109 1160 1142 Aliis
1185 1110 1219 1142 in
1246 1109 1332 1142 locis
1360 1119 1455 1140 mare
1488 1111 1522 1140 et
1556 1105 1633 1139 viae

285 1182 329 1216 de
354 1181 522 1216 maritimo
548 1183 583 1212 et
609 1176 758 1222 pedestri
784 1177 904 1210 itinere
929 1175 1106 1216 dicuntur,
1131 1174 1207 1208 vide
1233 1174 1466 1207 Mvrscmmn.
1490 1172 1534 1206 ad
1559 1172 1633 1206 Ho-

283 1253 347 1283 rat.
372 1248 417 1291 II,
439 1251 473 1289 6,
495 1250 529 1280 7.
580 1246 693 1288 Atque
717 1243 782 1278 boc
808 1245 885 1277 loco
909 1242 1052 1288 longam
1075 1240 1171 1275 viam
1194 1241 1365 1283 intelliges
1388 1240 1490 1281 longa
1515 1238 1635 1271 itinera

284 1318 466 1351 multorum
508 1314 650 1347 millium
689 1322 870 1356 passuum,
911 1310 1024 1353 qualia
1066 1308 1237 1342 faciebant
1277 1307 1448 1341 exercitus
1487 1305 1633 1339 Romani

285 1381 409 1427 (lange
434 1378 643 1421 Miirsclze),
680 1382 720 1410 ut
748 1377 861 1421 posita
894 1376 1019 1409 locutio
1046 1379 1098 1407 est
1122 1386 1153 1408 v.
1179 1386 1209 1408 c.
1234 1374 1320 1407 infra
1347 1374 1391 1415 II,
1416 1376 1450 1415 6,
1474 1375 1508 1407 3.
1556 1372 1634 1405 Liv.

287 1449 400 1490 XXII,
424 1449 458 1479 2.
492 1447 654 1479 Sussrrow.
678 1444 741 1477 Iul.
765 1446 823 1477 57.
872 1442 1023 1476 Molesta
1047 1441 1128 1474 talia
1150 1440 1257 1483 equiti
1289 1443 1327 1472 ut
1359 1438 1475 1482 pediti.
1525 1436 1578 1470 Ad
1603 1447 1634 1470 v.

287 1514 475 1549 deditus
499 1513 651 1546 Vossms
677 1513 852 1554 comparat
877 1508 1017 1540 deditus
1049 1505 1263 1553 aequoribus
1295 1506 1402 1539 Ovm.
1432 1504 1518 1538 Met.
1542 1503 1639 1544 XIII,

285 1585 373 1616 921.
399 1580 442 1614 de
467 1580 658 1624 piscatore,
694 1581 729 1610 et
756 1576 896 1608 deditas
913 1575 1035 1621 fugae
1059 1575 1226 1608 annss'r.
1251 1573 1313 1614 IV,
1339 1575 1419 1606 993.
1452 1571 1494 1605 de
1519 1571 1639 1604 cervis.

286 1650 339 1682 Ut
363 1651 516 1688 constat,
547 1645 682 1679 deditus
707 1644 809 1676 alicui
836 1643 886 1676 rei
909 1643 1033 1675 dicitur
1059 1642 1116 1684 qui
1141 1641 1316 1682 studiose,
1340 1640 1477 1674 assidue
1501 1643 1560 1673 aut
1584 1643 1638 1672 to-

287 1720 342 1749 tus
369 1715 401 1748 ei
426 1723 563 1758 operam
590 1712 668 1753 dat,
707 1714 742 1744 et
774 1720 863 1743 nunc
897 1709 1055 1742 Tibullus
1091 1709 1260 1749 laetatur,
1298 1705 1391 1750 quod
1420 1705 1507 1738 liber
1531 1705 1575 1738 sit
1599 1703 1642 1736 ab

287 1782 432 1816 assiduis
465 1780 540 1813 istis
575 1777 751 1812 molestiis.
808 1776 972 1810 Ceterum
998 1774 1050 1809 hic
1076 1784 1193 1809 versus
1217 1773 1404 1817 oppositus
1429 1770 1642 1804 antecedenti

288 1848 437 1884 ostendit
460 1847 506 1880 ibi
531 1846 722 1881 notionem:
749 1843 840 1877 domi
863 1842 950 1875 etin
968 1841 1095 1887 patria
1111 1842 1249 1884 requiri,
1274 1851 1374 1884 quam
1394 1840 1503 1884 ipsam
1527 1841 1642 1871 nostra

290 1916 485 1949 coniectura
509 1916 669 1957 praestat.
690 1928 736 1937 —
761 1911 803 1944 V.
819 1912 877 1944 27.
904 1908 1276 1942 Canis'aestivos
1301 1910 1452 1947 ortus,
1478 1903 1510 1937 h.
1525 1914 1554 1938 e.
1583 1913 1644 1934 ca·-

292 1981 406 2016 lores,
433 1991 519 2025 quos
545 1983 644 2010 ortus
673 1975 832 2008 aestivas
854 1974 958 2007 Canis
986 1974 1117 2018 offert,
1143 1978 1180 2007 ut
1205 1974 1287 2006 alias
1313 1983 1375 2016 pro
1401 1973 1434 2005 vi
1459 1974 1494 2004 et
1519 1971 1643 2004 effectu

295 2048 344 2082 rei
371 2046 508 2090 gravius
539 2055 594 2077 res
620 2044 692 2087 ipsa
719 2043 919 2076 nominatur.
960 2041 1067 2074 ΟΠ».
1099 2041 1185 2073 Met.
1211 2040 1253 2081 V,
1277 2041 1368 2071 281:
1403 2047 1514 2082 grave
1545 2034 1644 2068 sidus

291 2114 420 2153 vitare.
455 2113 661 2154 Cmnmffl,
697 2110 729 2143 in
764 2113 860 2153 nupt.
894 2108 1026 2142 Honor.
1062 2108 1205 2140 Fescen.
1237 2116 1269 2140 v.
1293 2108 1362 2138 20:
1400 2102 1516 2149 gelido
1540 2113 1644 2146 ,specu

294 2178 536 2214 torrentiorem
555 2175 691 2222 fallere
715 2174 858 2208 Sirium.
907 2174 972 2208 Est
996 2184 1077 2207 vero
1112 2178 1212 2205 ortas
1245 2171 1350 2204 Canis
1382 2170 1519 2204 omnino
1545 2177 1645 2212 prae-

294 2246 401 2280 sentia
436 2243 517 2277 Sirii
548 2243 580 2275 in
614 2242 712 2275 coelo
739 2251 801 2284 per
827 2239 974 2273 aestivos
998 2248 1153 2279 menses,
1194 2237 1285 2280 quod
1321 2240 1462 2280 propter
1497 2234 1643 2267 Huscu-

297 2323 388 2346 κιυΜ
413 2314 559 2352 annoto,
595 2309 840 2351 intelligentem
875 2307 958 2340 mire
993 2309 1200 2339 momentum
1234 2303 1316 2336 illud
1353 2301 1533 2346 temporis,
1568 2309 1645 2331 cum

298 2380 407 2413 Sirius
435 2389 476 2410 ex
506 2379 645 2410 Oceano
673 2376 801 2418 surgit,
840 2375 976 2408 laudato
1012 2373 1170 2406 Homnno
1208 2371 1247 2404 Il.
1278 2370 1320 2410 V,
1346 2370 1379 2402 4.
1401 2385 1449 2392 —
1486 2365 1647 2398 Ceterum

297 2447 472 2487 comparat
502 2442 682 2474 thn'rus
709 2441 825 2474 suavia
849 2440 953 2473 verba
979 2440 1134 2471 Graeca:
1174 2436 1294 2471 λασίας
1318 2429 1442 2474 θάμνῳ
1467 2426 1532 2462 ὗῖῑό
1558 2429 1645 2461 7²⁴²·st-

297 2509 402 2543 ’τάιόυ
428 2504 592 2546 1(αιῖμ(ιῑ”
619 2504 794 2551 ὀπωρινοῖο
824 2501 938 2546 φυγῶν
964 2499 1081 2540 κυνός,
1114 2501 1322 2545 Epigramln.
1347 2498 1464 2530 incert·
1490 2505 1539 2528 nr.
1563 2496 1646 2526 260.

300 2580 468 2612 κηποι.
503 2576 572 2608 Gn.
612 2573 655 2607 T.
681 2573 742 2607 IV.
780 2574 813 2615 1¹³.
840 2575 919 2605 171.
956 2570 1094 2603 Jacobs.
1154 2567 1231 2600 Alia
1263 2566 1378 2598 JANUS
1416 2564 1644 2596 Gnmrmmrs

299 2641 441 2677 confert.
467 2657 504 2667 -
546 2639 587 2673 V.
616 2640 674 2673 9-8,
701 2637 750 2671 ad
776 2638 896 2671 rivos
922 2634 951 2669 li.
977 2645 1006 2669 e.
1034 2643 1121 2668 nunc
1147 2631 1189 2666 ad
1215 2630 1322 2672 bunc,
1358 2639 1445 2664 nuuc
1470 2627 1514 2662 ad
1538 2626 1641 2659 illum.
