1721 2953
516 122 660 163 LIBR.
688 122 720 162 Ι.
779 122 937 164 ELEG.
968 124 1019 165 ΙΙ.
1392 126 1445 166 49

104 238 202 272 Adde
229 239 395 273 JACOBUM
420 234 463 269 ad
487 235 612 270 Lucilii
638 235 783 268 Aetnam
820 245 897 279 pag.
924 237 1004 270 162.
1029 253 1076 261 -
1113 239 1183 269 ter
1216 244 1338 277 cane,
1377 240 1444 269 ter

99 303 281 347 despue.
340 301 493 335 Observa
526 309 704 334 numerum
736 301 921 333 ternarium
955 302 989 334 in
1023 300 1155 344 magia,
1188 305 1226 334 ut
1251 301 1386 334 omnino
1410 302 1443 334 in

97 371 223 412 sacris,
255 369 425 412 religiosis
460 368 561 401 rebus
592 367 806 411 legitimum,
843 379 920 401 cum
954 370 1062 413 impar
1084 379 1244 403 numerus
1269 370 1443 413 potentior

95 439 187 469 esset
211 439 246 468 et
271 435 436 468 ternarius
461 435 596 477 quidem
622 435 770 468 maxime
795 435 989 479 perfectus3
1015 437 1121 469 PnlN.
1148 435 1312 477 XXVIII,
1337 438 1372 469 2.
1405 440 1441 469 et

96 501 196 535 Voss.
221 499 264 532 ad
286 500 384 542 Virg.
408 499 532 542 Eclog.
557 500 653 542 vul,
679 512 714 544 p.
735 502 815 533 426.
855 501 1037 534 Semnum.
1062 501 1106 534 ad
1129 501 1251 534 Horat.
1275 500 1385 545 Epist.
1411 501 1440 543 I,

95 565 128 599 1,
152 565 209 597 37.
257 563 519 608 Exempla-alia
552 564 620 597 vid.
644 565 794 598 Vmen„
822 564 891 599 Cir.
916 567 987 598 370
1010 577 1083 609 sqq.
1118 567 1225 600 Ovm.
1253 567 1337 600 Met.
1363 567 1440 609 vn,

93 632 174 663 190.
212 631 379 665 ΡΕΤιιοΝ.
413 642 441 665 c.
469 634 548 665 131.
596 631 721 665 Iisdem
756 630 890 664 dnobus
926 632 1053 666 ultimis
1085 634 1169 667 locis
1201 632 1304 666 habes
1337 635 1439 668 etiam

92 696 279 742 despuendi
302 698 336 731 in
360 698 471 732 sinum
494 708 642 740 morem,
678 698 755 732 add.
780 698 868 731 infra
902 708 933 731 v.
960 700 1017 732 98.
1075 698 1261 732 Faciebant
1285 698 1328 732 ad
1351 700 1440 733 mala

91 764 356 800 averruncanda.
403 764 492 799 Vide
523 769 659 809 praeter
690 765 799 800 PmN.
824 764 991 806 XXVIII,
1019 766 1053 798 4.
1092 776 1179 808 quae
1205 767 1440 799 Wiisrnmiv—

93 839 163 863 Nus
189 829 232 862 ad
256 828 428 863 Theocrit.
452 830 512 872 VI,
537 833 594 864 39.
620 830 736 863 laudat
762 834 795 863 et
821 830 1103 864 Bnoncxnnsms
1130 831 1173 864 ad
1198 831 1286 865 hunc
1311 832 1439 865 Tibulli

92 894 215 928 locum.
263 894 378 928 Etiam
402 895 460 928 ubi
485 896 565 938 quid
591 897 806 940 arrogantius
832 897 960 938 dictum
986 901 1076 930 esset
1101 902 1160 930 aut
1183 899 1282 931 nimis
1307 899 1440 941 magni-

91 961 156 993 fice
197 961 451 1004 praedicatum,
504 962 691 995 Adrasteae
731 963 815 996 iram
857 963 907 996 sic
947 967 1101 995 avertere
1141 962 1343 1004 studebant,
1395 963 1439 996 cf.

91 1024 247 1060 Lucus.
280 1037 330 1070 pr.
357 1026 510 1060 Merced.
549 1027 658 1060 Cond.
697 1038 727 1061 c..
754 1030 787 1062 6.
824 1027 905 1070 ibiq.
942 1028 1078 1062 SOLAN.
1110 1032 1145 1061 et
1178 1028 1301 1070 Navig.
1328 1038 1356 1061 c.
1383 1031 1440 1062 15.

92 1091 147 1125 Ad
171 1092 346 1126 Tibullum
370 1098 409 1126 ut
433 1093 581 1136 redeam,
608 1093 673 1127 hoc
698 1094 774 1127 loco
800 1104 840 1127 ea
865 1094 908 1127 de
934 1105 1036 1128 causa
1062 1096 1210 1138 praecipi
1237 1105 1308 1128 rem
1334 1095 1440 1135 vides,

92 1167 136 1190 ne
158 1157 238 1199 quid
263 1158 351 1191 forte
376 1169 558 1193 occurrens
583 1161 700 1194 turbet
724 1161 986 1194 incantationem
1012 1165 1046 1194 et
1072 1161 1218 1204 frangat.
1243 1178 1288 1188 -
1314 1162 1356 1196 V.
1382 1164 1440 1195 58.

94 1225 240 1266 molli,
273 1226 375 1258 etiam
401 1225 455 1260 hic
480 1238 547 1260 non
573 1228 730 1262 otiosum.
780 1228 890 1270 Licet,
917 1229 974 1270 ait,
1000 1239 1041 1262 eo
1066 1229 1100 1261 in
1125 1229 1202 1262 loco
1227 1228 1359 1270 viderit,
1383 1228 1441 1271 qui

92 1291 239 1324 maxime
272 1292 392 1325 invitat
424 1292 467 1325 ad
499 1294 705 1336 amplexum.
755 1294 917 1327 Ceterum
952 1293 995 1326 cf.
1027 1294 1214 1326 PROPERT.
1237 1293 1297 1334 IV,
1324 1296 1358 1335 5,
1386 1296 1441 1326 15.

93 1354 137 1389 de
163 1356 259 1389 lena:
279 1356 397 1400 possit
421 1362 457 1388 et
483 1356 637 1389 intentos
662 1362 746 1389 astu
773 1368 915 1389 caecare
939 1356 1097 1390 maritos.
1119 1375 1164 1381 —-
1198 1357 1239 1391 V.
1263 1360 1319 1390 60.
1346 1366 1441 1390 sen-

92 1423 181 1455 tiet
214 1422 295 1455 ille
329 1422 456 1456 nihil.
505 1423 565 1456 Sic
591 1423 772 1465 legendum
801 1433 852 1466 pr.
876 1421 969 1466 ipse,
994 1421 1084 1464 quod
1110 1432 1260 1465 pravum.
1311 1422 1442 1455 Obser-

89 1488 185 1521 vabis
219 1500 429 1532 pronomen,
460 1491 494 1523 in
520 1501 622 1534 prosa
656 1492 811 1524 oratione
835 1501 902 1524 non
928 1490 1176 1532 necessarium,
1212 1491 1245 1523 in
1270 1491 1365 1533 poesi
1390 1491 1440 1523 sic

88 1557 175 1591 scite
199 1557 277 1591 addi
301 1559 436 1592 solitum
451 1584 460 1601 ,
484 1562 522 1591 ut
547 1557 654 1592 novu's
679 1559 778 1601 vigor
802 1557 953 1592 secundo
977 1558 1131 1590 membro
1156 1557 1318 1598 accedat,
1343 1556 1386 1590 cf.
1411 1557 1440 1599 I,

91 1625 124 1666 4,
147 1626 206 1657 52.
235 1626 294 1658 72.
321 1626 355 1665 5,
382 1626 437 1658 18.
463 1627 497 1665 8,
525 1626 581 1657 48.
608 1626 666 1665 10,
691 1626 748 1656 60.
798 1623 886 1657 Vide
912 1626 1090 1666 praeterea
1115 1622 1157 1654 ad
1187 1625 1217 1663 1,
1242 1624 1299 1656 37.
1325 1632 1439 1665 supra.

184 1690 227 1722 V.
253 1691 399 1722 61-88.
459 1688 656 1721 Medium
694 1698 881 1720 carmen.
942 1688 1104 1720 Tertia
1144 1697 1248 1730 pars
1284 1697 1440 1720 rerum.

90 1754 216 1788 Dicit
243 1755 358 1787 enim
385 1764 498 1787 nunc
523 1753 573 1787 de
598 1754 767 1787 amoris
793 1754 862 1787 sui
896 1753 1164 1787 constantia
1198 1756 1241 1786 et
1274 1754 1440 1796 magni-

91 1820 263 1854 tudine.

191 1887 234 1920 V.
261 1888 318 1920 61.
368 1885 486 1922 Quid
512 1885 720 1920 credam?
769 1885 924 1929 Egregio
948 1885 1092 1918 transitu
1117 1884 1234 1918 utitur.
1284 1882 1348 1916 Est
1371 1882 1442 1915 for-

92 1952 185 1985 mula
211 1951 397 1985 nuntiantis
421 1952 608 1985 mirabilem
635 1962 718 1994 rem,
745 1952 787 1985 de
809 1962 876 1994 qua
899 1952 1030 1985 nescias
1053 1951 1134 1993 quid
1160 1953 1300 1991 statuas,
1325 1950 1442 1983 fierine

90 2017 242 2060 potuerit
265 2027 384 2051 necne.
433 2017 586 2060 Vulgare
609 2021 701 2050 erat:
729 2017 823 2062 Quin
842 2017 962 2053 etiam,
991 2020 1025 2050 et
1051 2016 1139 2062 quid
1158 2015 1260 2062 quod.
1309 2015 1443 2057 Exqui-

90 2084 209 2117 sitiora
235 2087 269 2117 et
294 2083 404 2125 magis
429 2084 563 2127 poetica
588 2082 692 2117 haec:
727 2083 826 2116 Mira
853 2082 996 2128 loquor,
1034 2082 1128 2116 Vera
1151 2078 1323 2127 loquor-P,
1355 2079 1443 2112 Fal-

91 2147 174 2181 lor?
209 2149 350 2190 similia,
383 2149 453 2182 suis
488 2159 643 2192 quaeque
678 2148 762 2182 locis
798 2148 967 2192 eligenda.
993 2165 1039 2172 —-
1076 2158 1242 2192 nempe.
1301 2146 1445 2180 Fallitur

91 2213 354 2247 Hssmnonmus
378 2213 421 2246 ad
441 2213 564 2247 Horat.
586 2215 661 2247 Sat.
685 2214 713 2256 1,
733 2217 790 2256 10,
811 2217 845 2248 9.
871 2214 1079 2248 contendens
1104 2214 1230 2256 ubique
1254 2211 1340 2246 hanc
1365 2224 1444 2257 par-

95 2280 233 2313 ticulam
259 2289 336 2312 esse
361 2289 436 2312 cum
462 2279 729 2322 interrogatione
764 2280 908 2323 quadam
944 2280 1163 2321 affirmantis,
1202 2283 1240 2312 ut
1272 2282 1442 2312 nostrum:

95 2345 182 2379 doch
197 2345 312 2379 wohl!
340 2346 397 2379 ubi
417 2346 490 2390 ipse
512 2346 615 2380 creda
633 2350 686 2379 set
706 2347 852 2380 alterum
873 2357 1009 2390 quoque
1030 2356 1272 2380 concessurum
1293 2356 1442 2379 censeas.

95 2413 166 2448 Sed
190 2412 254 2448 hoc
273 2413 376 2458 vides]
394 2415 540 2448 alienum
567 2424 643 2448 esse
668 2425 688 2447 a
713 2415 891 2458 proposito
913 2415 1001 2448 loco.
1050 2414 1159 2447 Immo
1185 2424 1239 2447 res
1264 2413 1348 2448 haec
1374 2419 1443 2448 est:

93 2477 258 2512 Refertur
292 2490 410 2523 nempe
444 2480 571 2522 ubique
607 2478 649 2512 ad
688 2479 894 2513 antecedens
928 2478 1009 2522 quid
1041 2480 1113 2513 sive
1139 2490 1338 2523 expressum
1373 2480 1445 2513 sive

94 2543 302 2586 cogitatione
328 2545 565 2589 supplendum,
591 2549 628 2578 ut
654 2555 731 2578 cum
757 2556 812 2589 ap.
839 2546 1005 2579 Pnusmm
1031 2546 1106 2579 Sat.
1126 2546 1188 2580 ΙΙΙ.
1213 2550 1247 2579 et
1272 2546 1356 2579 alias
1381 2546 1448 2579 ini-⁷

96 2608 143 2641 tio
178 2608 336 2652 ponitur,
370 2614 405 2644 et
431 2614 481 2644 est
508 2610 578 2644 sere
606 2609 827 2653 explicantis,
866 2611 1095 2646 confirmantis
1119 2614 1177 2643 aut
1201 2610 1444 2650 concludentis,

1062 2679 1087 2715 4
