1721 2953
269 156 481 181 ccxxxvm
812 144 887 184 DE
918 141 1076 186 POESI

269 271 437 296 nexum.
506 257 552 295 In
593 269 675 309 qua
709 269 754 296 re
788 254 872 298 duo
910 272 1060 309 genera
1096 259 1286 299 locorum
1323 255 1624 308 distinguimus.

268 334 439 373 Primum
471 346 564 382 eos,
607 334 680 386 qui
715 333 838 374 etiam
870 335 1000 374 verbo
1040 346 1282 386 expressum
1318 333 1473 373 habent
1509 332 1622 371 hunc

267 412 506 460 transitum,
550 410 646 450 lIcet
683 424 769 450 non
807 412 858 450 ab
900 411 1094 451 omnibus
1129 412 1253 462 vulgo
1292 412 1399 451 clare
1436 408 1622 449 animad-

266 500 445 527 versum.
501 486 704 538 Exempla
741 486 876 527 statim
915 485 1133 527 ostendent
1170 484 1271 539 quid
1309 484 1455 526 dicam.
1514 484 1620 524 Cum

266 560 376 599 enim
412 562 581 601 omnino
614 576 691 614 per
724 562 1030 615 oppositionem
1060 569 1130 601 aut
1162 575 1238 614 per
1267 559 1621 602 continuationem

264 644 516 686 transeatur,
548 635 772 676 admodum
802 650 1002 678 nervosus
1028 636 1176 676 modus
1203 644 1262 676 est
1290 651 1364 689 per
1394 634 1621 688 oppositio-

264 724 361 750 nem
397 726 538 751 rerum
581 721 651 752 aut
686 726 974 765 personarum.
1038 713 1126 751 Iam
1167 711 1262 754 vide
1301 712 1340 761 Ι,
1375 712 1420 760 4,
1452 715 1519 750 39.
1548 711 1622 750 ubi

265 785 318 826 ad
351 802 507 828 novum
542 802 683 828 rerum
718 788 908 828 ordinem
938 789 1084 828 transit
1122 787 1203 827 ita:
1248 788 1325 836 Tu,
1351 800 1467 840 puero
1500 786 1619 839 quod-

264 878 408 917 cunque
435 872 497 904 tuo
526 872 668 905 tentare
697 865 833 914 libebit,
864 865 1011 914 Cedas,
1051 864 1094 903 h.
1117 877 1152 903 e.
1182 871 1227 902 tu
1259 870 1398 903 autem
1428 876 1479 900 ne
1510 861 1620 900 sinas

263 939 491 990 praeterire
531 941 678 979 stultos
720 939 830 989 dies,
884 939 988 979 sicut
1028 939 1129 979 alios
1170 939 1314 978 fecisse
1353 936 1477 976 modo
1521 935 1620 985 dixi,

264 1013 334 1054 sed
379 1015 620 1056 omnimodo
664 1030 762 1056 cura
807 1023 854 1055 ut
900 1016 1086 1055 favorem
1132 1015 1257 1054 amati
1297 1014 1373 1053 tibi
1415 1012 1621 1052 concilies.

263 1089 323 1128 Ac
363 1103 447 1129 non
481 1104 535 1130 ex
572 1091 716 1130 ultimo
757 1099 798 1130 et
835 1091 1063 1142 penultimo
1106 1089 1279 1129 disticho
1317 1087 1482 1127 ducitur
1518 1088 1620 1126 haec

265 1166 486 1218 oppositio,
516 1165 588 1205 sed
614 1180 666 1206 ex
691 1166 1014 1219 antepenultimo
1042 1169 1162 1205 v.33.
1183 1167 1250 1205 34.
1282 1164 1323 1203 h.
1341 1178 1374 1203 e.
1392 1178 1444 1203 ex
1462 1178 1621 1204 summa

265 1243 466 1282 sententia
496 1243 589 1291 loci,
621 1242 687 1282 cui
711 1242 925 1295 sequentia
948 1239 1119 1282 disticha
1148 1244 1269 1282 v.35.
1295 1245 1413 1281 v.37.
1437 1240 1621 1280 subiecta

265 1325 374 1356 sunt.
429 1316 597 1357 Accedit
622 1326 757 1357 autem
784 1331 895 1356 nunc
921 1317 1043 1356 simul
1067 1315 1179 1356 aliud
1202 1315 1399 1356 notabile.
1458 1313 1620 1355 Omissa

266 1399 325 1430 est
362 1392 596 1442 generalior
631 1392 853 1431 sententia:
898 1398 945 1430 tu
983 1399 1120 1429 autem
1158 1404 1210 1428 ne
1247 1392 1356 1429 sinas
1391 1390 1618 1442 praeterire

265 1467 411 1506 stultos
455 1466 565 1517 dies,
622 1466 666 1505 in
711 1480 794 1518 qua
838 1465 990 1504 directa
1035 1465 1242 1517 oppositio
1286 1462 1620 1504 antecedentium

264 1542 393 1591 inest,
434 1551 473 1582 et
500 1542 760 1582 substituitur
794 1541 929 1579 statim
959 1541 1134 1593 speciale
1166 1548 1433 1591 praeceptum
1464 1537 1514 1578 de
1544 1540 1620 1579 ob-

266 1617 439 1671 sequio:
499 1617 571 1669 qui
612 1616 791 1655 maxime
835 1615 1021 1668 poeticus
1070 1622 1129 1655 est
1172 1627 1296 1665 usus,
1347 1613 1417 1653 sed
1457 1615 1492 1653 si
1532 1626 1620 1653 non

266 1691 472 1741 attendas,
500 1693 720 1731 obscurare
745 1699 785 1730 et
807 1691 895 1742 ipse
915 1698 1049 1742 potest
1070 1704 1213 1732 veram
1232 1690 1436 1728 rationem
1455 1687 1621 1728 iunctu-

266 1781 350 1806 rae.
418 1766 484 1807 Sic
522 1767 675 1807 factum
713 1767 753 1816 I,
786 1766 832 1816 4,
864 1768 928 1805 15.
996 1763 1314 1817 Oppositionem
1351 1764 1434 1803 illic
1473 1763 1620 1803 haberi

265 1844 355 1895 ipsa
390 1843 592 1895 particula
622 1843 689 1882 sed
722 1841 889 1881 indicat.
954 1840 1060 1881 Cum
1093 1848 1230 1880 autem
1260 1849 1354 1881 ante
1384 1841 1525 1882 oculos
1556 1855 1619 1881 es-

267 1926 358 1956 sent
388 1918 637 1969 pronomina
667 1916 994 1956 antecedentium
1025 1915 1314 1965 distichorum,
1348 1917 1426 1964 hic,
1453 1917 1532 1965 hic,
1559 1917 1620 1965 illi,

266 1995 440 2046 probata
471 1993 546 2032 fuit
574 2006 704 2045 prava
732 1992 874 2031 lectio:
906 1992 984 2030 Sed
1009 1999 1044 2030 te
1071 2005 1116 2030 ne
1144 1993 1315 2043 capiant,
1347 1991 1466 2042 quasi
1494 1991 1619 2030 huius

267 2069 527 2121 pronominis
565 2076 602 2107 et
637 2068 803 2107 illorum
838 2075 941 2106 esset
978 2067 1197 2119 oppositio.
1254 2066 1411 2106 Notum
1448 2065 1617 2119 quidem

267 2158 395 2195 genus
433 2144 643 2182 transitus·
667 2141 775 2194 apud
818 2150 984 2194 poetam
1020 2156 1095 2193 per
1130 2142 1182 2181 At
1215 2149 1276 2190 ίιι,
1317 2150 1364 2180 ut
1400 2142 1442 2189 I,
1473 2145 1520 2191 2,
1551 2145 1619 2181 89.

267 2219 298 2267 Ι,
329 2223 366 2268 3,
398 2222 464 2258 83.
501 2218 554 2263 ΙΙ,
580 2222 616 2267 3,
646 2221 712 2256 33.
741 2221 808 2257 61.
868 2216 949 2257 Sed
980 2230 1090 2257 nunc
1119 2217 1260 2256 verior
1288 2217 1432 2257 lectio:
1469 2217 1546 2255 Sed
1574 2231 1619 2255 ne

267 2302 302 2332 te
337 2297 489 2347 capiant
525 2315 581 2323 —
611 2293 762 2342 taedia,
806 2306 828 2331 a
865 2291 1134 2331 Lachmanno
1174 2300 1282 2331 recte
1320 2292 1507 2330 restituta
1545 2299 1618 2340 est,

269 2383 344 2408 nec
373 2369 645 2422 pronomina,
685 2367 755 2407 sed
785 2368 1012 2407 sententiae
1042 2367 1120 2407 sibi
1149 2375 1434 2419 opponuntur.
1485 2365 1618 2405 Dixe-

269 2453 354 2486 rat:
389 2442 424 2485 Ο
454 2445 547 2495 suge
577 2457 750 2496 pueros3
784 2444 904 2483 nimis
933 2443 1190 2495 perniciosus
1216 2440 1429 2494 adspectus
1459 2454 1617 2491 eorum,

271 2523 402 2573 placet
442 2521 545 2559 alius
586 2520 663 2558 alia
704 2533 763 2558 re.
834 2519 956 2559 Nunc
996 2518 1148 2570 pergit:
1195 2515 1275 2556 Sed
1313 2517 1377 2555 vel
1417 2516 1472 2555 sie
1510 2517 1615 2555 bene

272 2599 346 2636 erit
369 2609 453 2635 res:
490 2609 538 2634 ne
569 2602 607 2634 te
633 2595 791 2646 capiant
814 2594 960 2637 taedia.
990 2594 1024 2633 si
1052 2593 1183 2646 primo
1213 2592 1386 2643 negabit,
1420 2600 1457 2630 et
1481 2592 1616 2631 vinces
