1721 2953
288 154 370 192 426
611 149 981 195 COMMENTAR.
1011 155 1070 196 IN
1100 153 1327 198 TIBULLI

612 509 1289 552 ELEGIDIA.

466 635 528 669 DE
554 636 806 671 SULPICIAE
832 637 896 672 ET
923 637 1157 672 CERINTHI
1183 639 1445 674 AMORIBUS.

746 818 1158 862 PRAEFATIO.

276 968 402 1042 Quae
437 992 624 1033 sequuntur
659 988 827 1032 elegidia,
862 999 980 1023 eorum
1017 993 1194 1023 auctorem
1230 1000 1306 1023 cum
1341 989 1416 1022 aliis
1450 988 1625 1021 Tibullum

274 1055 460 1098 habemus,
496 1067 574 1090 cum
599 1058 691 1090 nulla
717 1068 822 1091 causa
846 1057 969 1090 idonea
1001 1057 1110 1098 adsit,
1146 1066 1251 1098 quare
1282 1066 1350 1089 non
1375 1055 1479 1088 fuisse
1504 1055 1626 1089 Tibul-

273 1124 342 1156 lum
368 1124 624 1158 contendamus.
673 1124 711 1157 In
747 1135 848 1167 quam
883 1124 1085 1157 sententiam
1121 1123 1330 1166 disputatum
1366 1126 1419 1154 est
1454 1122 1557 1155 etiam
1591 1122 1624 1155 in

272 1189 362 1223 Nov.
403 1189 575 1224 Mmzcmz.
616 1191 791 1224 GERMAN.
841 1190 994 1232 (Neaem
1031 1189 1216 1221 teutschen
1252 1188 1416 1230 Merkur)
1459 1188 1558 1221 Tom.
1594 1188 1623 1222 Ι.

272 1266 305 1298 p.
328 1257 399 1288 257
424 1266 498 1299 sqq.
533 1256 592 1288 ubi
627 1260 740 1288 tamen
772 1266 838 1288 non
864 1256 975 1288 omnia
1000 1254 1090 1288 dicta
1115 1254 1310 1298 probamus.
1371 1254 1444 1287 Nos
1476 1254 1622 1287 diximus

272 1322 315 1355 de
351 1322 413 1355 hac
448 1333 486 1355 re
518 1324 690 1367 explicate
724 1323 759 1356 in
788 1322 864 1356 Vita
891 1322 1020 1355 Tibulli
1050 1326 1085 1355 et
1111 1322 1145 1355 in
1173 1322 1418 1355 Dissertatione
1450 1321 1494 1355 de
1518 1321 1622 1355 Poesi

274 1389 367 1429 eius3
392 1399 480 1421 nunc
505 1393 619 1421 autem
646 1389 720 1431 ipsa
745 1388 893 1420 lectione
922 1387 1105 1419 carminum
1132 1387 1253 1427 disces,
1281 1391 1406 1428 quanta
1433 1387 1477 1419 sit
1502 1387 1622 1419 inven-

271 1453 390 1494 tionis,
427 1454 684 1497 compositionis
718 1457 752 1486 et
786 1452 943 1485 dictionis
978 1453 1148 1495 elegantia
1182 1456 1318 1485 etcum
1344 1452 1538 1485 Tibulliana
1564 1463 1620 1485 ra-

270 1520 363 1552 tione
400 1519 606 1561 similitudo,
652 1530 751 1562 quam
796 1520 862 1552 sint
905 1520 947 1551 ab
991 1520 1081 1552 omni
1120 1522 1217 1562 parte
1258 1518 1362 1560 digna
1402 1519 1461 1551 tali
1504 1522 1617 1562 poeta.

270 1583 460 1626 (Bacnmm
493 1595 558 1617 non
592 1585 675 1617 satis
709 1594 832 1626 magna
864 1594 942 1616 cura
980 1587 1014 1615 et
1047 1583 1221 1625 diligentia
1248 1585 1355 1626 polita
1381 1594 1420 1616 ea
1446 1583 1616 1617 dicentem

270 1661 337 1682 non
365 1650 552 1692 intelligo).
611 1650 720 1691 Origo
747 1659 828 1681 vero
858 1659 976 1681 eorum
1004 1648 1227 1691 probabiliter
1251 1648 1301 1681 sic
1326 1648 1488 1691 explicari
1516 1660 1618 1692 posse

269 1714 421 1748 videtur:
458 1715 632 1757 Sulpicia,
668 1714 774 1746 nobili
807 1723 935 1756 genere
971 1713 1103 1756 puella,
1145 1713 1277 1746 iuvenis
1302 1714 1476 1748 cuiusdam
1502 1726 1617 1749 amore

269 1785 369 1824 capta
403 1785 477 1814 erat
509 1781 609 1823 eique
641 1785 815 1824 postremo
847 1781 979 1824 nupsit,
1017 1781 1074 1822 qui
1108 1779 1161 1813 bic
1197 1779 1378 1813 Cerinthus
1412 1782 1614 1814 nominatur.

267 1847 389 1880 Fuisse
418 1858 495 1880 eum
521 1848 692 1880 Graecum
719 1857 897 1890 perperam
924 1846 1105 1888 opinantur
1130 1845 1323 1886 Humum,
1351 1846 1520 1887 Vossms,
1545 1846 1614 1886 alii,

267 1913 403 1945 nomine
429 1912 586 1955 decepti3
624 1912 687 1945 fuit
711 1910 798 1944 haud
825 1911 926 1944 dubie
954 1912 1149 1953 Romanus,
1174 1912 1237 1944 etsi
1264 1911 1407 1944 fortasse
1433 1911 1616 1954 ignobilior

268 1978 442 2021 Sulpicia,
480 1977 570 2010 unde
604 1977 676 2009 fieri
714 1978 824 2019 potuit
858 1982 896 2009 ut
930 1981 1039 2010 mater
1073 1977 1114 2010 de
1149 1978 1217 2009 alio
1251 1978 1411 2019 coniugio
1446 1979 1614 2019 cogitaret

269 2043 322 2085 (6,
348 2044 435 2086 15.).
484 2043 570 2076 Erat
603 2043 730 2076 amicus
754 2043 902 2085 Tibulli,
940 2045 997 2086 qui
1030 2043 1072 2076 ad
1100 2054 1176 2076 eum
1202 2044 1388 2077 secundum
1415 2048 1449 2077 et
1474 2045 1610 2077 tertium

267 2119 402 2141 carmen
438 2109 513 2141 libri
548 2108 688 2140 secundi
721 2109 877 2151 scripsit3
917 2119 993 2141 nam
1025 2109 1169 2142 eundem
1197 2120 1271 2142 esse
1296 2108 1384 2141 bunc
1411 2119 1509 2141 nemo
1535 2110 1609 2141 iure

266 2174 451 2216 negaverit.
501 2173 571 2206 Sed
598 2184 718 2206 nomen
746 2173 927 2207 Cerintbus
952 2175 1067 2207 fictum
1094 2185 1137 2207 ne
1162 2174 1290 2209 dubita.
1348 2174 1495 2217 Legitur
1519 2175 1609 2208 idem

265 2252 320 2284 ap.
345 2241 487 2273 Horum.
514 2241 586 2273 Sat.
612 2240 638 2281 Γ,
667 2243 701 2281 2,
725 2243 782 2273 81.
811 2241 853 2274 de
880 2240 1022 2284 pulchro
1049 2251 1174 2284 puer0,
1214 2246 1249 2274 et
1276 2241 1338 2274 fuit
1362 2242 1450 2274 inter
1474 2242 1610 2284 poetica

266 2307 400 2340 nomina
425 2305 522 2338 istius
551 2306 725 2348 temporis.
774 2306 907 2338 Iuvabit
932 2306 975 2339 de
1001 2307 1191 2340 nominibus
1218 2307 1305 2340 fictis
1330 2308 1485 2340 conferre
1511 2308 1610 2340 Wur-

267 2383 442 2407 cnmvrunr
465 2373 496 2404 in
522 2372 619 2405 Poet.
647 2372 725 2406 Lat.
751 2373 889 2415 Reliqq.
916 2385 949 2417 p.
974 2375 1043 2406 412
1065 2385 1137 2417 sqq.
1187 2374 1258 2407 Sed
1285 2385 1346 2407 cur
1370 2374 1508 2407 Tibullo
1535 2376 1609 2417 pla-

265 2440 334 2473 cuit
366 2440 482 2471 fictum
519 2439 668 2470 nomeu?
731 2440 798 2474 Qui
833 2440 1016 2473 Messalam
1053 2444 1087 2473 et
1124 2440 1278 2473 Macrum
1312 2441 1382 2473 suis
1417 2441 1608 2474 nominibus

265 2507 434 2546 nominat,
472 2504 579 2537 videri
615 2505 717 2537 debet
749 2507 849 2539 etiam
877 2506 974 2540 huius
1007 2508 1105 2541 amici
1133 2508 1261 2541 iuvenis
1286 2518 1401 2541 verum
1427 2518 1549 2540 nomen
1575 2510 1607 2541 in

264 2570 402 2604 secundi
429 2569 503 2602 libri
528 2571 731 2603 carminibus
755 2570 889 2604 duobus
914 2573 1101 2616 scripsisse,
1128 2584 1190 2606 nec
1213 2584 1317 2606 causa
1340 2578 1481 2616 apparet
1502 2584 1607 2616 qnuue

267 2637 335 2670 illic
368 2635 504 2680 quidem
539 2636 631 2669 aliud
657 2637 864 2672 substituere
892 2638 1069 2682 debuerit,
1107 2644 1141 2673 at
1177 2640 1209 2674 in
1245 2638 1294 2672 bis
1329 2640 1507 2683 poematiis
1541 2651 1605 2673 non
