1721 2953
256 173 332 198 cnx
791 155 864 194 DE
896 152 1052 196 POESI

258 280 325 312 aut
352 272 559 325 Propertii
590 269 693 309 illud
729 270 767 319 1,
797 273 844 322 3,
873 274 925 310 21
952 282 1042 323 sqq.
1100 268 1147 308 Et
1175 268 1285 306 modo
1318 275 1361 306 ut
1395 266 1467 315 14,
1500 269 1537 304 3.
1558 266 1597 304 4.

256 347 495 388 suavissime
526 345 772 397 repetentis:

370 422 422 461 Et
449 419 572 460 modo
603 420 812 460 solvebam
842 426 981 459 nostra
1013 416 1062 456 de
1095 417 1232 456 fronte
1263 417 1435 455 corollas

426 496 720 548 Ponebamque
750 495 850 545 tuis,
891 493 1090 546 Cynthia,
1135 491 1414 543 temporibus,

371 572 423 611 Et
449 570 572 611 modo
603 570 830 622 gaudebam
858 571 995 622 lapsos
1027 571 1206 608 formare
1237 567 1427 619 capillos,

430 646 552 686 Nunc
582 647 736 685 furtiva
766 646 874 685 cavis
903 659 1026 696 poma
1057 643 1204 683 dabam
1237 643 1440 681 manibus.

258 724 357 762 Tale
395 736 521 775 porro
560 723 638 761 hoc
676 730 736 760 est
773 719 1112 772 epanadiploseos
1149 719 1385 769 exemplum
1420 714 1604 753 dulcissi-

259 812 371 837 mum
402 797 512 850 apud
541 798 770 836 Homerum
807 797 855 835 Il.
876 795 1023 842 XXII,
1055 797 1158 832 127:

379 867 447 915 Oi}
469 871 555 925 μέν
580 887 670 918 πως
696 870 779 913 νῦν
801 873 921 912 ἔστιν
945 864 1034 911 ἀπὸ
1063 862 1187 922 δρυὸς
1213 859 1304 908 οὐδ’
1328 857 1416 906 ἀπὸ
1443 860 1603 915 πέτρης

378 947 450 1004 Τῷ
487 941 788 1001 ὀαριζέιιιεναι,
834 941 911 986 ἅτε
951 942 1181 997 παρθένος
1218 933 1376 994 ἠΐθεός
1409 955 1483 987 τε,

373 1022 617 1077 Παρθένος
653 1014 806 1075 ἠΐθεός
841 1013 875 1059 τ’
914 1013 1137 1073 ὀαρίζετον
1175 1009 1418 1070 ἀλλήλοιϊν.

261 1097 342 1138 Sed
372 1098 579 1150 pertinent
607 1097 687 1134 huc
716 1095 915 1147 imprimis
944 1094 1065 1132 etiam
1096 1090 1377 1130 artificiosiora
1404 1086 1605 1141 quaedam

259 1187 411 1224 genera
442 1172 484 1210 in
521 1170 878 1218 antecedentibus,
919 1170 993 1208 ubi
1028 1169 1163 1206 locum
1199 1180 1283 1205 non
1312 1165 1542 1211 habebant,
1583 1178 1605 1201 a

260 1263 325 1289 me
366 1247 553 1288 nondum
591 1254 828 1285 memorata.
887 1243 953 1283 Sic
983 1243 1226 1296 Propertius
1255 1242 1296 1292 I,
1327 1245 1402 1291 21,
1431 1244 1484 1278 26
1517 1253 1605 1292 sqq.

262 1322 357 1362 dicit
393 1322 654 1362 suavissime:

429 1397 550 1435 Hunc
582 1408 707 1446 super
737 1401 775 1431 et
804 1393 950 1441 Zetes,
990 1391 1100 1429 hune
1131 1403 1259 1442 super
1291 1397 1329 1427 et
1360 1388 1492 1427 Calais

375 1469 526 1512 Oscula
555 1469 762 1521 suspensis
792 1468 999 1507 instabant
1034 1479 1201 1517 carpere
1231 1463 1400 1516 palmis,

432 1545 581 1587 Oscula
613 1553 651 1584 et
681 1546 838 1583 alterna
868 1543 975 1581 serre
1006 1540 1155 1592 supina
1183 1553 1324 1578 manu.

260 1623 347 1664 Nec
380 1623 514 1660 minus
546 1621 747 1670 elegantes
786 1626 882 1657 sunt
910 1624 1123 1669 protaseos
1162 1623 1200 1654 et
1240 1612 1468 1666 apodoseos
1498 1625 1608 1651 com-

262 1699 489 1751 positiones
513 1698 634 1746 tales,
663 1695 713 1744 ΙΙ,
748 1698 812 1743 18,
848 1697 916 1732 11:

378 1772 483 1811 Cum
515 1771 591 1810 tibi
622 1784 695 1809 nec
724 1770 872 1819 frater,
903 1781 978 1806 nec
1011 1766 1062 1805 sit
1089 1764 1165 1804 tibi
1193 1764 1300 1803 filius
1328 1765 1456 1813 ullus,

430 1848 578 1888 Frater
607 1860 680 1898 ego
713 1853 752 1884 et
780 1844 857 1883 tibi
886 1843 962 1883 sim
990 1841 1098 1881 filius
1129 1854 1237 1879 unus
1267 1852 1353 1890 ego.

264 1931 332 1963 aut
360 1923 412 1972 II,
442 1926 479 1970 3,
512 1921 591 1959 43:

377 1997 470 2036 Sive
500 1996 611 2034 illam
649 1991 860 2044 Hesperiis
896 1991 980 2031 sive
1012 1989 1124 2028 illam
1156 1985 1342 2027 ostendet
1368 1986 1484 2034 Eois,

433 2070 537 2110 Uret
566 2078 605 2109 et
634 2069 766 2115 Eoos,
807 2053 909 2105 uret
929 2074 968 2104 et
997 2064 1234 2116 Hesperios.

266 2146 387 2200 Apud
412 2146 637 2193 Tibullum,
667 2143 780 2183 cuius
812 2141 946 2193 poesis
970 2141 1103 2180 aliena
1134 2153 1156 2177 a
1183 2138 1343 2177 lusibus
1365 2137 1440 2176 etsi
1464 2137 1609 2176 iucun-

267 2222 341 2273 dis,
366 2222 467 2260 nihil
490 2228 546 2258 est
569 2233 620 2258 ex
639 2226 724 2257 toto
741 2218 819 2256 hoc
840 2229 986 2268 genere
1008 2215 1088 2253 nisi
1106 2226 1238 2252 unum
1253 2212 1331 2252 hoc
1348 2212 1419 2262 IV,
1432 2215 1519 2261 2,9.
1539 2215 1610 2250 10:

380 2296 461 2335 Seu
495 2295 617 2334 solvit
647 2294 796 2341 crines,
826 2292 927 2330 fusis
954 2289 1068 2329 decet
1098 2302 1183 2328 esse
1215 2288 1391 2339 capillis:

434 2372 514 2411 Seu
547 2371 741 2421 compsit,
786 2367 955 2419 comptis
985 2375 1044 2405 est
1073 2362 1308 2404 veneranda
1337 2363 1485 2407 comis,

268 2448 341 2487 ubi
383 2455 515 2484 tamen
559 2446 713 2483 fallitur
743 2443 980 2481 Huschkius
1018 2441 1114 2489 fudit
1142 2454 1206 2492 pr.
1235 2439 1334 2478 solvit
1367 2436 1611 2486 coniiciens;

269 2535 404 2575 neque
447 2519 555 2558 enim
593 2517 685 2557 data
727 2532 852 2570 opera
897 2517 1057 2570 quaerit
1099 2518 1232 2554 lusum
1264 2521 1386 2566 poeta
1426 2520 1614 2552 accurata

268 2596 537 2650 responsione
580 2594 821 2644 verborum,
871 2591 941 2631 sed
981 2591 1105 2642 tangit
1149 2597 1306 2628 tantum
1344 2587 1491 2627 leviter
1522 2587 1611 2645 ⁴‘hoc

1713 1718 1721 1773 ΔΜ-
1713 1683 1717 1689 .

1708 1998 1721 2074 ἈΨ
1711 1933 1721 1983 .-·2

1704 2150 1721 2314 {wasnau-⁹.
1707 2136 1712 2138 =
1711 2122 1717 2127 -
