1721 2953
320 185 446 212 xcvm
851 169 926 210 DE
960 167 1121 212 POESI
1383 182 1405 199 ‘a

322 301 416 337 sua,
450 297 550 325 mox
581 282 747 323 suavius
775 294 862 341 sese
893 284 1015 324 offert
1046 282 1276 333 custodem,
1309 292 1353 324 ut
1384 298 1477 324 cum
1505 284 1675 324 maritus

322 375 486 404 servare
528 360 680 401 nesciat
722 361 834 400 bona
875 374 974 412 sua,
1029 362 1250 402 certissime
1293 360 1568 402 excludantur
1607 362 1675 400 alii

323 454 465 481 omnes
503 445 698 478 amantes.
776 438 910 493 Atque
948 440 1050 479 haec
1089 438 1140 479 de
1179 438 1376 480 custodia.
1451 440 1537 479 Iam
1574 452 1674 480 vero

322 515 510 570 sequitur
549 514 627 553 alia
665 526 785 566 pars,
823 527 980 567 poenas
1020 504 1212 554 caelestes
1245 513 1464 555 ostendens
1497 514 1675 566 puellae,

321 590 504 632 admixta
534 599 670 630 tamen
699 591 822 630 etiam
851 591 1011 630 leniore
1041 590 1332 643 persuasione3
1370 604 1466 630 nam
1493 590 1673 642 primum

319 669 516 709 Bellonae
543 668 684 707 minax
715 669 928 707 oraculum
959 676 1171 717 narratur,
1206 674 1243 707 et
1271 667 1316 706 in
1344 665 1426 706 fine
1454 665 1675 706 infidarum

319 745 540 785 munerum
579 745 621 782 in
661 750 869 783 senectute
906 742 1073 783 miseria
1111 741 1378 791 describitur,
1421 741 1532 781 inter
1569 753 1674 794 quos

318 821 431 861 locos
461 819 605 859 tertius
634 832 709 871 per
736 818 1094 871 interpositionem
1124 819 1346 857 collocatus
1378 824 1438 857 est
1469 817 1606 856 lenior
1634 824 1674 855 et

318 897 479 946 mitior,
518 894 591 934 ubi
621 894 724 933 iram
753 895 960 934 remittere
996 907 1038 934 se
1073 892 1170 933 dicit
1200 901 1372 946 propter
1404 901 1597 942 matrem,
1635 899 1674 931 et

319 972 398 1013 sibi
437 971 558 1011 etiam
599 984 761 1011 severas
799 971 908 1022 leges
946 970 1165 1023 imponens
1206 970 1262 1010 sic
1302 969 1489 1010 favorem
1527 969 1673 1010 Deliae

319 1054 467 1100 captat.
523 1046 660 1099 Atque
696 1047 797 1086 haec
828 1048 955 1086 altera
988 1060 1084 1098 pars
1121 1054 1192 1086 est.
1248 1043 1376 1084 Vides
1412 1044 1674 1096 grandiorem

319 1121 681 1173 compositionem,
710 1129 756 1160 ut
785 1129 881 1160 sunt
904 1122 1084 1160 carmina
1110 1121 1154 1160 in
1176 1120 1355 1159 Deliam.
1411 1119 1552 1160 Prima
1576 1133 1673 1173 pars

318 1203 430 1235 >tenet
459 1196 641 1234 animum
667 1194 804 1236 vivida
831 1194 1104 1248 descriptione
1129 1193 1286 1235 fraudis
1312 1203 1352 1236 et
1380 1196 1550 1246 artium,
1582 1195 1672 1250 qui-

317 1274 394 1312 bus
433 1271 577 1310 fefellit
614 1271 809 1311 maritum
846 1284 962 1310 amor
999 1269 1257 1321 ingeniosus,
1306 1269 1479 1323 cupidus
1515 1278 1674 1324 poetae,

318 1348 446 1387 altera
474 1355 602 1387 terret
630 1347 846 1387 severitate
876 1355 914 1386 et
944 1348 1140 1398 gravitate
1167 1361 1329 1398 rerum3
1368 1349 1495 1387 altera
1526 1348 1673 1388 iucun-

319 1422 433 1473 dior,
474 1423 600 1462 altera
633 1423 863 1463 sublimior.
934 1421 1172 1475 Composita
1205 1435 1306 1464 vero
1341 1423 1460 1475 prior
1497 1421 1672 1469 duobus,

318 1499 526 1552 posterior
554 1499 685 1538 tribus
714 1498 832 1549 locis,
862 1500 970 1538 clare
998 1499 1216 1550 distinctis,
1248 1507 1288 1538 et
1316 1506 1454 1537 tamen
1481 1498 1672 1537 facillime

320 1576 565 1616 coeuntibus
595 1575 637 1613 in
670 1575 845 1614 unitates
876 1588 983 1614 suas.
1045 1575 1104 1614 Ac
1134 1574 1264 1614 discas
1292 1573 1502 1613 luculento
1533 1587 1673 1613 exem-

315 1654 412 1705 plo,
455 1651 557 1705 quid
594 1651 645 1691 sit
682 1659 792 1691 recte
831 1660 870 1691 et
907 1651 1078 1704 pulchre
1112 1650 1307 1692 dividere.
1374 1650 1523 1704 Neque
1563 1652 1671 1690 enim

317 1731 454 1769 solum
488 1728 638 1767 sentire
674 1726 797 1767 debes
831 1725 1115 1778 gradationem
1147 1725 1322 1765 duarum
1354 1725 1536 1777 partium
1564 1725 1674 1778 ipsa-

317 1820 433 1855 rum,
476 1818 654 1859 quarum
694 1805 822 1842 altera
860 1812 1074 1843 externam
1111 1802 1194 1842 vim
1235 1799 1444 1841 custodiae
1484 1801 1673 1852 ostendit,

318 1885 445 1923 altera
483 1883 662 1934 penitius
699 1881 743 1919 in
780 1880 964 1920 animum
999 1881 1161 1932 puellae
1199 1888 1442 1931 penetrans,
1485 1881 1672 1919 sensibus

318 1958 511 2009 gravibus
541 1969 799 1996 commovere
832 1955 989 2005 studet,
1031 1954 1100 1994 sed
1135 1957 1256 1994 etiam
1290 1956 1505 2007 propriam
1536 1958 1672 1997 cuius-

319 2046 399 2087 que
430 2030 768 2083 compositionem
797 2038 843 2069 ut
871 2037 980 2069 recte
1005 2029 1225 2081 intelligas,
1264 2030 1447 2070 attendas
1479 2045 1583 2083 opus
1614 2040 1673 2071 est

318 2109 400 2147 illic
427 2106 477 2147 ad
503 2108 674 2158 figuram
698 2114 877 2146 mutatae
901 2106 1146 2156 sententiae,
1179 2106 1245 2145 hic
1272 2105 1322 2145 ad
1346 2106 1672 2160 interpositionis

318 2185 539 2237 pulchrum
576 2182 804 2222 artificium.
860 2182 983 2223 Nunc
1020 2191 1242 2236 postquam
1280 2183 1449 2223 affectus
1483 2185 1674 2226 exhausit

321 2259 524 2315 quidquid
543 2261 900 2300 hortamentorum
919 2261 1106 2312 gravium
1125 2261 1169 2299 in
1191 2268 1399 2313 promptu,
1423 2258 1522 2314 quid
1546 2268 1671 2301 restat

317 2334 554 2375 faciendum
597 2349 721 2388 quam
764 2335 940 2387 simplex
979 2344 1123 2376 votum
1168 2334 1212 2374 in
1255 2335 1393 2385 exitu,
1446 2344 1491 2375 ut
1532 2336 1670 2389 potius

322 2410 440 2450 duret
476 2411 541 2449 hic
583 2425 699 2451 amor
739 2421 974 2452 constanter
1012 2411 1062 2451 ad
1103 2410 1386 2452 senectutem?
1443 2413 1580 2465 Atque
1613 2414 1670 2452 ita

319 2488 485 2527 sactum.
505 2507 563 2515 —
617 2487 844 2526 Veniamus
875 2487 926 2527 ad
957 2501 1121 2527 carmen
1150 2488 1181 2536 Ι,
1204 2491 1243 2526 5.
1271 2485 1381 2540 quod
1417 2486 1670 2541 παρακλαυ-

320 2564 524 2619 σίθυρον.
606 2563 742 2605 Grave
787 2564 1001 2606 discidium
1048 2573 1185 2605 ortum
1230 2572 1341 2613 erat,
1400 2578 1489 2603 cum
1536 2565 1670 2613 Delia,

321 2653 443 2693 quam
478 2638 629 2679 sociam
656 2639 762 2682 vitae
792 2654 890 2680 rure
921 2655 962 2681 se
993 2640 1231 2680 habiturum
1265 2647 1502 2692 speraverat
1536 2647 1669 2692 poeta,
