<?xml version="1.0" encoding="UTF-8"?>
<!DOCTYPE html PUBLIC "-//W3C//DTD XHTML 1.0 Transitional//EN"
    "http://www.w3.org/TR/xhtml1/DTD/xhtml1-transitional.dtd">
<html xmlns="http://www.w3.org/1999/xhtml" xml:lang="en" lang="en">
 <head>
  <title>
</title>
<meta http-equiv="Content-Type" content="text/html;charset=utf-8" />
  <meta name='ocr-system' content='tesseract 3.04.00' />
  <meta name='ocr-capabilities' content='ocr_page ocr_carea ocr_par ocr_line ocrx_word'/>
</head>
<body>
  <div class='ocr_page' id='page_1' title='image "./carminaexrecensi00tibuuoft_0231.png"; bbox 0 0 1721 2953; ppageno 0'>
   <div class='ocr_carea' id='block_1_1' title="bbox 443 118 1379 165">
    <p class='ocr_par' dir='ltr' id='par_1_1' title="bbox 443 118 1379 165">
     <span class='ocr_line' id='line_1_1' title="bbox 443 118 1379 165; baseline -0.001 -1"><span class='ocrx_word' id='word_1_1' title='bbox 443 118 684 164; x_wconf 67' lang='lat' dir='ltr'>TIBULLI</span> <span class='ocrx_word' id='word_1_2' title='bbox 736 118 844 165; x_wconf 66' lang='lat' dir='ltr'><strong>Ll&#39;ss.</strong></span> <span class='ocrx_word' id='word_1_3' title='bbox 879 120 908 165; x_wconf 89' lang='lat' dir='ltr'><strong>l.</strong></span> <span class='ocrx_word' id='word_1_4' title='bbox 935 130 967 165; x_wconf 84' lang='lat'><strong>9.</strong></span> <span class='ocrx_word' id='word_1_5' title='bbox 1318 121 1379 164; x_wconf 77' lang='lat'><strong>33</strong></span> 
     </span>
    </p>
   </div>
   <div class='ocr_carea' id='block_1_2' title="bbox 35 241 1387 1685">
    <p class='ocr_par' dir='ltr' id='par_1_2' title="bbox 35 241 1387 1685">
     <span class='ocr_line' id='line_1_2' title="bbox 92 241 1195 308; baseline -0.003 -18"><span class='ocrx_word' id='word_1_6' title='bbox 92 246 183 291; x_wconf 84' lang='lat' dir='ltr'><strong>Nec</strong></span> <span class='ocrx_word' id='word_1_7' title='bbox 220 243 298 290; x_wconf 77' lang='lat' dir='ltr'><strong>tibi</strong></span> <span class='ocrx_word' id='word_1_8' title='bbox 335 241 509 289; x_wconf 81' lang='lat' dir='ltr'><strong>celandi</strong></span> <span class='ocrx_word' id='word_1_9' title='bbox 547 261 649 307; x_wconf 84' lang='lat' dir='ltr'><strong>spes</strong></span> <span class='ocrx_word' id='word_1_10' title='bbox 683 243 740 289; x_wconf 85' lang='lat' dir='ltr'><strong>sit</strong></span> <span class='ocrx_word' id='word_1_11' title='bbox 775 260 960 308; x_wconf 86' lang='lat' dir='ltr'><strong>peccare</strong></span> <span class='ocrx_word' id='word_1_12' title='bbox 996 242 1195 308; x_wconf 76' lang='lat' dir='ltr'><strong>paranti:</strong></span> 
     </span>
     <span class='ocr_line' id='line_1_3' title="bbox 155 327 1213 394; baseline -0.002 -18"><span class='ocrx_word' id='word_1_13' title='bbox 155 331 233 376; x_wconf 82' lang='lat' dir='ltr'><strong>Est</strong></span> <span class='ocrx_word' id='word_1_14' title='bbox 268 329 401 387; x_wconf 81' lang='lat' dir='ltr'><strong>deus,</strong></span> <span class='ocrx_word' id='word_1_15' title='bbox 449 328 646 376; x_wconf 75' lang='lat' dir='ltr'><strong>occultos</strong></span> <span class='ocrx_word' id='word_1_16' title='bbox 684 329 760 394; x_wconf 87' lang='lat' dir='ltr'><strong>qui</strong></span> <span class='ocrx_word' id='word_1_17' title='bbox 798 341 911 376; x_wconf 74' lang='lat' dir='ltr'><strong>vetat</strong></span> <span class='ocrx_word' id='word_1_18' title='bbox 942 348 1035 379; x_wconf 82' lang='lat' dir='ltr'><strong>esse</strong></span> <span class='ocrx_word' id='word_1_19' title='bbox 1073 327 1213 375; x_wconf 85' lang='lat' dir='ltr'><strong>dolos.</strong></span> 
     </span>
     <span class='ocr_line' id='line_1_4' title="bbox 35 413 1119 480; baseline 0.002 -22"><span class='ocrx_word' id='word_1_20' title='bbox 35 416 191 480; x_wconf 77' lang='lat' dir='ltr'><strong>251pse</strong></span> <span class='ocrx_word' id='word_1_21' title='bbox 226 413 335 461; x_wconf 86' lang='lat' dir='ltr'><strong>deus</strong></span> <span class='ocrx_word' id='word_1_22' title='bbox 372 414 505 462; x_wconf 74' lang='lat' dir='ltr'><strong>tacito</strong></span> <span class='ocrx_word' id='word_1_23' title='bbox 541 414 743 480; x_wconf 83' lang='lat' dir='ltr'><strong>permisit</strong></span> <span class='ocrx_word' id='word_1_24' title='bbox 778 414 877 461; x_wconf 85' lang='lat' dir='ltr'><strong>lena</strong></span> <span class='ocrx_word' id='word_1_25' title='bbox 914 415 1119 462; x_wconf 68' lang='lat' dir='ltr'><strong>ministro</strong></span> 
     </span>
     <span class='ocr_line' id='line_1_5' title="bbox 153 499 1104 547; baseline 0.001 -1"><span class='ocrx_word' id='word_1_26' title='bbox 153 499 318 547; x_wconf 84' lang='lat' dir='ltr'><strong>Ederet</strong></span> <span class='ocrx_word' id='word_1_27' title='bbox 352 512 402 547; x_wconf 84' lang='lat' dir='ltr'><strong>ut</strong></span> <span class='ocrx_word' id='word_1_28' title='bbox 436 500 576 547; x_wconf 83' lang='lat' dir='ltr'><strong>multo</strong></span> <span class='ocrx_word' id='word_1_29' title='bbox 612 500 754 547; x_wconf 87' lang='lat' dir='ltr'><strong>libera</strong></span> <span class='ocrx_word' id='word_1_30' title='bbox 786 501 920 547; x_wconf 83' lang='lat' dir='ltr'><strong>verba</strong></span> <span class='ocrx_word' id='word_1_31' title='bbox 957 519 1104 547; x_wconf 89' lang='lat' dir='ltr'><strong>mero:</strong></span> 
     </span>
     <span class='ocr_line' id='line_1_6' title="bbox 87 586 1181 651; baseline 0.002 -19"><span class='ocrx_word' id='word_1_32' title='bbox 87 588 188 651; x_wconf 88' lang='lat' dir='ltr'><strong>Ipse</strong></span> <span class='ocrx_word' id='word_1_33' title='bbox 223 586 333 633; x_wconf 89' lang='lat' dir='ltr'><strong>deus</strong></span> <span class='ocrx_word' id='word_1_34' title='bbox 371 605 530 634; x_wconf 86' lang='lat' dir='ltr'><strong>sonmo</strong></span> <span class='ocrx_word' id='word_1_35' title='bbox 568 587 761 634; x_wconf 82' lang='lat' dir='ltr'><strong>domitos</strong></span> <span class='ocrx_word' id='word_1_36' title='bbox 799 587 994 634; x_wconf 78' lang='lat' dir='ltr'><strong>emittere</strong></span> <span class='ocrx_word' id='word_1_37' title='bbox 1030 605 1181 634; x_wconf 84' lang='lat' dir='ltr'><strong>vocem</strong></span> 
     </span>
     <span class='ocr_line' id='line_1_7' title="bbox 154 672 1126 738; baseline -0.001 -19"><span class='ocrx_word' id='word_1_38' title='bbox 154 672 290 719; x_wconf 82' lang='lat' dir='ltr'><strong>Iussit</strong></span> <span class='ocrx_word' id='word_1_39' title='bbox 325 685 366 720; x_wconf 85' lang='lat' dir='ltr'><strong>et</strong></span> <span class='ocrx_word' id='word_1_40' title='bbox 400 673 561 720; x_wconf 80' lang='lat' dir='ltr'><strong>invitos</strong></span> <span class='ocrx_word' id='word_1_41' title='bbox 597 672 714 720; x_wconf 81' lang='lat' dir='ltr'>facta</span> <span class='ocrx_word' id='word_1_42' title='bbox 749 673 942 737; x_wconf 74' lang='lat' dir='ltr'><strong>tegenda</strong></span> <span class='ocrx_word' id='word_1_43' title='bbox 976 672 1126 738; x_wconf 76' lang='lat' dir='ltr'><strong>loqui.⁷</strong></span> 
     </span>
     <span class='ocr_line' id='line_1_8' title="bbox 86 758 1385 824; baseline -0.002 -19"><span class='ocrx_word' id='word_1_44' title='bbox 86 760 208 806; x_wconf 89' lang='lat' dir='ltr'><strong>Haec</strong></span> <span class='ocrx_word' id='word_1_45' title='bbox 246 777 328 823; x_wconf 82' lang='lat' dir='ltr'><strong>ego</strong></span> <span class='ocrx_word' id='word_1_46' title='bbox 367 759 596 807; x_wconf 82' lang='lat' dir='ltr'><strong>dicebam:</strong></span> <span class='ocrx_word' id='word_1_47' title='bbox 642 779 763 807; x_wconf 86' lang='lat' dir='ltr'><strong>nunc</strong></span> <span class='ocrx_word' id='word_1_48' title='bbox 796 778 866 806; x_wconf 92' lang='lat' dir='ltr'><strong>me</strong></span> <span class='ocrx_word' id='word_1_49' title='bbox 902 759 1073 806; x_wconf 84' lang='lat' dir='ltr'><strong>flevisse</strong></span> <span class='ocrx_word' id='word_1_50' title='bbox 1109 758 1385 824; x_wconf 63' lang='lat' dir='ltr'><strong>loquentem„</strong></span> 
     </span>
     <span class='ocr_line' id='line_1_9' title="bbox 35 845 1290 911; baseline 0.003 -23"><span class='ocrx_word' id='word_1_51' title='bbox 35 855 82 888; x_wconf 74' lang='lat'><strong>30</strong></span> <span class='ocrx_word' id='word_1_52' title='bbox 158 845 290 892; x_wconf 83' lang='lat' dir='ltr'><strong>Nunc</strong></span> <span class='ocrx_word' id='word_1_53' title='bbox 326 845 468 910; x_wconf 83' lang='lat' dir='ltr'><strong>pudet</strong></span> <span class='ocrx_word' id='word_1_54' title='bbox 502 846 560 893; x_wconf 87' lang='lat' dir='ltr'><strong>ad</strong></span> <span class='ocrx_word' id='word_1_55' title='bbox 595 857 771 893; x_wconf 73' lang='lat' dir='ltr'><strong>teneros</strong></span> <span class='ocrx_word' id='word_1_56' title='bbox 806 845 1102 911; x_wconf 79' lang='lat' dir='ltr'><strong>procubuisse</strong></span> <span class='ocrx_word' id='word_1_57' title='bbox 1138 845 1290 910; x_wconf 80' lang='lat' dir='ltr'><strong>pedes,</strong></span> 
     </span>
     <span class='ocr_line' id='line_1_10' title="bbox 90 931 1111 980; baseline 0.001 -3"><span class='ocrx_word' id='word_1_58' title='bbox 90 932 219 978; x_wconf 85' lang='lat' dir='ltr'><strong>Tunc</strong></span> <span class='ocrx_word' id='word_1_59' title='bbox 254 931 365 979; x_wconf 87' lang='lat' dir='ltr'><strong>mihi</strong></span> <span class='ocrx_word' id='word_1_60' title='bbox 402 932 584 980; x_wconf 86' lang='lat' dir='ltr'><strong>iurabas</strong></span> <span class='ocrx_word' id='word_1_61' title='bbox 625 932 792 979; x_wconf 88' lang='lat' dir='ltr'><strong>nullius</strong></span> <span class='ocrx_word' id='word_1_62' title='bbox 830 933 977 979; x_wconf 71' lang='lat' dir='ltr'><strong>divitis</strong></span> <span class='ocrx_word' id='word_1_63' title='bbox 1014 932 1111 979; x_wconf 86' lang='lat' dir='ltr'><strong>auri</strong></span> 
     </span>
     <span class='ocr_line' id='line_1_11' title="bbox 158 1017 1353 1082; baseline 0.001 -18"><span class='ocrx_word' id='word_1_64' title='bbox 158 1018 390 1076; x_wconf 80' lang='lat' dir='ltr'><strong>Pondere,</strong></span> <span class='ocrx_word' id='word_1_65' title='bbox 438 1039 531 1066; x_wconf 87' lang='lat' dir='ltr'><strong>non</strong></span> <span class='ocrx_word' id='word_1_66' title='bbox 568 1020 779 1082; x_wconf 81' lang='lat' dir='ltr'><strong>gemmis,</strong></span> <span class='ocrx_word' id='word_1_67' title='bbox 824 1019 1015 1065; x_wconf 69' lang='lat' dir='ltr'><strong>vendere</strong></span> <span class='ocrx_word' id='word_1_68' title='bbox 1051 1017 1158 1065; x_wconf 77' lang='lat' dir='ltr'><strong>velle</strong></span> <span class='ocrx_word' id='word_1_69' title='bbox 1194 1017 1353 1076; x_wconf 76' lang='lat' dir='ltr'><strong>fidem,</strong></span> 
     </span>
     <span class='ocr_line' id='line_1_12' title="bbox 88 1103 1292 1169; baseline 0.002 -21"><span class='ocrx_word' id='word_1_70' title='bbox 88 1103 191 1149; x_wconf 80' lang='lat' dir='ltr'><strong>Non</strong></span> <span class='ocrx_word' id='word_1_71' title='bbox 228 1103 309 1150; x_wconf 79' lang='lat' dir='ltr'><strong>tibi</strong></span> <span class='ocrx_word' id='word_1_72' title='bbox 347 1104 383 1150; x_wconf 86' lang='lat' dir='ltr'><strong>si</strong></span> <span class='ocrx_word' id='word_1_73' title='bbox 421 1105 615 1169; x_wconf 77' lang='lat' dir='ltr'><strong>pretium</strong></span> <span class='ocrx_word' id='word_1_74' title='bbox 651 1105 896 1169; x_wconf 77' lang='lat' dir='ltr'>Campania</span> <span class='ocrx_word' id='word_1_75' title='bbox 933 1117 1050 1151; x_wconf 76' lang='lat' dir='ltr'><strong>terra</strong></span> <span class='ocrx_word' id='word_1_76' title='bbox 1087 1104 1292 1162; x_wconf 70' lang='lat' dir='ltr'><strong>daretur,</strong></span> 
     </span>
     <span class='ocr_line' id='line_1_13' title="bbox 159 1189 1203 1254; baseline 0.002 -19"><span class='ocrx_word' id='word_1_77' title='bbox 159 1189 261 1235; x_wconf 79' lang='lat' dir='ltr'><strong>Non</strong></span> <span class='ocrx_word' id='word_1_78' title='bbox 294 1190 375 1236; x_wconf 77' lang='lat' dir='ltr'><strong>tibi</strong></span> <span class='ocrx_word' id='word_1_79' title='bbox 410 1190 446 1236; x_wconf 87' lang='lat' dir='ltr'><strong>si</strong></span> <span class='ocrx_word' id='word_1_80' title='bbox 483 1190 651 1238; x_wconf 80' lang='lat' dir='ltr'><strong>Bacchi</strong></span> <span class='ocrx_word' id='word_1_81' title='bbox 689 1209 795 1237; x_wconf 87' lang='lat' dir='ltr'><strong>cura</strong></span> <span class='ocrx_word' id='word_1_82' title='bbox 831 1189 1049 1237; x_wconf 85' lang='lat' dir='ltr'><strong>Falernus</strong></span> <span class='ocrx_word' id='word_1_83' title='bbox 1086 1209 1203 1254; x_wconf 78' lang='lat' dir='ltr'><strong>ager.</strong></span> 
     </span>
     <span class='ocr_line' id='line_1_14' title="bbox 35 1273 1068 1340; baseline 0.003 -22"><span class='ocrx_word' id='word_1_84' title='bbox 35 1273 186 1320; x_wconf 79' lang='lat' dir='ltr'><strong>35lllis</strong></span> <span class='ocrx_word' id='word_1_85' title='bbox 223 1275 416 1340; x_wconf 78' lang='lat' dir='ltr'><strong>eriperes</strong></span> <span class='ocrx_word' id='word_1_86' title='bbox 447 1276 594 1322; x_wconf 80' lang='lat' dir='ltr'><strong>verbis</strong></span> <span class='ocrx_word' id='word_1_87' title='bbox 629 1275 738 1322; x_wconf 86' lang='lat' dir='ltr'><strong>mihi</strong></span> <span class='ocrx_word' id='word_1_88' title='bbox 776 1275 924 1322; x_wconf 84' lang='lat' dir='ltr'><strong>sidera</strong></span> <span class='ocrx_word' id='word_1_89' title='bbox 960 1275 1068 1322; x_wconf 85' lang='lat' dir='ltr'><strong>caeli</strong></span> 
     </span>
     <span class='ocr_line' id='line_1_15' title="bbox 160 1360 1086 1425; baseline 0.002 -20"><span class='ocrx_word' id='word_1_90' title='bbox 160 1361 329 1407; x_wconf 88' lang='lat' dir='ltr'><strong>Lucere</strong></span> <span class='ocrx_word' id='word_1_91' title='bbox 366 1372 407 1407; x_wconf 86' lang='lat' dir='ltr'><strong>et</strong></span> <span class='ocrx_word' id='word_1_92' title='bbox 442 1380 578 1425; x_wconf 89' lang='lat' dir='ltr'><strong>puras</strong></span> <span class='ocrx_word' id='word_1_93' title='bbox 614 1360 815 1407; x_wconf 82' lang='lat' dir='ltr'><strong>fulminis</strong></span> <span class='ocrx_word' id='word_1_94' title='bbox 851 1379 944 1407; x_wconf 87' lang='grc'><strong>0550</strong></span> <span class='ocrx_word' id='word_1_95' title='bbox 981 1361 1086 1407; x_wconf 76' lang='lat' dir='ltr'><strong>vias.</strong></span> 
     </span>
     <span class='ocr_line' id='line_1_16' title="bbox 92 1445 1309 1510; baseline 0.002 -19"><span class='ocrx_word' id='word_1_96' title='bbox 92 1445 217 1508; x_wconf 78' lang='lat' dir='ltr'><strong>Quin</strong></span> <span class='ocrx_word' id='word_1_97' title='bbox 255 1446 385 1493; x_wconf 84' lang='lat' dir='ltr'><strong>etiam</strong></span> <span class='ocrx_word' id='word_1_98' title='bbox 421 1446 581 1494; x_wconf 86' lang='lat' dir='ltr'><strong>flebas:</strong></span> <span class='ocrx_word' id='word_1_99' title='bbox 634 1460 677 1494; x_wconf 76' lang='lat' dir='ltr'><strong>at</strong></span> <span class='ocrx_word' id='word_1_100' title='bbox 713 1466 802 1494; x_wconf 85' lang='lat' dir='ltr'><strong>nou</strong></span> <span class='ocrx_word' id='word_1_101' title='bbox 842 1466 924 1510; x_wconf 83' lang='lat' dir='ltr'><strong>ego</strong></span> <span class='ocrx_word' id='word_1_102' title='bbox 960 1446 1113 1493; x_wconf 82' lang='lat' dir='ltr'><strong>fallere</strong></span> <span class='ocrx_word' id='word_1_103' title='bbox 1151 1447 1309 1494; x_wconf 77' lang='lat' dir='ltr'><strong>doctus</strong></span> 
     </span>
     <span class='ocr_line' id='line_1_17' title="bbox 158 1530 1292 1598; baseline 0 -19"><span class='ocrx_word' id='word_1_104' title='bbox 158 1533 411 1596; x_wconf 81' lang='lat' dir='ltr'><strong>Tergebam</strong></span> <span class='ocrx_word' id='word_1_105' title='bbox 448 1530 681 1580; x_wconf 64' lang='lat' dir='ltr'><strong>humentes</strong></span> <span class='ocrx_word' id='word_1_106' title='bbox 720 1533 928 1581; x_wconf 86' lang='lat' dir='ltr'><strong>credulus</strong></span> <span class='ocrx_word' id='word_1_107' title='bbox 964 1552 1106 1598; x_wconf 88' lang='lat' dir='ltr'><strong>usque</strong></span> <span class='ocrx_word' id='word_1_108' title='bbox 1143 1552 1292 1597; x_wconf 80' lang='lat' dir='ltr'><strong>genas.</strong></span> 
     </span>
     <span class='ocr_line' id='line_1_18' title="bbox 92 1619 1387 1685; baseline 0.003 -20"><span class='ocrx_word' id='word_1_109' title='bbox 92 1619 217 1682; x_wconf 80' lang='lat' dir='ltr'><strong>Quid</strong></span> <span class='ocrx_word' id='word_1_110' title='bbox 252 1620 427 1677; x_wconf 70' lang='lat' dir='ltr'><strong>faciam,</strong></span> <span class='ocrx_word' id='word_1_111' title='bbox 462 1620 548 1666; x_wconf 83' lang='lat' dir='ltr'><strong>nisi</strong></span> <span class='ocrx_word' id='word_1_112' title='bbox 583 1632 623 1667; x_wconf 89' lang='lat' dir='ltr'><strong>et</strong></span> <span class='ocrx_word' id='word_1_113' title='bbox 656 1620 752 1685; x_wconf 86' lang='lat' dir='ltr'><strong>ipse</strong></span> <span class='ocrx_word' id='word_1_114' title='bbox 783 1620 902 1667; x_wconf 87' lang='lat' dir='ltr'><strong>fores</strong></span> <span class='ocrx_word' id='word_1_115' title='bbox 937 1620 981 1666; x_wconf 87' lang='lat' dir='ltr'><strong>in</strong></span> <span class='ocrx_word' id='word_1_116' title='bbox 1010 1639 1163 1667; x_wconf 81' lang='lat' dir='ltr'><strong>amore</strong></span> <span class='ocrx_word' id='word_1_117' title='bbox 1183 1619 1387 1685; x_wconf 76' lang='lat' dir='ltr'><strong>puellae?</strong></span> 
     </span>
    </p>
   </div>
   <div class='ocr_carea' id='block_1_3' title="bbox 40 1705 1150 1772">
    <p class='ocr_par' dir='ltr' id='par_1_3' title="bbox 40 1705 1150 1772">
     <span class='ocr_line' id='line_1_19' title="bbox 40 1705 1150 1772; baseline -0.001 -19"><span class='ocrx_word' id='word_1_118' title='bbox 40 1717 88 1753; x_wconf 85' lang='lat'><strong>40</strong></span> <span class='ocrx_word' id='word_1_119' title='bbox 167 1708 257 1755; x_wconf 86' lang='lat' dir='ltr'><strong>Sed</strong></span> <span class='ocrx_word' id='word_1_120' title='bbox 293 1726 453 1772; x_wconf 87' lang='lat' dir='ltr'><strong>precor</strong></span> <span class='ocrx_word' id='word_1_121' title='bbox 489 1705 689 1770; x_wconf 74' lang='lat' dir='ltr'><strong>exemplo</strong></span> <span class='ocrx_word' id='word_1_122' title='bbox 726 1706 782 1752; x_wconf 83' lang='lat' dir='ltr'><strong>sit</strong></span> <span class='ocrx_word' id='word_1_123' title='bbox 815 1705 920 1752; x_wconf 81' lang='lat' dir='ltr'><strong>levis</strong></span> <span class='ocrx_word' id='word_1_124' title='bbox 957 1706 1030 1752; x_wconf 81' lang='lat' dir='ltr'><strong>illa</strong></span> <span class='ocrx_word' id='word_1_125' title='bbox 1062 1717 1150 1752; x_wconf 78' lang='lat' dir='ltr'><strong>tuo.</strong></span> 
     </span>
    </p>
   </div>
   <div class='ocr_carea' id='block_1_4' title="bbox 39 1944 1390 2310">
    <p class='ocr_par' dir='ltr' id='par_1_4' title="bbox 39 1944 1390 2310">
     <span class='ocr_line' id='line_1_20' title="bbox 137 1944 1388 1989; baseline -0.002 -9"><span class='ocrx_word' id='word_1_126' title='bbox 137 1947 180 1981; x_wconf 85' lang='lat' dir='ltr'><strong>V.</strong></span> <span class='ocrx_word' id='word_1_127' title='bbox 194 1948 250 1979; x_wconf 82' lang='lat'><strong>23.</strong></span> <span class='ocrx_word' id='word_1_128' title='bbox 277 1944 459 1978; x_wconf 86' lang='lat' dir='ltr'><strong>celandi</strong></span> <span class='ocrx_word' id='word_1_129' title='bbox 487 1955 606 1988; x_wconf 85' lang='lat' dir='ltr'><strong>spes,</strong></span> <span class='ocrx_word' id='word_1_130' title='bbox 636 1944 799 1989; x_wconf 81' lang='lat' dir='ltr'><strong>Excerpt.</strong></span> <span class='ocrx_word' id='word_1_131' title='bbox 825 1947 973 1979; x_wconf 58' lang='lat' dir='ltr'><strong>Scuto.</strong></span> <span class='ocrx_word' id='word_1_132' title='bbox 994 1950 1028 1979; x_wconf 79' lang='lat' dir='ltr'><strong>et</strong></span> <span class='ocrx_word' id='word_1_133' title='bbox 1054 1947 1283 1980; x_wconf 67' lang='lat' dir='ltr'><strong>Vmcmvrms</strong></span> <span class='ocrx_word' id='word_1_134' title='bbox 1313 1946 1388 1979; x_wconf 84' lang='lat' dir='ltr'><strong>alii—</strong></span> 
     </span>
     <span class='ocr_line' id='line_1_21' title="bbox 41 2011 1386 2057; baseline 0 -12"><span class='ocrx_word' id='word_1_135' title='bbox 41 2024 108 2056; x_wconf 86' lang='lat' dir='ltr'><strong>que</strong></span> <span class='ocrx_word' id='word_1_136' title='bbox 133 2012 306 2054; x_wconf 82' lang='lat' dir='ltr'><strong>nonnulli,</strong></span> <span class='ocrx_word' id='word_1_137' title='bbox 331 2011 421 2054; x_wconf 91' lang='lat' dir='ltr'><strong>quod</strong></span> <span class='ocrx_word' id='word_1_138' title='bbox 444 2022 570 2045; x_wconf 86' lang='lat' dir='ltr'><strong>verum.</strong></span> <span class='ocrx_word' id='word_1_139' title='bbox 622 2011 737 2045; x_wconf 82' lang='lat' dir='ltr'><strong>Ceteri</strong></span> <span class='ocrx_word' id='word_1_140' title='bbox 757 2012 915 2045; x_wconf 87' lang='lat' dir='ltr'><strong>meliores</strong></span> <span class='ocrx_word' id='word_1_141' title='bbox 942 2011 1071 2044; x_wconf 78' lang='lat' dir='ltr'><strong>celanti</strong></span> <span class='ocrx_word' id='word_1_142' title='bbox 1089 2011 1171 2057; x_wconf 79' lang='lat' dir='ltr'><strong>fas.</strong></span> <span class='ocrx_word' id='word_1_143' title='bbox 1191 2031 1235 2036; x_wconf 94' lang='lat'><strong>—</strong></span> <span class='ocrx_word' id='word_1_144' title='bbox 1274 2013 1313 2045; x_wconf 92' lang='lat' dir='ltr'><strong>V.</strong></span> <span class='ocrx_word' id='word_1_145' title='bbox 1329 2014 1386 2046; x_wconf 77' lang='lat'><strong>25.</strong></span> 
     </span>
     <span class='ocr_line' id='line_1_22' title="bbox 41 2076 1387 2122; baseline -0.001 -11"><span class='ocrx_word' id='word_1_146' title='bbox 41 2078 137 2111; x_wconf 81' lang='lat' dir='ltr'><strong>Libri</strong></span> <span class='ocrx_word' id='word_1_147' title='bbox 173 2081 332 2121; x_wconf 87' lang='lat' dir='ltr'><strong>corrupte</strong></span> <span class='ocrx_word' id='word_1_148' title='bbox 368 2076 466 2112; x_wconf 67' lang='lat' dir='ltr'><strong>leva,</strong></span> <span class='ocrx_word' id='word_1_149' title='bbox 509 2076 601 2114; x_wconf 63' lang='lat' dir='ltr'><strong>leve,</strong></span> <span class='ocrx_word' id='word_1_150' title='bbox 641 2076 735 2114; x_wconf 80' lang='lat' dir='ltr'><em>lene,</em></span> <span class='ocrx_word' id='word_1_151' title='bbox 776 2089 872 2113; x_wconf 73' lang='lat' dir='ltr'><strong>seva,</strong></span> <span class='ocrx_word' id='word_1_152' title='bbox 946 2077 1068 2110; x_wconf 35' lang='lat' dir='ltr'><strong>Irnlls</strong></span> <span class='ocrx_word' id='word_1_153' title='bbox 1109 2089 1213 2122; x_wconf 75' lang='lat' dir='ltr'><strong>saepe</strong></span> <span class='ocrx_word' id='word_1_154' title='bbox 1251 2078 1387 2122; x_wconf 82' lang='lat' dir='ltr'><strong>placuit.</strong></span> 
     </span>
     <span class='ocr_line' id='line_1_23' title="bbox 41 2142 1390 2187; baseline 0 -10"><span class='ocrx_word' id='word_1_155' title='bbox 41 2144 294 2177; x_wconf 72' lang='lat' dir='ltr'><strong>LAcHMANNUS</strong></span> <span class='ocrx_word' id='word_1_156' title='bbox 331 2143 468 2176; x_wconf 86' lang='lat' dir='ltr'><strong>coniicit</strong></span> <span class='ocrx_word' id='word_1_157' title='bbox 505 2154 637 2185; x_wconf 79' lang='lat' dir='ltr'><strong>nonne,</strong></span> <span class='ocrx_word' id='word_1_158' title='bbox 681 2142 772 2186; x_wconf 81' lang='lat' dir='ltr'><strong>quod</strong></span> <span class='ocrx_word' id='word_1_159' title='bbox 809 2154 875 2177; x_wconf 86' lang='lat' dir='ltr'><strong>non</strong></span> <span class='ocrx_word' id='word_1_160' title='bbox 912 2144 1147 2187; x_wconf 81' lang='lat' dir='ltr'><strong>probaverim,</strong></span> <span class='ocrx_word' id='word_1_161' title='bbox 1194 2145 1251 2187; x_wconf 88' lang='lat' dir='ltr'><strong>qui</strong></span> <span class='ocrx_word' id='word_1_162' title='bbox 1288 2145 1390 2177; x_wconf 86' lang='lat' dir='ltr'><strong>lena</strong></span> 
     </span>
     <span class='ocr_line' id='line_1_24' title="bbox 41 2208 1390 2255; baseline 0 -10"><span class='ocrx_word' id='word_1_163' title='bbox 41 2221 158 2245; x_wconf 85' lang='lat' dir='ltr'><strong>verum</strong></span> <span class='ocrx_word' id='word_1_164' title='bbox 184 2208 327 2242; x_wconf 85' lang='lat' dir='ltr'><strong>habeam</strong></span> <span class='ocrx_word' id='word_1_165' title='bbox 351 2211 455 2252; x_wconf 82' lang='lat' dir='ltr'><strong>vulgo</strong></span> <span class='ocrx_word' id='word_1_166' title='bbox 481 2213 656 2254; x_wconf 79' lang='lat' dir='ltr'><strong>receptum</strong></span> <span class='ocrx_word' id='word_1_167' title='bbox 683 2220 726 2243; x_wconf 83' lang='lat' dir='ltr'><strong>ex</strong></span> <span class='ocrx_word' id='word_1_168' title='bbox 751 2221 818 2244; x_wconf 88' lang='lat' dir='ltr'><strong>uno</strong></span> <span class='ocrx_word' id='word_1_169' title='bbox 842 2212 993 2253; x_wconf 60' lang='lat' dir='ltr'><strong>errn,</strong></span> <span class='ocrx_word' id='word_1_170' title='bbox 1018 2212 1282 2255; x_wconf 78' lang='lat' dir='ltr'><strong>suffragantibus</strong></span> <span class='ocrx_word' id='word_1_171' title='bbox 1306 2212 1390 2253; x_wconf 80' lang='lat' dir='ltr'><strong>aliis,</strong></span> 
     </span>
     <span class='ocr_line' id='line_1_25' title="bbox 39 2275 276 2310; baseline -0.008 0"><span class='ocrx_word' id='word_1_172' title='bbox 39 2276 82 2310; x_wconf 85' lang='lat' dir='ltr'><strong>cs.</strong></span> <span class='ocrx_word' id='word_1_173' title='bbox 110 2275 276 2309; x_wconf 75' lang='lat' dir='ltr'><strong>Huscnx.</strong></span> 
     </span>
    </p>
   </div>
   <div class='ocr_carea' id='block_1_5' title="bbox 41 2343 1391 2466">
    <p class='ocr_par' dir='ltr' id='par_1_5' title="bbox 41 2343 1391 2466">
     <span class='ocr_line' id='line_1_26' title="bbox 135 2343 1391 2394; baseline 0.001 -1"><span class='ocrx_word' id='word_1_174' title='bbox 135 2359 250 2393; x_wconf 88' lang='lat' dir='ltr'><strong>V.31.</strong></span> <span class='ocrx_word' id='word_1_175' title='bbox 280 2357 451 2391; x_wconf 87' lang='lat' dir='ltr'><strong>nullius</strong></span> <span class='ocrx_word' id='word_1_176' title='bbox 477 2367 520 2390; x_wconf 89' lang='lat' dir='ltr'><strong>ex</strong></span> <span class='ocrx_word' id='word_1_177' title='bbox 547 2356 707 2391; x_wconf 68' lang='lat' dir='ltr'><strong>Essomc.</strong></span> <span class='ocrx_word' id='word_1_178' title='bbox 733 2343 881 2391; x_wconf 66' lang='lat' dir='ltr'><strong>restituit</strong></span> <span class='ocrx_word' id='word_1_179' title='bbox 907 2357 1170 2393; x_wconf 64' lang='lat' dir='ltr'>LACHMANNUS.</span> <span class='ocrx_word' id='word_1_180' title='bbox 1219 2359 1286 2394; x_wconf 86' lang='lat' dir='ltr'><strong>Alii</strong></span> <span class='ocrx_word' id='word_1_181' title='bbox 1316 2360 1391 2394; x_wconf 90' lang='lat' dir='ltr'><strong>libri</strong></span> 
     </span>
     <span class='ocr_line' id='line_1_27' title="bbox 41 2422 894 2466; baseline 0 -10"><span class='ocrx_word' id='word_1_182' title='bbox 41 2423 138 2456; x_wconf 79' lang='lat' dir='ltr'><strong>nullo</strong></span> <span class='ocrx_word' id='word_1_183' title='bbox 168 2422 242 2457; x_wconf 75' lang='lat' dir='ltr'><em>tibi.</em></span> <span class='ocrx_word' id='word_1_184' title='bbox 292 2424 416 2457; x_wconf 66' lang='lat' dir='ltr'><strong>Annus</strong></span> <span class='ocrx_word' id='word_1_185' title='bbox 443 2425 546 2456; x_wconf 80' lang='lat'>1502.</span> <span class='ocrx_word' id='word_1_186' title='bbox 572 2423 698 2466; x_wconf 80' lang='lat' dir='ltr'><strong>primus</strong></span> <span class='ocrx_word' id='word_1_187' title='bbox 724 2422 823 2455; x_wconf 79' lang='lat' dir='ltr'><strong>nullo</strong></span> <span class='ocrx_word' id='word_1_188' title='bbox 848 2429 894 2456; x_wconf 81' lang='lat' dir='ltr'><strong>te.</strong></span> 
     </span>
    </p>
   </div>
   <div class='ocr_carea' id='block_1_6' title="bbox 44 2507 1391 2619">
    <p class='ocr_par' dir='ltr' id='par_1_6' title="bbox 44 2507 1391 2619">
     <span class='ocr_line' id='line_1_28' title="bbox 137 2507 1391 2550; baseline 0.002 -8"><span class='ocrx_word' id='word_1_189' title='bbox 137 2509 178 2542; x_wconf 91' lang='lat' dir='ltr'><strong>V.</strong></span> <span class='ocrx_word' id='word_1_190' title='bbox 196 2511 252 2542; x_wconf 88' lang='lat'><strong>39.</strong></span> <span class='ocrx_word' id='word_1_191' title='bbox 285 2508 451 2541; x_wconf 80' lang='lat' dir='ltr'><strong>faciam</strong></span> <span class='ocrx_word' id='word_1_192' title='bbox 476 2508 676 2550; x_wconf 81' lang='lat' dir='ltr'><strong>exquisitior</strong></span> <span class='ocrx_word' id='word_1_193' title='bbox 700 2508 800 2541; x_wconf 83' lang='lat' dir='ltr'><strong>lectio</strong></span> <span class='ocrx_word' id='word_1_194' title='bbox 825 2507 1006 2549; x_wconf 61' lang='lat' dir='ltr'><strong>Eamne„</strong></span> <span class='ocrx_word' id='word_1_195' title='bbox 1036 2509 1237 2550; x_wconf 52' lang='lat' dir='ltr'><strong>Wrrrrm„</strong></span> <span class='ocrx_word' id='word_1_196' title='bbox 1272 2511 1391 2544; x_wconf 70' lang='lat' dir='ltr'><strong>Asxss-</strong></span> 
     </span>
     <span class='ocr_line' id='line_1_29' title="bbox 44 2572 1343 2619; baseline 0.003 -14"><span class='ocrx_word' id='word_1_197' title='bbox 44 2583 148 2606; x_wconf 67' lang='lat' dir='ltr'>wuN.</span> <span class='ocrx_word' id='word_1_198' title='bbox 200 2573 264 2606; x_wconf 77' lang='lat' dir='ltr'><strong>Alii</strong></span> <span class='ocrx_word' id='word_1_199' title='bbox 289 2572 449 2618; x_wconf 79' lang='lat' dir='ltr'><strong>faceres,</strong></span> <span class='ocrx_word' id='word_1_200' title='bbox 479 2572 650 2619; x_wconf 73' lang='lat' dir='ltr'><strong>facerem.</strong></span> <span class='ocrx_word' id='word_1_201' title='bbox 677 2592 719 2597; x_wconf 93' lang='lat'><strong>—-</strong></span> <span class='ocrx_word' id='word_1_202' title='bbox 773 2574 886 2608; x_wconf 81' lang='lat' dir='ltr'>v.40.</span> <span class='ocrx_word' id='word_1_203' title='bbox 919 2574 1005 2607; x_wconf 83' lang='lat' dir='ltr'><strong>Sed</strong></span> <span class='ocrx_word' id='word_1_204' title='bbox 1042 2578 1146 2609; x_wconf 80' lang='lat' dir='ltr'><strong>recte.</strong></span> <span class='ocrx_word' id='word_1_205' title='bbox 1197 2576 1249 2609; x_wconf 74' lang='lat' dir='ltr'><strong>Al.</strong></span> <span class='ocrx_word' id='word_1_206' title='bbox 1274 2576 1343 2611; x_wconf 83' lang='lat' dir='ltr'><strong>Sit.</strong></span> 
     </span>
    </p>
   </div>
   <div class='ocr_carea' id='block_1_7' title="bbox 951 2640 978 2681">
    <p class='ocr_par' dir='ltr' id='par_1_7' title="bbox 951 2640 978 2681">
     <span class='ocr_line' id='line_1_30' title="bbox 951 2640 978 2681; baseline 0 -2"><span class='ocrx_word' id='word_1_207' title='bbox 951 2640 978 2681; x_wconf 83' lang='lat'><strong>3</strong></span> 
     </span>
    </p>
   </div>
  </div>
 </body>
</html>
