<?xml version="1.0" encoding="UTF-8"?>
<!DOCTYPE html PUBLIC "-//W3C//DTD XHTML 1.0 Transitional//EN"
    "http://www.w3.org/TR/xhtml1/DTD/xhtml1-transitional.dtd">
<html xmlns="http://www.w3.org/1999/xhtml" xml:lang="en" lang="en">
 <head>
  <title>
</title>
<meta http-equiv="Content-Type" content="text/html;charset=utf-8" />
  <meta name='ocr-system' content='tesseract 3.04.00' />
  <meta name='ocr-capabilities' content='ocr_page ocr_carea ocr_par ocr_line ocrx_word'/>
</head>
<body>
  <div class='ocr_page' id='page_1' title='image "./carminaexrecensi00tibuuoft_0774.png"; bbox 0 0 1721 2953; ppageno 0'>
   <div class='ocr_carea' id='block_1_1' title="bbox 303 155 1334 204">
    <p class='ocr_par' dir='ltr' id='par_1_1' title="bbox 303 155 1334 204">
     <span class='ocr_line' id='line_1_1' title="bbox 303 155 1334 204; baseline 0.008 -8"><span class='ocrx_word' id='word_1_1' title='bbox 303 159 384 196; x_wconf 66' lang='lat'>448</span> <span class='ocrx_word' id='word_1_2' title='bbox 616 155 898 201; x_wconf 83' lang='lat' dir='ltr'><strong>COMMENT</strong></span> <span class='ocrx_word' id='word_1_3' title='bbox 905 161 986 201; x_wconf 84' lang='lat' dir='ltr'>AR.</span> <span class='ocrx_word' id='word_1_4' title='bbox 1016 162 1074 201; x_wconf 89' lang='lat' dir='ltr'>IN</span> <span class='ocrx_word' id='word_1_5' title='bbox 1106 163 1334 204; x_wconf 90' lang='lat' dir='ltr'>TIBULLI</span> 
     </span>
    </p>
   </div>
   <div class='ocr_carea' id='block_1_2' title="bbox 287 269 1653 2694">
    <p class='ocr_par' dir='ltr' id='par_1_2' title="bbox 302 269 1649 377">
     <span class='ocr_line' id='line_1_2' title="bbox 396 269 1649 322; baseline 0.009 -20"><span class='ocrx_word' id='word_1_6' title='bbox 396 269 440 303; x_wconf 90' lang='lat' dir='ltr'>V.</span> <span class='ocrx_word' id='word_1_7' title='bbox 465 272 587 303; x_wconf 78' lang='lat'>7—12.</span> <span class='ocrx_word' id='word_1_8' title='bbox 632 269 826 305; x_wconf 86' lang='lat' dir='ltr'>Medium</span> <span class='ocrx_word' id='word_1_9' title='bbox 853 281 1038 306; x_wconf 88' lang='lat' dir='ltr'>carmen.</span> <span class='ocrx_word' id='word_1_10' title='bbox 1083 272 1366 318; x_wconf 89' lang='lat' dir='ltr'>Proponitur</span> <span class='ocrx_word' id='word_1_11' title='bbox 1391 277 1520 320; x_wconf 87' lang='lat' dir='ltr'>deae,</span> <span class='ocrx_word' id='word_1_12' title='bbox 1545 280 1649 322; x_wconf 89' lang='lat' dir='ltr'>quid</span> 
     </span>
     <span class='ocr_line' id='line_1_3' title="bbox 302 333 715 377; baseline 0.002 -10"><span class='ocrx_word' id='word_1_13' title='bbox 302 333 353 367; x_wconf 83' lang='lat' dir='ltr'>ab</span> <span class='ocrx_word' id='word_1_14' title='bbox 379 345 428 368; x_wconf 86' lang='lat' dir='ltr'>ea</span> <span class='ocrx_word' id='word_1_15' title='bbox 456 337 715 377; x_wconf 80' lang='lat' dir='ltr'>expetatur.</span> 
     </span>
    </p>

    <p class='ocr_par' dir='ltr' id='par_1_3' title="bbox 287 401 1653 1966">
     <span class='ocr_line' id='line_1_4' title="bbox 397 401 1650 453; baseline 0.006 -19"><span class='ocrx_word' id='word_1_16' title='bbox 397 401 438 435; x_wconf 85' lang='lat' dir='ltr'>V.</span> <span class='ocrx_word' id='word_1_17' title='bbox 465 405 486 433; x_wconf 83' lang='grc'><strong>7</strong></span> <span class='ocrx_word' id='word_1_18' title='bbox 510 411 560 443; x_wconf 90' lang='lat' dir='ltr'>sq.</span> <span class='ocrx_word' id='word_1_19' title='bbox 588 411 668 434; x_wconf 85' lang='lat' dir='ltr'>neu</span> <span class='ocrx_word' id='word_1_20' title='bbox 695 402 794 444; x_wconf 82' lang='lat' dir='ltr'>quis</span> <span class='ocrx_word' id='word_1_21' title='bbox 820 402 1012 438; x_wconf 89' lang='lat' dir='ltr'>divellat</span> <span class='ocrx_word' id='word_1_22' title='bbox 1038 410 1253 441; x_wconf 87' lang='lat' dir='ltr'>amantes.</span> <span class='ocrx_word' id='word_1_23' title='bbox 1302 408 1455 441; x_wconf 88' lang='lat' dir='ltr'>Primum</span> <span class='ocrx_word' id='word_1_24' title='bbox 1482 414 1650 453; x_wconf 79' lang='lat' dir='ltr'>precatur,</span> 
     </span>
     <span class='ocr_line' id='line_1_5' title="bbox 300 466 1651 510; baseline 0.007 -12"><span class='ocrx_word' id='word_1_25' title='bbox 300 470 339 499; x_wconf 91' lang='lat' dir='ltr'>ut</span> <span class='ocrx_word' id='word_1_26' title='bbox 376 466 496 498; x_wconf 86' lang='lat' dir='ltr'>stabile</span> <span class='ocrx_word' id='word_1_27' title='bbox 532 467 577 499; x_wconf 88' lang='lat' dir='ltr'>sit</span> <span class='ocrx_word' id='word_1_28' title='bbox 610 466 730 499; x_wconf 86' lang='lat' dir='ltr'>foedus</span> <span class='ocrx_word' id='word_1_29' title='bbox 766 468 908 510; x_wconf 80' lang='lat' dir='ltr'>amoris,</span> <span class='ocrx_word' id='word_1_30' title='bbox 952 471 1076 503; x_wconf 85' lang='lat' dir='ltr'>mutuis</span> <span class='ocrx_word' id='word_1_31' title='bbox 1110 472 1254 504; x_wconf 81' lang='lat' dir='ltr'>vinculis</span> <span class='ocrx_word' id='word_1_32' title='bbox 1287 474 1429 506; x_wconf 80' lang='lat' dir='ltr'>firmum.</span> <span class='ocrx_word' id='word_1_33' title='bbox 1486 474 1651 507; x_wconf 85' lang='lat' dir='ltr'>lncendat</span> 
     </span>
     <span class='ocr_line' id='line_1_6' title="bbox 301 532 1650 579; baseline 0.005 -15"><span class='ocrx_word' id='word_1_34' title='bbox 301 533 407 574; x_wconf 82' lang='lat' dir='ltr'>igitur</span> <span class='ocrx_word' id='word_1_35' title='bbox 432 532 495 565; x_wconf 90' lang='lat' dir='ltr'>dea</span> <span class='ocrx_word' id='word_1_36' title='bbox 521 533 718 567; x_wconf 85' lang='lat' dir='ltr'>Cerinthum</span> <span class='ocrx_word' id='word_1_37' title='bbox 744 536 876 577; x_wconf 86' lang='lat' dir='ltr'>aequali</span> <span class='ocrx_word' id='word_1_38' title='bbox 902 546 1040 579; x_wconf 90' lang='lat' dir='ltr'>amore,</span> <span class='ocrx_word' id='word_1_39' title='bbox 1068 537 1131 571; x_wconf 78' lang='lat' dir='ltr'>lioc</span> <span class='ocrx_word' id='word_1_40' title='bbox 1157 539 1246 571; x_wconf 86' lang='lat' dir='ltr'>enim</span> <span class='ocrx_word' id='word_1_41' title='bbox 1271 540 1343 571; x_wconf 87' lang='lat' dir='ltr'>vult</span> <span class='ocrx_word' id='word_1_42' title='bbox 1367 539 1502 572; x_wconf 88' lang='lat' dir='ltr'>dicens:</span> <span class='ocrx_word' id='word_1_43' title='bbox 1530 539 1650 571; x_wconf 60' lang='lat' dir='ltr'>iuueni</span> 
     </span>
     <span class='ocr_line' id='line_1_7' title="bbox 300 599 1650 648; baseline 0.005 -18"><span class='ocrx_word' id='word_1_44' title='bbox 300 604 427 631; x_wconf 77' lang='lat' dir='ltr'>mutua</span> <span class='ocrx_word' id='word_1_45' title='bbox 453 599 569 632; x_wconf 70' lang='lat' dir='ltr'>vincla</span> <span class='ocrx_word' id='word_1_46' title='bbox 592 612 697 644; x_wconf 81' lang='lat' dir='ltr'>para.</span> <span class='ocrx_word' id='word_1_47' title='bbox 747 601 896 636; x_wconf 76' lang='lat' dir='ltr'>Vossius</span> <span class='ocrx_word' id='word_1_48' title='bbox 923 605 1117 647; x_wconf 80' lang='lat' dir='ltr'>explicans:</span> <span class='ocrx_word' id='word_1_49' title='bbox 1144 616 1225 648; x_wconf 88' lang='lat' dir='ltr'>para</span> <span class='ocrx_word' id='word_1_50' title='bbox 1248 605 1358 638; x_wconf 78' lang='lat' dir='ltr'>iuveni</span> <span class='ocrx_word' id='word_1_51' title='bbox 1383 606 1528 647; x_wconf 81' lang='lat' dir='ltr'>nuptias,</span> <span class='ocrx_word' id='word_1_52' title='bbox 1555 609 1650 638; x_wconf 81' lang='lat' dir='ltr'>certe</span> 
     </span>
     <span class='ocr_line' id='line_1_8' title="bbox 299 668 1649 712; baseline 0.003 -12"><span class='ocrx_word' id='word_1_53' title='bbox 299 668 376 710; x_wconf 87' lang='lat' dir='ltr'>plus</span> <span class='ocrx_word' id='word_1_54' title='bbox 407 668 508 701; x_wconf 85' lang='lat' dir='ltr'>infert</span> <span class='ocrx_word' id='word_1_55' title='bbox 541 679 640 710; x_wconf 83' lang='lat' dir='ltr'>quam</span> <span class='ocrx_word' id='word_1_56' title='bbox 675 679 737 712; x_wconf 88' lang='lat' dir='ltr'>per</span> <span class='ocrx_word' id='word_1_57' title='bbox 769 680 806 702; x_wconf 87' lang='lat' dir='ltr'>se</span> <span class='ocrx_word' id='word_1_58' title='bbox 839 670 939 704; x_wconf 86' lang='lat' dir='ltr'>inest.</span> <span class='ocrx_word' id='word_1_59' title='bbox 989 670 1065 704; x_wconf 77' lang='lat' dir='ltr'>Nec</span> <span class='ocrx_word' id='word_1_60' title='bbox 1091 673 1295 705; x_wconf 82' lang='lat' dir='ltr'>conveniunt</span> <span class='ocrx_word' id='word_1_61' title='bbox 1327 683 1392 705; x_wconf 88' lang='lat' dir='ltr'>vss.</span> <span class='ocrx_word' id='word_1_62' title='bbox 1425 675 1477 708; x_wconf 84' lang='lat'>11.</span> <span class='ocrx_word' id='word_1_63' title='bbox 1504 676 1560 707; x_wconf 81' lang='lat'>12.</span> <span class='ocrx_word' id='word_1_64' title='bbox 1591 673 1649 705; x_wconf 87' lang='lat' dir='ltr'>ubi</span> 
     </span>
     <span class='ocr_line' id='line_1_9' title="bbox 299 732 1653 784; baseline 0.004 -19"><span class='ocrx_word' id='word_1_65' title='bbox 299 732 342 765; x_wconf 85' lang='lat' dir='ltr'>de</span> <span class='ocrx_word' id='word_1_66' title='bbox 379 733 525 766; x_wconf 87' lang='lat' dir='ltr'>fallendo</span> <span class='ocrx_word' id='word_1_67' title='bbox 561 733 704 767; x_wconf 86' lang='lat' dir='ltr'>custode</span> <span class='ocrx_word' id='word_1_68' title='bbox 741 746 864 768; x_wconf 81' lang='lat' dir='ltr'>sermo.</span> <span class='ocrx_word' id='word_1_69' title='bbox 923 736 1047 769; x_wconf 86' lang='lat' dir='ltr'>Melius</span> <span class='ocrx_word' id='word_1_70' title='bbox 1084 737 1176 770; x_wconf 88' lang='lat' dir='ltr'>idem</span> <span class='ocrx_word' id='word_1_71' title='bbox 1216 738 1431 772; x_wconf 87' lang='lat' dir='ltr'>commendat</span> <span class='ocrx_word' id='word_1_72' title='bbox 1464 751 1530 772; x_wconf 79' lang='lat' dir='ltr'>neu</span> <span class='ocrx_word' id='word_1_73' title='bbox 1565 739 1653 784; x_wconf 76' lang='lat' dir='ltr'>qaid</span> 
     </span>
     <span class='ocr_line' id='line_1_10' title="bbox 302 798 1649 850; baseline 0.007 -21"><span class='ocrx_word' id='word_1_74' title='bbox 302 798 417 831; x_wconf 53' lang='lat' dir='ltr'>ditvell.</span> <span class='ocrx_word' id='word_1_75' title='bbox 442 810 531 834; x_wconf 82' lang='lat' dir='ltr'>am.,</span> <span class='ocrx_word' id='word_1_76' title='bbox 569 800 597 831; x_wconf 88' lang='lat' dir='ltr'>si</span> <span class='ocrx_word' id='word_1_77' title='bbox 631 799 732 832; x_wconf 86' lang='lat' dir='ltr'>modo</span> <span class='ocrx_word' id='word_1_78' title='bbox 767 801 885 834; x_wconf 89' lang='lat' dir='ltr'>critica</span> <span class='ocrx_word' id='word_1_79' title='bbox 913 802 1052 835; x_wconf 88' lang='lat' dir='ltr'>faveret.</span> <span class='ocrx_word' id='word_1_80' title='bbox 1103 804 1296 848; x_wconf 88' lang='lat' dir='ltr'>Displicere</span> <span class='ocrx_word' id='word_1_81' title='bbox 1331 809 1444 848; x_wconf 90' lang='lat' dir='ltr'>potest</span> <span class='ocrx_word' id='word_1_82' title='bbox 1482 805 1580 850; x_wconf 77' lang='lat' dir='ltr'>quis,</span> <span class='ocrx_word' id='word_1_83' title='bbox 1620 806 1649 838; x_wconf 88' lang='lat' dir='ltr'>si</span> 
     </span>
     <span class='ocr_line' id='line_1_11' title="bbox 298 864 1649 915; baseline 0.007 -19"><span class='ocrx_word' id='word_1_84' title='bbox 298 868 441 898; x_wconf 90' lang='lat' dir='ltr'>matrem</span> <span class='ocrx_word' id='word_1_85' title='bbox 469 864 518 907; x_wconf 88' lang='lat' dir='ltr'>(v.</span> <span class='ocrx_word' id='word_1_86' title='bbox 547 866 622 908; x_wconf 86' lang='lat'><strong>15.)</strong></span> <span class='ocrx_word' id='word_1_87' title='bbox 650 867 744 908; x_wconf 82' lang='lat' dir='ltr'>tangi</span> <span class='ocrx_word' id='word_1_88' title='bbox 771 868 916 910; x_wconf 85' lang='lat' dir='ltr'>statuis;</span> <span class='ocrx_word' id='word_1_89' title='bbox 955 873 1068 903; x_wconf 87' lang='lat' dir='ltr'>tamen</span> <span class='ocrx_word' id='word_1_90' title='bbox 1103 880 1210 904; x_wconf 84' lang='lat' dir='ltr'>nexus</span> <span class='ocrx_word' id='word_1_91' title='bbox 1244 872 1417 913; x_wconf 87' lang='lat' dir='ltr'>sequentis</span> <span class='ocrx_word' id='word_1_92' title='bbox 1442 882 1558 905; x_wconf 78' lang='lat' dir='ltr'>versus</span> <span class='ocrx_word' id='word_1_93' title='bbox 1583 882 1649 915; x_wconf 91' lang='lat' dir='ltr'>op·-</span> 
     </span>
     <span class='ocr_line' id='line_1_12' title="bbox 299 930 1647 979; baseline 0.006 -17"><span class='ocrx_word' id='word_1_94' title='bbox 299 930 400 973; x_wconf 89' lang='lat' dir='ltr'>positi</span> <span class='ocrx_word' id='word_1_95' title='bbox 427 941 467 963; x_wconf 91' lang='lat' dir='ltr'>eo</span> <span class='ocrx_word' id='word_1_96' title='bbox 495 931 608 973; x_wconf 89' lang='lat' dir='ltr'>potius</span> <span class='ocrx_word' id='word_1_97' title='bbox 633 931 735 973; x_wconf 85' lang='lat' dir='ltr'>ducit,</span> <span class='ocrx_word' id='word_1_98' title='bbox 763 937 801 965; x_wconf 93' lang='lat' dir='ltr'>ut</span> <span class='ocrx_word' id='word_1_99' title='bbox 827 935 960 967; x_wconf 90' lang='lat' dir='ltr'>solutus</span> <span class='ocrx_word' id='word_1_100' title='bbox 987 945 1083 967; x_wconf 87' lang='lat' dir='ltr'>amor</span> <span class='ocrx_word' id='word_1_101' title='bbox 1108 936 1328 978; x_wconf 79' lang='lat' dir='ltr'>intelligatur.</span> <span class='ocrx_word' id='word_1_102' title='bbox 1378 938 1479 970; x_wconf 86' lang='lat' dir='ltr'>Vult:</span> <span class='ocrx_word' id='word_1_103' title='bbox 1505 947 1547 969; x_wconf 91' lang='lat' dir='ltr'>ne</span> <span class='ocrx_word' id='word_1_104' title='bbox 1572 937 1647 979; x_wconf 90' lang='lat' dir='ltr'>quis</span> 
     </span>
     <span class='ocr_line' id='line_1_13' title="bbox 296 996 1646 1046; baseline 0.007 -19"><span class='ocrx_word' id='word_1_105' title='bbox 296 996 482 1029; x_wconf 79' lang='lat' dir='ltr'>malevolus</span> <span class='ocrx_word' id='word_1_106' title='bbox 508 1000 640 1030; x_wconf 85' lang='lat' dir='ltr'>avertat</span> <span class='ocrx_word' id='word_1_107' title='bbox 665 998 873 1033; x_wconf 78' lang='lat' dir='ltr'>Cerintlium.</span> <span class='ocrx_word' id='word_1_108' title='bbox 923 1001 1014 1035; x_wconf 90' lang='lat' dir='ltr'>Hinc</span> <span class='ocrx_word' id='word_1_109' title='bbox 1042 1001 1297 1035; x_wconf 67' lang='lat' dir='ltr'>LACHMANNUS</span> <span class='ocrx_word' id='word_1_110' title='bbox 1323 1004 1403 1036; x_wconf 90' lang='lat' dir='ltr'>olim</span> <span class='ocrx_word' id='word_1_111' title='bbox 1428 1004 1469 1036; x_wconf 89' lang='lat' dir='ltr'>ad</span> <span class='ocrx_word' id='word_1_112' title='bbox 1495 1005 1646 1046; x_wconf 87' lang='lat' dir='ltr'>Proper—</span> 
     </span>
     <span class='ocr_line' id='line_1_14' title="bbox 296 1061 1646 1110; baseline 0.007 -17"><span class='ocrx_word' id='word_1_113' title='bbox 296 1061 379 1094; x_wconf 90' lang='lat' dir='ltr'>tium</span> <span class='ocrx_word' id='word_1_114' title='bbox 406 1062 433 1102; x_wconf 87' lang='lat' dir='ltr'>l,</span> <span class='ocrx_word' id='word_1_115' title='bbox 461 1065 497 1105; x_wconf 81' lang='lat'>9,</span> <span class='ocrx_word' id='word_1_116' title='bbox 526 1064 578 1096; x_wconf 89' lang='lat'>19.</span> <span class='ocrx_word' id='word_1_117' title='bbox 613 1063 836 1097; x_wconf 84' lang='lat' dir='ltr'>emendabat:</span> <span class='ocrx_word' id='word_1_118' title='bbox 866 1064 963 1110; x_wconf 82' lang='lat' dir='ltr'>fors.</span> <span class='ocrx_word' id='word_1_119' title='bbox 1014 1067 1083 1098; x_wconf 87' lang='lat' dir='ltr'>Sed</span> <span class='ocrx_word' id='word_1_120' title='bbox 1111 1068 1302 1109; x_wconf 84' lang='lat' dir='ltr'>elegantius</span> <span class='ocrx_word' id='word_1_121' title='bbox 1335 1069 1459 1101; x_wconf 88' lang='lat' dir='ltr'>ceteris</span> <span class='ocrx_word' id='word_1_122' title='bbox 1491 1070 1646 1102; x_wconf 86' lang='lat' dir='ltr'>omnibus</span> 
     </span>
     <span class='ocr_line' id='line_1_15' title="bbox 297 1127 1644 1178; baseline 0.008 -19"><span class='ocrx_word' id='word_1_123' title='bbox 297 1132 349 1160; x_wconf 84' lang='lat' dir='ltr'>est</span> <span class='ocrx_word' id='word_1_124' title='bbox 384 1127 472 1161; x_wconf 80' lang='lat' dir='ltr'>haud</span> <span class='ocrx_word' id='word_1_125' title='bbox 506 1129 608 1161; x_wconf 89' lang='lat' dir='ltr'>dubie</span> <span class='ocrx_word' id='word_1_126' title='bbox 643 1130 738 1174; x_wconf 75' lang='lat' dir='ltr'>quid.</span> <span class='ocrx_word' id='word_1_127' title='bbox 796 1130 849 1164; x_wconf 87' lang='lat' dir='ltr'>De</span> <span class='ocrx_word' id='word_1_128' title='bbox 882 1131 1027 1164; x_wconf 90' lang='lat' dir='ltr'>lectione</span> <span class='ocrx_word' id='word_1_129' title='bbox 1061 1144 1130 1164; x_wconf 84' lang='lat' dir='ltr'>nox</span> <span class='ocrx_word' id='word_1_130' title='bbox 1163 1144 1229 1167; x_wconf 90' lang='lat' dir='ltr'>non</span> <span class='ocrx_word' id='word_1_131' title='bbox 1264 1139 1317 1168; x_wconf 89' lang='lat' dir='ltr'>est</span> <span class='ocrx_word' id='word_1_132' title='bbox 1351 1136 1442 1178; x_wconf 91' lang='lat' dir='ltr'>quod</span> <span class='ocrx_word' id='word_1_133' title='bbox 1473 1135 1644 1178; x_wconf 87' lang='lat' dir='ltr'>dicamus;</span> 
     </span>
     <span class='ocr_line' id='line_1_16' title="bbox 295 1194 1645 1245; baseline 0.009 -20"><span class='ocrx_word' id='word_1_134' title='bbox 295 1194 444 1236; x_wconf 83' lang='lat' dir='ltr'>explosit</span> <span class='ocrx_word' id='word_1_135' title='bbox 479 1195 640 1228; x_wconf 82' lang='lat' dir='ltr'>Vossms.</span> <span class='ocrx_word' id='word_1_136' title='bbox 667 1213 712 1221; x_wconf 92' lang='lat'><em>-</em></span> <span class='ocrx_word' id='word_1_137' title='bbox 759 1197 802 1230; x_wconf 84' lang='lat' dir='ltr'>V.</span> <span class='ocrx_word' id='word_1_138' title='bbox 828 1200 849 1230; x_wconf 90' lang='lat'><strong>9</strong></span> <span class='ocrx_word' id='word_1_139' title='bbox 876 1208 925 1240; x_wconf 89' lang='lat' dir='ltr'>sq.</span> <span class='ocrx_word' id='word_1_140' title='bbox 982 1199 1056 1232; x_wconf 89' lang='lat' dir='ltr'>Sic</span> <span class='ocrx_word' id='word_1_141' title='bbox 1092 1200 1205 1233; x_wconf 85' lang='lat' dir='ltr'>bene</span> <span class='ocrx_word' id='word_1_142' title='bbox 1238 1212 1490 1245; x_wconf 88' lang='lat' dir='ltr'>compones.</span> <span class='ocrx_word' id='word_1_143' title='bbox 1550 1203 1645 1237; x_wconf 85' lang='lat' dir='ltr'>Bene</span> 
     </span>
     <span class='ocr_line' id='line_1_17' title="bbox 293 1260 1645 1311; baseline 0.005 -19"><span class='ocrx_word' id='word_1_144' title='bbox 293 1260 531 1294; x_wconf 50' lang='lat' dir='ltr'>Huscnxmm</span> <span class='ocrx_word' id='word_1_145' title='bbox 555 1262 633 1298; x_wconf 77' lang='lat' dir='ltr'>Sic,</span> <span class='ocrx_word' id='word_1_146' title='bbox 660 1262 693 1295; x_wconf 94' lang='lat' dir='ltr'>id</span> <span class='ocrx_word' id='word_1_147' title='bbox 719 1267 789 1306; x_wconf 82' lang='lat' dir='ltr'>est,</span> <span class='ocrx_word' id='word_1_148' title='bbox 816 1265 844 1297; x_wconf 91' lang='lat' dir='ltr'>si</span> <span class='ocrx_word' id='word_1_149' title='bbox 870 1269 987 1298; x_wconf 89' lang='lat' dir='ltr'>mutua</span> <span class='ocrx_word' id='word_1_150' title='bbox 1013 1266 1146 1299; x_wconf 75' lang='lat' dir='ltr'>vincula</span> <span class='ocrx_word' id='word_1_151' title='bbox 1171 1268 1306 1311; x_wconf 90' lang='lat' dir='ltr'>parabis</span> <span class='ocrx_word' id='word_1_152' title='bbox 1330 1268 1462 1310; x_wconf 82' lang='lat' dir='ltr'>iuveni,</span> <span class='ocrx_word' id='word_1_153' title='bbox 1486 1280 1555 1300; x_wconf 84' lang='lat' dir='ltr'>non</span> <span class='ocrx_word' id='word_1_154' title='bbox 1579 1268 1645 1300; x_wconf 88' lang='lat' dir='ltr'>im-</span> 
     </span>
     <span class='ocr_line' id='line_1_18' title="bbox 287 1327 1644 1376; baseline 0.008 -19"><span class='ocrx_word' id='word_1_155' title='bbox 287 1338 396 1370; x_wconf 74' lang='lat' dir='ltr'>pares</span> <span class='ocrx_word' id='word_1_156' title='bbox 415 1327 559 1371; x_wconf 80' lang='lat' dir='ltr'>formas</span> <span class='ocrx_word' id='word_1_157' title='bbox 593 1334 702 1373; x_wconf 79' lang='lat' dir='ltr'>atque</span> <span class='ocrx_word' id='word_1_158' title='bbox 737 1328 871 1362; x_wconf 81' lang='lat' dir='ltr'>animos</span> <span class='ocrx_word' id='word_1_159' title='bbox 899 1328 966 1362; x_wconf 77' lang='lat' dir='ltr'>sub</span> <span class='ocrx_word' id='word_1_160' title='bbox 991 1331 1078 1376; x_wconf 78' lang='lat' dir='ltr'>iuga</span> <span class='ocrx_word' id='word_1_161' title='bbox 1105 1332 1242 1368; x_wconf 82' lang='lat' dir='ltr'>mittes,</span> <span class='ocrx_word' id='word_1_162' title='bbox 1277 1337 1315 1366; x_wconf 84' lang='lat' dir='ltr'>ut</span> <span class='ocrx_word' id='word_1_163' title='bbox 1339 1333 1382 1366; x_wconf 90' lang='lat' dir='ltr'>de</span> <span class='ocrx_word' id='word_1_164' title='bbox 1408 1335 1543 1367; x_wconf 74' lang='lat' dir='ltr'>Venere</span> <span class='ocrx_word' id='word_1_165' title='bbox 1567 1334 1644 1366; x_wconf 88' lang='lat' dir='ltr'>HO-</span> 
     </span>
     <span class='ocr_line' id='line_1_19' title="bbox 292 1393 1643 1441; baseline 0.005 -17"><span class='ocrx_word' id='word_1_166' title='bbox 292 1403 423 1425; x_wconf 63' lang='lat' dir='ltr'>RA&#39;rms</span> <span class='ocrx_word' id='word_1_167' title='bbox 449 1394 567 1425; x_wconf 85' lang='lat' dir='ltr'>scribit</span> <span class='ocrx_word' id='word_1_168' title='bbox 589 1393 615 1434; x_wconf 86' lang='lat'>1,</span> <span class='ocrx_word' id='word_1_169' title='bbox 640 1397 697 1435; x_wconf 83' lang='lat'>33,</span> <span class='ocrx_word' id='word_1_170' title='bbox 726 1397 780 1435; x_wconf 81' lang='lat'>10,</span> <span class='ocrx_word' id='word_1_171' title='bbox 814 1394 876 1426; x_wconf 78' lang='lat' dir='ltr'>secl</span> <span class='ocrx_word' id='word_1_172' title='bbox 909 1393 991 1427; x_wconf 79' lang='lat' dir='ltr'>bene</span> <span class='ocrx_word' id='word_1_173' title='bbox 1017 1408 1204 1439; x_wconf 77' lang='lat' dir='ltr'>compones.</span> <span class='ocrx_word' id='word_1_174' title='bbox 1255 1398 1530 1441; x_wconf 79' lang='lat' dir='ltr'>componuntur,</span> <span class='ocrx_word' id='word_1_175' title='bbox 1559 1399 1643 1431; x_wconf 80' lang='lat' dir='ltr'>‘iuu-</span> 
     </span>
     <span class='ocr_line' id='line_1_20' title="bbox 292 1460 1641 1506; baseline 0.005 -16"><span class='ocrx_word' id='word_1_176' title='bbox 292 1464 428 1501; x_wconf 69' lang='lat' dir='ltr'>guntur,</span> <span class='ocrx_word' id='word_1_177' title='bbox 453 1461 657 1502; x_wconf 82' lang='lat' dir='ltr'>copulantur</span> <span class='ocrx_word' id='word_1_178' title='bbox 683 1460 781 1501; x_wconf 88' lang='lat' dir='ltr'>bene,</span> <span class='ocrx_word' id='word_1_179' title='bbox 804 1462 838 1493; x_wconf 90' lang='lat' dir='ltr'>in</span> <span class='ocrx_word' id='word_1_180' title='bbox 866 1461 988 1502; x_wconf 87' lang='lat' dir='ltr'>quibus</span> <span class='ocrx_word' id='word_1_181' title='bbox 1011 1463 1140 1496; x_wconf 86' lang='lat' dir='ltr'>similes</span> <span class='ocrx_word' id='word_1_182' title='bbox 1166 1464 1369 1506; x_wconf 81' lang='lat' dir='ltr'>voluntates,</span> <span class='ocrx_word' id='word_1_183' title='bbox 1394 1465 1510 1497; x_wconf 88' lang='lat' dir='ltr'>similis</span> <span class='ocrx_word' id='word_1_184' title='bbox 1535 1475 1641 1497; x_wconf 88' lang='lat' dir='ltr'>amor.</span> 
     </span>
     <span class='ocr_line' id='line_1_21' title="bbox 290 1525 1643 1571; baseline 0.004 -15"><span class='ocrx_word' id='word_1_185' title='bbox 290 1525 452 1557; x_wconf 72' lang='lat' dir='ltr'>VUmes</span> <span class='ocrx_word' id='word_1_186' title='bbox 489 1529 664 1568; x_wconf 87' lang='lat' dir='ltr'>comparat</span> <span class='ocrx_word' id='word_1_187' title='bbox 703 1525 795 1558; x_wconf 76' lang='lat' dir='ltr'>Pup.</span> <span class='ocrx_word' id='word_1_188' title='bbox 822 1525 1050 1559; x_wconf 71' lang='lat' dir='ltr'><strong>ALBINOVAN.</strong></span> <span class='ocrx_word' id='word_1_189' title='bbox 1089 1527 1131 1559; x_wconf 88' lang='lat' dir='ltr'>ad</span> <span class='ocrx_word' id='word_1_190' title='bbox 1157 1528 1309 1571; x_wconf 73' lang='lat' dir='ltr'>Liviam,</span> <span class='ocrx_word' id='word_1_191' title='bbox 1347 1529 1406 1561; x_wconf 91' lang='lat' dir='ltr'>ubi</span> <span class='ocrx_word' id='word_1_192' title='bbox 1432 1540 1462 1562; x_wconf 73' lang='lat' dir='ltr'>v.</span> <span class='ocrx_word' id='word_1_193' title='bbox 1491 1531 1571 1562; x_wconf 86' lang='lat'>301.</span> <span class='ocrx_word' id='word_1_194' title='bbox 1599 1529 1643 1562; x_wconf 87' lang='lat' dir='ltr'>de</span> 
     </span>
     <span class='ocr_line' id='line_1_22' title="bbox 289 1590 1642 1637; baseline 0.005 -15"><span class='ocrx_word' id='word_1_195' title='bbox 289 1590 403 1622; x_wconf 84' lang='lat' dir='ltr'>Druso</span> <span class='ocrx_word' id='word_1_196' title='bbox 429 1594 464 1622; x_wconf 91' lang='lat' dir='ltr'>et</span> <span class='ocrx_word' id='word_1_197' title='bbox 488 1591 635 1622; x_wconf 87' lang='lat' dir='ltr'>Antonia</span> <span class='ocrx_word' id='word_1_198' title='bbox 661 1590 867 1631; x_wconf 82' lang='lat' dir='ltr'>coniugibus</span> <span class='ocrx_word' id='word_1_199' title='bbox 895 1596 966 1623; x_wconf 88' lang='lat' dir='ltr'>est:</span> <span class='ocrx_word' id='word_1_200' title='bbox 1003 1603 1072 1634; x_wconf 79' lang='lat' dir='ltr'>par</span> <span class='ocrx_word' id='word_1_201' title='bbox 1105 1590 1186 1624; x_wconf 77' lang='lat' dir='ltr'>bene</span> <span class='ocrx_word' id='word_1_202' title='bbox 1219 1594 1464 1637; x_wconf 77' lang='lat' dir='ltr'>compositam,</span> <span class='ocrx_word' id='word_1_203' title='bbox 1500 1600 1535 1627; x_wconf 88' lang='lat' dir='ltr'>et</span> <span class='ocrx_word' id='word_1_204' title='bbox 1565 1606 1642 1629; x_wconf 91' lang='lat' dir='ltr'>eum</span> 
     </span>
     <span class='ocr_line' id='line_1_23' title="bbox 290 1656 1642 1704; baseline 0.004 -16"><span class='ocrx_word' id='word_1_205' title='bbox 290 1666 388 1689; x_wconf 89' lang='lat' dir='ltr'>usum</span> <span class='ocrx_word' id='word_1_206' title='bbox 412 1656 506 1689; x_wconf 83' lang='lat' dir='ltr'>verbi</span> <span class='ocrx_word' id='word_1_207' title='bbox 531 1657 765 1697; x_wconf 81' lang='lat' dir='ltr'>notissimum,</span> <span class='ocrx_word' id='word_1_208' title='bbox 802 1666 846 1688; x_wconf 83' lang='lat' dir='ltr'>ex</span> <span class='ocrx_word' id='word_1_209' title='bbox 871 1667 939 1698; x_wconf 90' lang='lat' dir='ltr'>quo</span> <span class='ocrx_word' id='word_1_210' title='bbox 965 1657 1193 1699; x_wconf 79' lang='lat' dir='ltr'>gladiatorum</span> <span class='ocrx_word' id='word_1_211' title='bbox 1220 1660 1313 1702; x_wconf 86' lang='lat' dir='ltr'>paria</span> <span class='ocrx_word' id='word_1_212' title='bbox 1339 1661 1495 1704; x_wconf 88' lang='lat' dir='ltr'>componi</span> <span class='ocrx_word' id='word_1_213' title='bbox 1522 1661 1642 1694; x_wconf 89' lang='lat' dir='ltr'>dicuu-</span> 
     </span>
     <span class='ocr_line' id='line_1_24' title="bbox 289 1721 1641 1765; baseline 0.005 -11"><span class='ocrx_word' id='word_1_214' title='bbox 289 1725 355 1755; x_wconf 89' lang='lat' dir='ltr'>tur.</span> <span class='ocrx_word' id='word_1_215' title='bbox 382 1739 423 1746; x_wconf 94' lang='lat'>—</span> <span class='ocrx_word' id='word_1_216' title='bbox 453 1722 637 1754; x_wconf 78' lang='lat' dir='ltr'>Servire</span> <span class='ocrx_word' id='word_1_217' title='bbox 655 1739 697 1746; x_wconf 88' lang='lat'>—</span> <span class='ocrx_word' id='word_1_218' title='bbox 715 1721 920 1764; x_wconf 83' lang='lat' dir='ltr'>dignior,</span> <span class='ocrx_word' id='word_1_219' title='bbox 946 1723 989 1757; x_wconf 85' lang='lat' dir='ltr'>cf.</span> <span class='ocrx_word' id='word_1_220' title='bbox 1015 1723 1060 1765; x_wconf 86' lang='lat'>11,</span> <span class='ocrx_word' id='word_1_221' title='bbox 1085 1728 1118 1764; x_wconf 89' lang='lat'>6,</span> <span class='ocrx_word' id='word_1_222' title='bbox 1143 1728 1200 1758; x_wconf 85' lang='lat'>43.</span> <span class='ocrx_word' id='word_1_223' title='bbox 1225 1730 1262 1758; x_wconf 89' lang='lat' dir='ltr'>ut</span> <span class='ocrx_word' id='word_1_224' title='bbox 1288 1722 1378 1762; x_wconf 74' lang='grc' dir='ltr'><em>ἄξιος</em></span> <span class='ocrx_word' id='word_1_225' title='bbox 1403 1727 1537 1760; x_wconf 80' lang='lat' dir='ltr'>Graece</span> <span class='ocrx_word' id='word_1_226' title='bbox 1558 1737 1641 1760; x_wconf 89' lang='lat' dir='ltr'>con-</span> 
     </span>
     <span class='ocr_line' id='line_1_25' title="bbox 288 1787 1640 1834; baseline 0.004 -14"><span class='ocrx_word' id='word_1_227' title='bbox 288 1789 441 1821; x_wconf 89' lang='lat' dir='ltr'>struitur.</span> <span class='ocrx_word' id='word_1_228' title='bbox 469 1803 515 1813; x_wconf 78' lang='lat'>—-</span> <span class='ocrx_word' id='word_1_229' title='bbox 553 1788 594 1821; x_wconf 90' lang='lat' dir='ltr'>V.</span> <span class='ocrx_word' id='word_1_230' title='bbox 623 1790 676 1821; x_wconf 85' lang='lat'>11.</span> <span class='ocrx_word' id='word_1_231' title='bbox 706 1790 760 1819; x_wconf 81' lang='lat'>12.</span> <span class='ocrx_word' id='word_1_232' title='bbox 806 1787 886 1820; x_wconf 87' lang='lat' dir='ltr'>Hoc</span> <span class='ocrx_word' id='word_1_233' title='bbox 922 1792 974 1821; x_wconf 80' lang='lat' dir='ltr'>est</span> <span class='ocrx_word' id='word_1_234' title='bbox 1006 1789 1150 1822; x_wconf 88' lang='lat' dir='ltr'>alterum</span> <span class='ocrx_word' id='word_1_235' title='bbox 1186 1790 1277 1832; x_wconf 89' lang='lat' dir='ltr'>quod</span> <span class='ocrx_word' id='word_1_236' title='bbox 1310 1802 1330 1823; x_wconf 89' lang='lat' dir='ltr'>a</span> <span class='ocrx_word' id='word_1_237' title='bbox 1364 1791 1494 1824; x_wconf 83' lang='lat' dir='ltr'>lunone</span> <span class='ocrx_word' id='word_1_238' title='bbox 1529 1797 1640 1834; x_wconf 84' lang='lat' dir='ltr'>rogat,</span> 
     </span>
     <span class='ocr_line' id='line_1_26' title="bbox 287 1855 1641 1893; baseline 0.004 -6"><span class='ocrx_word' id='word_1_239' title='bbox 287 1858 328 1887; x_wconf 88' lang='lat' dir='ltr'>ut</span> <span class='ocrx_word' id='word_1_240' title='bbox 367 1855 505 1888; x_wconf 78' lang='lat' dir='ltr'>adiuvet</span> <span class='ocrx_word' id='word_1_241' title='bbox 543 1859 729 1888; x_wconf 78' lang='lat' dir='ltr'>conventus</span> <span class='ocrx_word' id='word_1_242' title='bbox 767 1855 966 1888; x_wconf 86' lang='lat' dir='ltr'>amantium.</span> <span class='ocrx_word' id='word_1_243' title='bbox 1018 1856 1069 1890; x_wconf 91' lang='lat' dir='ltr'>De</span> <span class='ocrx_word' id='word_1_244' title='bbox 1106 1858 1232 1892; x_wconf 80' lang='lat' dir='ltr'>Amore</span> <span class='ocrx_word' id='word_1_245' title='bbox 1267 1858 1337 1892; x_wconf 76' lang='lat' dir='ltr'>vias</span> <span class='ocrx_word' id='word_1_246' title='bbox 1370 1858 1508 1892; x_wconf 87' lang='lat' dir='ltr'>fallendi</span> <span class='ocrx_word' id='word_1_247' title='bbox 1542 1861 1641 1893; x_wconf 86' lang='lat' dir='ltr'>mini-</span> 
     </span>
     <span class='ocr_line' id='line_1_27' title="bbox 288 1922 885 1966; baseline 0.002 -12"><span class='ocrx_word' id='word_1_248' title='bbox 288 1925 419 1955; x_wconf 85' lang='lat' dir='ltr'>strante</span> <span class='ocrx_word' id='word_1_249' title='bbox 445 1922 563 1955; x_wconf 89' lang='lat' dir='ltr'>confer</span> <span class='ocrx_word' id='word_1_250' title='bbox 587 1933 689 1966; x_wconf 86' lang='lat' dir='ltr'>supra</span> <span class='ocrx_word' id='word_1_251' title='bbox 716 1923 742 1964; x_wconf 89' lang='grc' dir='ltr'>Ι,</span> <span class='ocrx_word' id='word_1_252' title='bbox 769 1924 801 1964; x_wconf 86' lang='grc'>8,</span> <span class='ocrx_word' id='word_1_253' title='bbox 828 1925 885 1955; x_wconf 88' lang='lat'>56.</span> 
     </span>
    </p>

    <p class='ocr_par' dir='ltr' id='par_1_4' title="bbox 288 1987 1640 2167">
     <span class='ocr_line' id='line_1_28' title="bbox 382 1987 1640 2034; baseline 0.006 -14"><span class='ocrx_word' id='word_1_254' title='bbox 382 1988 424 2021; x_wconf 92' lang='lat' dir='ltr'>V.</span> <span class='ocrx_word' id='word_1_255' title='bbox 454 1988 583 2020; x_wconf 86' lang='lat' dir='ltr'>13-ad</span> <span class='ocrx_word' id='word_1_256' title='bbox 608 1989 720 2022; x_wconf 83' lang='lat' dir='ltr'>finem.</span> <span class='ocrx_word' id='word_1_257' title='bbox 772 1987 951 2025; x_wconf 82' lang='lat' dir='ltr'>Exitus.</span> <span class='ocrx_word' id='word_1_258' title='bbox 1000 1990 1226 2034; x_wconf 87' lang='lat' dir='ltr'>Repetita</span> <span class='ocrx_word' id='word_1_259' title='bbox 1251 1992 1543 2027; x_wconf 87' lang='lat' dir='ltr'>invocatione</span> <span class='ocrx_word' id='word_1_260' title='bbox 1568 1995 1640 2027; x_wconf 91' lang='lat' dir='ltr'>ob-</span> 
     </span>
     <span class='ocr_line' id='line_1_29' title="bbox 288 2054 1638 2102; baseline 0.004 -15"><span class='ocrx_word' id='word_1_261' title='bbox 288 2058 493 2088; x_wconf 84' lang='lat' dir='ltr'>testatur</span> <span class='ocrx_word' id='word_1_262' title='bbox 526 2054 646 2088; x_wconf 82' lang='lat' dir='ltr'>deam</span> <span class='ocrx_word' id='word_1_263' title='bbox 680 2058 725 2087; x_wconf 91' lang='lat' dir='ltr'>ut</span> <span class='ocrx_word' id='word_1_264' title='bbox 760 2060 939 2098; x_wconf 80' lang='lat' dir='ltr'>annuat,</span> <span class='ocrx_word' id='word_1_265' title='bbox 976 2068 1153 2090; x_wconf 86' lang='lat' dir='ltr'>causam</span> <span class='ocrx_word' id='word_1_266' title='bbox 1180 2068 1359 2102; x_wconf 88' lang='lat' dir='ltr'>precum</span> <span class='ocrx_word' id='word_1_267' title='bbox 1384 2058 1638 2093; x_wconf 89' lang='lat' dir='ltr'>subiiciens</span> 
     </span>
     <span class='ocr_line' id='line_1_30' title="bbox 289 2122 1160 2167; baseline 0.005 -13"><span class='ocrx_word' id='word_1_268' title='bbox 289 2122 328 2155; x_wconf 89' lang='lat' dir='ltr'>in</span> <span class='ocrx_word' id='word_1_269' title='bbox 355 2132 507 2155; x_wconf 86' lang='lat' dir='ltr'>amore</span> <span class='ocrx_word' id='word_1_270' title='bbox 534 2122 714 2164; x_wconf 86' lang='lat' dir='ltr'>puellae</span> <span class='ocrx_word' id='word_1_271' title='bbox 739 2124 928 2157; x_wconf 76' lang='lat' dir='ltr'>maxImo</span> <span class='ocrx_word' id='word_1_272' title='bbox 955 2125 1160 2167; x_wconf 87' lang='lat' dir='ltr'>positam.</span> 
     </span>
    </p>

    <p class='ocr_par' dir='ltr' id='par_1_5' title="bbox 287 2187 1636 2694">
     <span class='ocr_line' id='line_1_31' title="bbox 382 2187 1636 2233; baseline 0.004 -14"><span class='ocrx_word' id='word_1_273' title='bbox 382 2187 424 2220; x_wconf 94' lang='lat' dir='ltr'>V.</span> <span class='ocrx_word' id='word_1_274' title='bbox 450 2189 493 2219; x_wconf 89' lang='grc'>13</span> <span class='ocrx_word' id='word_1_275' title='bbox 519 2197 592 2228; x_wconf 84' lang='lat' dir='ltr'>sqq.</span> <span class='ocrx_word' id='word_1_276' title='bbox 629 2197 859 2230; x_wconf 87' lang='lat' dir='ltr'>purpurea</span> <span class='ocrx_word' id='word_1_277' title='bbox 897 2189 1140 2232; x_wconf 90' lang='lat' dir='ltr'>perlucida</span> <span class='ocrx_word' id='word_1_278' title='bbox 1181 2190 1317 2233; x_wconf 87' lang='lat' dir='ltr'>palla.</span> <span class='ocrx_word' id='word_1_279' title='bbox 1367 2190 1523 2224; x_wconf 78' lang='lat' dir='ltr'>Vidimus</span> <span class='ocrx_word' id='word_1_280' title='bbox 1546 2191 1636 2224; x_wconf 89' lang='lat' dir='ltr'>Coas</span> 
     </span>
     <span class='ocr_line' id='line_1_32' title="bbox 287 2243 1636 2301; baseline 0.004 -17"><span class='ocrx_word' id='word_1_281' title='bbox 287 2256 399 2285; x_wconf 80' lang='lat' dir='ltr'>vestes</span> <span class='ocrx_word' id='word_1_282' title='bbox 425 2251 469 2293; x_wconf 88' lang='grc' dir='ltr'>ΙΙ,</span> <span class='ocrx_word' id='word_1_283' title='bbox 492 2254 525 2293; x_wconf 82' lang='grc'>3,</span> <span class='ocrx_word' id='word_1_284' title='bbox 551 2243 632 2284; x_wconf 78' lang='lat'><strong>53.&#39;</strong></span> <span class='ocrx_word' id='word_1_285' title='bbox 657 2252 751 2285; x_wconf 84' lang='lat' dir='ltr'>Talis</span> <span class='ocrx_word' id='word_1_286' title='bbox 778 2263 866 2286; x_wconf 93' lang='lat' dir='ltr'>nunc</span> <span class='ocrx_word' id='word_1_287' title='bbox 898 2254 998 2287; x_wconf 90' lang='lat' dir='ltr'>etiam</span> <span class='ocrx_word' id='word_1_288' title='bbox 1026 2252 1108 2287; x_wconf 79' lang='lat' dir='ltr'>llaec</span> <span class='ocrx_word' id='word_1_289' title='bbox 1139 2255 1248 2288; x_wconf 89' lang='lat' dir='ltr'>tenuis</span> <span class='ocrx_word' id='word_1_290' title='bbox 1282 2260 1317 2288; x_wconf 89' lang='lat' dir='ltr'>et</span> <span class='ocrx_word' id='word_1_291' title='bbox 1343 2257 1519 2299; x_wconf 86' lang='lat' dir='ltr'>perlucida</span> <span class='ocrx_word' id='word_1_292' title='bbox 1546 2259 1636 2301; x_wconf 86' lang='lat' dir='ltr'>palla</span> 
     </span>
     <span class='ocr_line' id='line_1_33' title="bbox 288 2318 1634 2365; baseline 0.004 -15"><span class='ocrx_word' id='word_1_293' title='bbox 288 2328 479 2362; x_wconf 88' lang='lat' dir='ltr'>purpurea,</span> <span class='ocrx_word' id='word_1_294' title='bbox 516 2318 648 2359; x_wconf 86' lang='lat' dir='ltr'>qualem</span> <span class='ocrx_word' id='word_1_295' title='bbox 685 2319 786 2351; x_wconf 89' lang='lat' dir='ltr'>etiam</span> <span class='ocrx_word' id='word_1_296' title='bbox 823 2319 1007 2363; x_wconf 84' lang='lat' dir='ltr'>Cleopatra</span> <span class='ocrx_word' id='word_1_297' title='bbox 1041 2324 1155 2362; x_wconf 83' lang='lat' dir='ltr'>gestat</span> <span class='ocrx_word' id='word_1_298' title='bbox 1189 2321 1277 2364; x_wconf 90' lang='lat' dir='ltr'>apud</span> <span class='ocrx_word' id='word_1_299' title='bbox 1314 2321 1455 2357; x_wconf 65' lang='lat' dir='ltr'>Luem.</span> <span class='ocrx_word' id='word_1_300' title='bbox 1481 2323 1524 2365; x_wconf 85' lang='lat' dir='ltr'>X,</span> <span class='ocrx_word' id='word_1_301' title='bbox 1554 2326 1634 2365; x_wconf 82' lang='lat'>141,</span> 
     </span>
     <span class='ocr_line' id='line_1_34' title="bbox 287 2383 1634 2427; baseline 0.004 -11"><span class='ocrx_word' id='word_1_302' title='bbox 287 2387 426 2416; x_wconf 85' lang='lat' dir='ltr'>notante</span> <span class='ocrx_word' id='word_1_303' title='bbox 447 2383 584 2416; x_wconf 89' lang='lat' dir='ltr'>Voss1o.</span> <span class='ocrx_word' id='word_1_304' title='bbox 634 2383 686 2415; x_wconf 88' lang='lat' dir='ltr'>Ad</span> <span class='ocrx_word' id='word_1_305' title='bbox 709 2383 892 2427; x_wconf 73' lang='lat' dir='ltr'>perlucida</span> <span class='ocrx_word' id='word_1_306' title='bbox 912 2385 1232 2419; x_wconf 61' lang='lat' dir='ltr'>Wmsznmzmcnms</span> <span class='ocrx_word' id='word_1_307' title='bbox 1257 2388 1390 2421; x_wconf 85' lang='lat' dir='ltr'>confert</span> <span class='ocrx_word' id='word_1_308' title='bbox 1410 2388 1536 2422; x_wconf 68' lang='lat' dir='ltr'>Invisu-</span> <span class='ocrx_word' id='word_1_309' title='bbox 1560 2390 1634 2422; x_wconf 83' lang='lat' dir='ltr'>Sat.</span> 
     </span>
     <span class='ocr_line' id='line_1_35' title="bbox 287 2447 1634 2497; baseline 0.004 -16"><span class='ocrx_word' id='word_1_310' title='bbox 287 2448 333 2489; x_wconf 83' lang='grc' dir='ltr'>ΙΙ,</span> <span class='ocrx_word' id='word_1_311' title='bbox 358 2451 421 2481; x_wconf 81' lang='lat'>78:</span> <span class='ocrx_word' id='word_1_312' title='bbox 456 2447 588 2480; x_wconf 69' lang='lat' dir='ltr'>Cretica</span> <span class='ocrx_word' id='word_1_313' title='bbox 613 2448 789 2491; x_wconf 74' lang='lat' dir='ltr'>pellaces,</span> <span class='ocrx_word' id='word_1_314' title='bbox 816 2448 848 2483; x_wconf 84' lang='lat' dir='ltr'>l1.</span> <span class='ocrx_word' id='word_1_315' title='bbox 873 2460 902 2483; x_wconf 88' lang='lat' dir='ltr'>e.</span> <span class='ocrx_word' id='word_1_316' title='bbox 932 2451 1102 2493; x_wconf 83' lang='lat' dir='ltr'>pellucida</span> <span class='ocrx_word' id='word_1_317' title='bbox 1132 2456 1213 2494; x_wconf 84' lang='lat' dir='ltr'>toga</span> <span class='ocrx_word' id='word_1_318' title='bbox 1239 2453 1376 2486; x_wconf 87' lang='lat' dir='ltr'>incedis.</span> <span class='ocrx_word' id='word_1_319' title='bbox 1426 2453 1490 2486; x_wconf 88' lang='lat' dir='ltr'>Est</span> <span class='ocrx_word' id='word_1_320' title='bbox 1513 2453 1634 2497; x_wconf 67' lang='lat' dir='ltr'>perla-</span> 
     </span>
     <span class='ocr_line' id='line_1_36' title="bbox 288 2514 1636 2564; baseline 0.007 -21"><span class='ocrx_word' id='word_1_321' title='bbox 288 2524 363 2544; x_wconf 81' lang='lat' dir='ltr'>cere</span> <span class='ocrx_word' id='word_1_322' title='bbox 388 2514 498 2546; x_wconf 87' lang='lat' dir='ltr'>lucem</span> <span class='ocrx_word' id='word_1_323' title='bbox 531 2516 782 2558; x_wconf 82' lang='lat' dir='ltr'>transmittere,</span> <span class='ocrx_word' id='word_1_324' title='bbox 819 2516 922 2560; x_wconf 82' lang='lat' dir='ltr'>idque</span> <span class='ocrx_word' id='word_1_325' title='bbox 957 2518 998 2551; x_wconf 92' lang='lat' dir='ltr'>ad</span> <span class='ocrx_word' id='word_1_326' title='bbox 1031 2519 1139 2562; x_wconf 89' lang='lat' dir='ltr'>ipsam</span> <span class='ocrx_word' id='word_1_327' title='bbox 1166 2530 1345 2563; x_wconf 85' lang='lat' dir='ltr'>personam</span> <span class='ocrx_word' id='word_1_328' title='bbox 1371 2521 1543 2553; x_wconf 82' lang='lat' dir='ltr'>transferri</span> <span class='ocrx_word' id='word_1_329' title='bbox 1571 2532 1636 2564; x_wconf 90' lang='lat' dir='ltr'>po-</span> 
     </span>
     <span class='ocr_line' id='line_1_37' title="bbox 288 2579 1633 2628; baseline 0.006 -17"><span class='ocrx_word' id='word_1_330' title='bbox 288 2583 368 2612; x_wconf 79' lang='lat' dir='ltr'>test.</span> <span class='ocrx_word' id='word_1_331' title='bbox 416 2579 516 2613; x_wconf 64' lang='lat' dir='ltr'>Nunc</span> <span class='ocrx_word' id='word_1_332' title='bbox 548 2582 661 2613; x_wconf 87' lang='lat' dir='ltr'>tunica</span> <span class='ocrx_word' id='word_1_333' title='bbox 694 2583 844 2615; x_wconf 86' lang='lat' dir='ltr'>cernitur</span> <span class='ocrx_word' id='word_1_334' title='bbox 879 2594 940 2627; x_wconf 86' lang='lat' dir='ltr'>per</span> <span class='ocrx_word' id='word_1_335' title='bbox 971 2585 1234 2628; x_wconf 87' lang='lat' dir='ltr'>superiniectam</span> <span class='ocrx_word' id='word_1_336' title='bbox 1269 2585 1403 2627; x_wconf 81' lang='lat' dir='ltr'>pallam.</span> <span class='ocrx_word' id='word_1_337' title='bbox 1452 2586 1633 2619; x_wconf 79' lang='lat' dir='ltr'>Postremo</span> 
     </span>
     <span class='ocr_line' id='line_1_38' title="bbox 288 2645 1632 2694; baseline 0.002 -16"><span class='ocrx_word' id='word_1_338' title='bbox 288 2655 406 2679; x_wconf 81' lang='lat' dir='ltr'>sensus</span> <span class='ocrx_word' id='word_1_339' title='bbox 431 2645 518 2679; x_wconf 90' lang='lat' dir='ltr'>loci:</span> <span class='ocrx_word' id='word_1_340' title='bbox 546 2646 632 2680; x_wconf 80' lang='lat' dir='ltr'>Veni</span> <span class='ocrx_word' id='word_1_341' title='bbox 658 2657 758 2690; x_wconf 82' lang='lat' dir='ltr'>quam</span> <span class='ocrx_word' id='word_1_342' title='bbox 785 2649 1008 2683; x_wconf 82' lang='lat' dir='ltr'>ornatissima.</span> <span class='ocrx_word' id='word_1_343' title='bbox 1060 2650 1122 2683; x_wconf 75' lang='lat' dir='ltr'>Est</span> <span class='ocrx_word' id='word_1_344' title='bbox 1148 2650 1236 2684; x_wconf 88' lang='lat' dir='ltr'>enim</span> <span class='ocrx_word' id='word_1_345' title='bbox 1263 2650 1405 2684; x_wconf 83' lang='lat' dir='ltr'>faventis</span> <span class='ocrx_word' id='word_1_346' title='bbox 1432 2655 1466 2684; x_wconf 91' lang='lat' dir='ltr'>et</span> <span class='ocrx_word' id='word_1_347' title='bbox 1494 2652 1632 2694; x_wconf 70' lang='lat' dir='ltr'>propitii</span> 
     </span>
    </p>
   </div>
   <div class='ocr_carea' id='block_1_3' title="bbox 1717 2552 1721 2603">
    <p class='ocr_par' dir='ltr' id='par_1_6' title="bbox 1717 2552 1721 2603">
     <span class='ocr_line' id='line_1_39' title="bbox 1717 2552 1721 2603; baseline 0 0"><span class='ocrx_word' id='word_1_348' title='bbox 1717 2552 1721 2603; x_wconf 84' lang='lat' dir='ltr'>l</span> 
     </span>
    </p>
   </div>
  </div>
 </body>
</html>
