1721 2953
683 135 923 179 TIBULLt.
1399 153 1471 178 xx=

239 251 286 288 In
308 247 487 290 secundo
516 250 622 290 libro
655 250 775 291 aliam
807 257 982 291 amatam
1003 250 1159 292 Tibulli
1190 252 1470 304 cognoscimus

126 324 343 376 Nemesim,
371 334 535 379 praeter
567 341 692 381 quam
722 342 814 367 cum
841 328 1039 367 Horatius
1073 325 1138 368 od.
1163 328 1193 378 I,
1217 331 1283 367 33.
1342 329 1472 382 Glyce-

125 414 208 440 ram
230 409 440 454 memoret,
468 403 648 455 primum
671 400 721 442 de
743 403 820 442 hac
842 401 1067 443 videamus.
1124 402 1235 442 Dicit
1253 403 1471 444 Horatius:

462 479 570 530 Albi,
599 493 651 519 ne
682 479 820 520 doleas
848 480 942 534 plus
975 479 1114 531 nimio,
1142 494 1300 521 memor

463 559 634 598 ImmitiS
666 558 876 612 Glycerae,
903 572 986 597 neu
1015 558 1266 598 miserabiles

462 633 667 674 Decantes
698 636 843 687 elegos,
872 649 945 675 cur
974 636 1050 675 tibi
1077 635 1218 675 iunior

688 709 820 751 Laesa
847 710 1073 763 praeniteat
1103 708 1196 750 fide.

235 783 377 825 Fuisse
415 784 631 839 Glyceram
665 786 836 828 eandem
873 801 965 826 cum
997 787 1120 827 Delia
1150 794 1189 826 et
1218 784 1469 826 miserabiles

124 860 256 912 elegos
287 861 438 901 librum
467 864 632 902 tertium
664 862 875 915 Spohnius
910 862 1119 902 uberrime
1146 860 1470 902 demonstratum

120 934 213 985 ivit,
253 935 325 975 sed
366 937 530 977 frustra.
596 937 694 978 Non
730 918 896 977 immitis
936 945 1023 977 erat
1060 936 1183 978 Delia
1217 951 1353 990 neque
1391 937 1472 976 hoc

120 1022 273 1049 nomen
312 1012 398 1052 ullo
440 1012 565 1054 modo
603 1015 649 1053 in
689 1029 778 1054 eam
818 1013 1013 1069 quadrat3
1059 1029 1132 1054 nec
1177 1012 1291 1068 quod
1333 1013 1472 1052 iunior

120 1089 348 1138 praeniteat
387 1092 575 1143 queritur
615 1091 658 1129 in
701 1091 949 1130 carminibus
994 1089 1046 1130 ad
1078 1090 1242 1130 Deliam
1270 1090 1473 1137 Tibullus,

121 1162 193 1202 sed
231 1162 342 1217 quod
382 1164 518 1204 ditior.
595 1165 723 1204 Liber
761 1166 903 1205 tertius
942 1178 1042 1207 vero
1086 1165 1307 1204 certissime
1347 1163 1471 1203 alium

122 1249 329 1281 auctorem
363 1243 499 1282 habet.
569 1240 707 1290 Quare
748 1242 868 1280 etiam
906 1241 1157 1281 miserabiles
1194 1241 1293 1280 istos
1336 1241 1471 1291 elegos

120 1316 176 1355 sic
213 1318 279 1356 hic
316 1331 402 1357 non
441 1317 636 1370 reperias.
703 1317 869 1358 Monuit
907 1318 1009 1356 haec
1047 1316 1130 1356 iam
1168 1315 1385 1356 Passovius
1426 1316 1469 1353 in

119 1394 314 1435 Seeboclii
345 1395 509 1436 Horreo
538 1395 681 1448 philol.
715 1403 753 1435 et
785 1393 954 1447 paedag.
999 1408 1095 1434 ann.
1132 1397 1256 1433 1825.
1294 1393 1391 1432 fasc.
1421 1393 1471 1441 Π,

118 1484 159 1522 p.
190 1472 268 1508 189
301 1483 390 1524 sqq.
428 1472 502 1510 ubi
538 1468 681 1512 contra
721 1486 811 1512 eam
849 1471 1092 1512 sententiam
1132 1468 1370 1509 omnimodo
1400 1470 1470 1509 fir·-

119 1561 231 1587 mare
265 1547 419 1599 studet,
460 1563 564 1602 quae
610 1549 707 1591 olim
747 1548 953 1601 Scaligero
992 1549 1223 1601 placuerat,
1260 1546 1470 1586 Nemesim

118 1623 243 1662 fuisse
275 1622 506 1675 Glyceram.
563 1624 699 1677 Atque
731 1624 810 1663 hoc
841 1637 993 1663 nomen
1026 1636 1172 1663 verum
1199 1621 1324 1661 fuisse
1352 1623 1469 1674 puel-

117 1698 193 1747 lae,
223 1697 395 1738 alterum
424 1698 565 1737 fictum
596 1706 636 1737 et
658 1699 878 1750 poeticum.
938 1696 1020 1738 Sed
1048 1697 1216 1737 minime
1245 1698 1347 1736 mihi
1375 1712 1469 1749 per-

120 1772 245 1810 suasit
272 1773 489 1812 Passovius
519 1773 626 1811 hanc
657 1775 918 1824 sententiam3
947 1775 1050 1812 ferri
1079 1774 1201 1812 etiam
1233 1775 1333 1813 haec
1363 1776 1468 1813 ratio

120 1848 276 1899 nequit.
333 1846 521 1886 Primum
551 1848 659 1886 enim
690 1847 803 1900 quod
833 1847 926 1887 data
956 1862 1083 1901 opera
1112 1849 1300 1901 exponit,
1328 1849 1469 1888 fictum

120 1931 157 1963 et
184 1924 390 1976 poeticum
419 1936 571 1963 nomen
600 1923 776 1963 eundem
806 1938 1044 1976 numerum,
1078 1939 1203 1980 quam
1235 1939 1397 1975 verum,
1429 1933 1469 1963 et

119 2000 385 2052 quantitatem
416 1997 587 2038 eandem
620 2000 873 2052 syllabarum
901 2001 1073 2052 habere,
1109 2009 1156 2040 ut
1185 2003 1359 2041 alterum
1388 2014 1467 2053 pro

119 2076 248 2114 altero
277 2075 390 2115 salvo
423 2082 554 2115 metro
586 2075 777 2114 substitui
806 2076 955 2128 possit,
989 2090 1088 2117 vera
1113 2089 1180 2116 res
1209 2091 1285 2129 per
1313 2091 1377 2127 se,
1417 2078 1467 2116 cf.

119 2153 239 2193 etiam
255 2153 543 2192 VVeichertum
575 2154 617 2192 in
647 2152 809 2206 Reliqq.
831 2161 988 2205 poetar.
1010 2152 1194 2193 Latinor.
1215 2169 1255 2207 p.
1269 2156 1349 2193 412
1367 2167 1468 2207 sqq,

118 2227 188 2268 sed
227 2229 329 2269 scire
370 2229 492 2281 cupio
536 2229 746 2283 quomodo
786 2231 829 2269 in
870 2231 934 2271 his
973 2230 1222 2271 carminibus
1256 2233 1307 2281 Il,
1337 2233 1375 2282 4,
1402 2236 1469 2271 59.

116 2306 190 2346 ubi
219 2305 495 2346 nominativus
525 2306 724 2356 habetur,
756 2306 884 2358 possit
919 2301 1080 2359 Glycerci
1110 2320 1194 2345 mea
1224 2320 1301 2358 pro
1333 2307 1467 2348 Neme-

117 2386 172 2421 εἷς
211 2396 294 2421 mea
336 2395 411 2434 per
452 2388 630 2421 metrum
665 2381 869 2421 substitui.
946 2380 1027 2420 Set]
1066 2382 1145 2421 hoe
1183 2391 1466 2432 argumentum

119 2456 204 2509 ipse
236 2465 425 2498 evertam.
494 2456 653 2509 Nempe
688 2455 799 2511 quod
832 2469 917 2495 non
946 2457 1102 2498 notavit
1130 2457 1369 2507 Passovius,
1403 2472 1467 2496 ren

120 2533 212 2582 gula
244 2533 320 2572 ista
351 2534 406 2573 sic
441 2542 550 2574 certa
580 2543 659 2583 est,
691 2544 735 2575 ut
766 2536 837 2588 qui
867 2535 1003 2575 fictum
1032 2548 1182 2576 nomen
1213 2535 1399 2587 posuerit·
1426 2535 1463 2571 in

123 2608 367 2649 carminibus
403 2612 495 2661 suis,
526 2614 603 2651 tale
632 2611 857 2653 censendus
891 2613 942 2653 sit
965 2614 1128 2664 elegisse
1165 2611 1273 2664 quod
1305 2611 1467 2663 quanti¹
