1721 2953
463 149 606 190 LIBR.
636 148 687 187 II.
744 146 902 188 ELEG.
931 150 1002 189 ΙΙΙ.
1313 157 1393 193 243

8 308 9 311 Ἴ
54 267 180 307 Crcssn.
207 263 340 300 Verrin.
367 263 408 303 V,
433 264 490 295 65.
540 260 615 293 Alia
656 257 760 291 multa
794 257 939 292 afferunt
974 262 1030 303 qui
1075 260 1174 295 hodie
1200 262 1242 295 de
1273 264 1396 297 talibus

4 320 5 350 l
53 332 216 365 scribunt.
263 327 504 372 Imperfectum
530 330 564 359 et
588 325 967 368 plusquamperfectum
992 328 1168 371 coniungit
1204 330 1391 365 PROPERT.

4 394 9 438 j
53 397 82 438 1,
108 400 162 437 17,
188 398 244 429 21.
270 397 327 427 22.
359 393 403 434 II,
426 395 479 434 13,
506 395 563 425 50.
588 410 634 415 —
662 392 753 424 ille.
803 390 882 424 Non
906 392 978 426 sine
1001 393 1034 426 vi
1060 398 1110 426 est
1136 405 1318 438 pronomen
1344 398 1393 432 sic

2 467 5 481 ³
54 462 198 506 positum
224 460 257 492 in
282 458 445 502 apodosi‚
481 456 524 490 cf.
551 455 593 489 ad
617 456 645 497 Ι,
671 457 702 496 4,
733 457 789 488 68.
826 459 860 488 et
885 456 961 490 vide
987 457 1073 490 infra
1104 459 1148 501 II,
1178 462 1211 501 4,
1237 463 1293 494 36.
1331 462 1393 504 111,

4 519 5 541 3
52 528 86 567 2,
111 528 144 557 2.
182 525 242 566 IV,
269 526 324 565 13,
349 525 383 556 8.
431 521 478 554 Et
502 531 590 554 nunc
625 519 762 562 quidem
799 519 1032 556 affirmationis
1065 524 1132 558 vim
1164 525 1321 568 adiuvat,
1360 528 1393 560 in

58 589 202 622 laudatis
248 599 330 621 vero
374 589 458 621 locis
502 586 746 628 hortationem,
793 588 1079 632 exsecrationem,
1128 593 1312 633 querelam.
1349 613 1395 618 —

53 656 96 689 V.
122 657 168 688 27
197 665 246 697 sq.
295 654 434 687 Delos
459 652 533 686 ubi
568 662 681 685 nunc
706 655 781 684 tua
806 652 904 686 est?
954 655 1072 687 Genus
1099 655 1230 691 dicendi
1259 660 1397 694 notissiu

53 732 143 755 mum
169 722 202 754 in
228 720 492 764 exprobratione
513 723 573 752 aut
597 718 767 752 desiderio
793 717 873 750 boni
899 720 1025 753 amissi.
1076 722 1210 756 Laudat
1234 725 1394 758 Siamus

53 786 170 830 Eurip.
194 786 368 820 Phoeniss.
392 789 494 827 1682,
519 785 576 818 ubi
604 784 679 817 vide
705 785 1010 820 VAchssNAmmr.
1062 787 1273 824 Huscnxms
1300 793 1396 835 Virg.

55 856 139 887 Aen.
167 854 207 895 V,
236 856 315 886 391.
350 857 534 896 comparat.
593 851 689 886 Adde
725 852 859 896 copiam
900 854 1134 896 exemplorum
1172 866 1226 900 ap.
1263 856 1395 893 Hssms.

4 907 6 915 ’
53 919 94 951 nd
124 919 222 952 Ovid.
250 918 387 951 Heroid.
413 918 473 960 IV,
498 920 578 951 150.
630 916 708 949 Non
736 920 851 948 autem
882 915 935 950 hic
960 928 1036 951 cum
1063 919 1171 953 ironia
1197 920 1298 964 dicit,
1334 923 1396 956 sed

54 985 231 1017 miserans.
281 985 494 1026 Quamquam
526 983 615 1015 enim
644 982 759 1015 laudat
784 983 960 1016 consilium
987 985 1151 1028 Apollinis
1185 997 1247 1030 pro
1281 998 1397 1023 amore

4 1062 5 1067 ¹
56 1051 168 1084 omnia
201 1051 398 1091 tolerantis,
437 1051 526 1094 ipsas
562 1050 713 1091 singulas
749 1059 824 1089 reS,
864 1060 949 1091 quas
975 1061 1095 1093 passus
1127 1055 1180 1085 est
1204 1054 1398 1096 praeclarus

4 1114 6 1162 J
56 1116 159 1158 deus,
194 1127 261 1149 non
286 1117 397 1159 potuit
421 1127 486 1149 non
512 1116 672 1148 flebiliter
698 1125 847 1149 narrare.
906 1115 1022 1149 Habet
1047 1118 1152 1160 igitur
1177 1118 1319 1153 formula
1344 1119 1398 1153 hic

55 1183 198 1215 alterum
223 1193 381 1223 sensum,
416 1186 453 1215 ut
484 1183 592 1216 Ovm.
620 1181 761 1214 Heroid.
789 1182 850 1222 IV,
878 1184 956 1216 150.
982 1201 1027 1206 —
1064 1184 1283 1228 Delphica
1315 1187 1396 1228 Py-

55 1249 150 1291 tho,
176 1260 251 1282 cum
275 1250 437 1292 templum
463 1248 543 1281 illud
570 1248 707 1292 proprie
730 1246 855 1290 Pytho,
881 1244 903 1292 ἦ
923 1247 1050 1289 Πυθώ,
1077 1251 1258 1287 diceretur.
1309 1255 1397 1288 Vide

4 1321 7 1326 '
55 1315 345 1348 adumbrationem
381 1313 588 1358 Delphorum
624 1325 644 1347 a
682 1315 868 1347 Mt'inmmo
904 1315 1027 1349 factam
1060 1318 1093 1349 in
1127 1319 1291 1352 Pmmm
1323 1321 1400 1354 edi-

4 1381 5 1421 ]
56 1383 148 1416 tione
173 1386 298 1415 nostra.
327 1399 373 1404 —-
412 1381 590 1423 Nempe.
642 1380 770 1412 Confer
801 1380 843 1412 ad
868 1380 895 1421 Ι,
921 1384 955 1422 2,
982 1385 1039 1414 59.
1089 1383 1166 1416 Hoc
1200 1385 1275 1418 Ioco
1311 1377 1399 1430 ἦθος

55 1448 200 1481 dolentis
234 1448 323 1480 inest
358 1457 401 1480 ex
433 1447 568 1479 insolita
603 1456 649 1479 re.
676 1465 722 1470 —
765 1457 886 1487 casa,
923 1448 1119 1490 pastoritia,
1158 1450 1201 1483 cf.
1230 1452 1327 1485 voss.
1354 1455 1397 1486 ad

5 1532 8 1551 ς
59 1515 155 1556 virg.
183 1513 304 1555 Eclog.
331 1513 358 1554 Ι,
384 1515 441 1545 79.
478 1511 525 1552 II,
547 1513 606 1544 29.
665 1510 826 1543 Ceterum
863 1511 952 1545 conf.
990 1513 1098 1545 ΟΠ».
1134 1515 1208 1549 Art.
1244 1519 1318 1550 Am.
1357 1519 1398 1559 11,

5 1608 7 1624 ξ
53 1584 142 1614 240:
191 1579 366 1623 Cynthius
400 1578 546 1612 Admeti
582 1564 708 1609 vaccas
738 1576 881 1620 pavisse
914 1577 1095 1611 Pheraeos
1130 1582 1261 1614 Fertur
1293 1589 1329 1614 et
1362 1596 1399 1616 1η

5 1657 7 1682 ;
49 1657 168 1690 parva
193 1644 373 1676 delituisse
399 1655 494 1675 casa.
522 1661 565 1666 —
599 1643 642 1675 V.
668 1644 713 1673 29
740 1652 813 1682 sqq.
863 1641 1047 1675 Felices
1074 1645 1182 1678 olim
1207 1647 1278 1680 scil.
1306 1658 1398 1681 mor-

5 1699 7 1733 ’ἶ
55 1714 152 1746 tales.
202 1713 254 1745 De
280 1711 424 1744 formula
449 1711 772 1742 WUNnssRmcfflth
805 1713 977 1751 comparat
1011 1710 1111 1744 Orid.
1137 1712 1278 1747 Heroid.
1305 1715 1400 1757 XIX,

5 1788 7 1823 j
58 1782 137 1812 lll.
157 1797 199 1803 —
225 1776 391 1812 Veneri
416 1775 608 1814 servire,
635 1772 762 1805 locutio
788 1772 891 1806 etiam
916 1773 998 1806 alias
1024 1775 1122 1808 obvia
1150 1781 1185 1810 ut
1209 1778 1269 1819 IV,
1288 1783 1321 1820 5,
1346 1782 1400 1821 13,

61 1846 139 1878 coll.
163 1844 397 1877 Mirscmmr„
423 1841 466 1874 ad
488 1840 608 1873 Horat.
635 1840 663 1880 I,
688 1841 745 1880 33,
769 1849 802 1882 p.
828 1841 929 1881 301„
954 1850 1042 1873 nunc
1068 1853 1144 1875 cum
1170 1850 1329 1887 respectu
1355 1847 1398 1879 ad

6 1928 7 1959 ᾗ
57 1910 232 1944 servitium
259 1907 425 1951 Apollinis
450 1906 552 1947 dicta,
580 1904 748 1947 significat
772 1902 844 1937 hic:
872 1915 936 1948 pro
960 1916 1076 1940 amore
1102 1908 1226 1951 facere,
1253 1912 1399 1946 tolerare

56 1977 179 2011 omnia.
228 1975 440 2018 Magnopere
466 1973 553 2005 enim
580 1974 670 2004 errat
696 1971 976 2004 Brzoucxnusms
1004 1972 1046 2005 de
1071 1975 1255 2008 concubitu
1280 1983 1399 2020 aperto

57 2045 230 2087 cogitans,
260 2052 347 2085 quae
373 2051 426 2074 res
451 2040 493 2072 ab
520 2038 584 2072 hoc
610 2048 701 2071 nexu
726 2047 840 2070 rerum
867 2038 966 2081 plane
991 2039 1100 2073 aliena
1126 2045 1179 2074 est
1204 2046 1239 2075 et
1264 2054 1306 2076 ne
1332 2055 1399 2077 uno

57 2109 193 2152 quidem
228 2108 332 2142 verbo
363 2109 566 2150 praeparata
593 2105 625 2138 in
659 2103 950 2138 antecedentibus,
977 2124 1022 2129 —
1065 2110 1300 2151 aeternos,
1335 2111 1400 2144 im-

6 2184 9 2201 ’ν
56 2176 217 2208 mortales
244 2174 327 2207 deos
357 2184 424 2206 non
457 2173 578 2216 puduit
609 2171 650 2205 ad
684 2173 831 2205 infimam
865 2173 1059 2205 mortalium
1084 2174 1312 2210 conditionem
1337 2177 1400 2211 de-

7 2248 9 2283 ξ
57 2240 232 2274 scendere.
257 2258 304 2264 —
345 2239 521 2271 Fabula
554 2247 665 2270 nunc
700 2237 783 2270 ille
818 2240 898 2270 est.
950 2236 1050 2271 Nunc
1083 2239 1212 2272 ridetur
1245 2240 1329 2274 deus
1355 2243 1398 2275 ob

56 2307 124 2339 tale
149 2304 334 2338 servitium.
384 2303 529 2336 Locutio
556 2303 643 2335 lecta
669 2313 769 2345 snpra
801 2302 828 2342 Ι,
852 2303 885 2342 4,
910 2304 966 2335 83.
996 2321 1039 2326 -
1080 2305 1151 2337 cui
1185 2315 1261 2338 sua
1296 2317 1400 2339 cura

55 2370 177 2416 puella
204 2376 279 2406 est,
320 2368 351 2405 h.
378 2379 406 2402 e.
433 2369 488 2410 qui
514 2369 659 2411 puellam
694 2370 804 2407 amat,
843 2367 955 2398 omnia
981 2377 1042 2410 pro
1068 2379 1181 2402 amore
1208 2372 1339 2414 perpeti
1365 2377 1400 2405 et

58 2437 172 2470 fabula
196 2436 245 2469 sic
269 2436 342 2468 fieri
367 2434 505 2474 mavult,
531 2442 632 2474 quain
656 2432 740 2464 deus
761 2441 837 2463 esse
861 2441 927 2463 nou
949 2436 1091 2466 amatus.
1119 2467 1122 2470 ,
1142 2435 1219 2468 Vox
1245 2437 1399 2479 puella

60 2501 233 2545 emphasin
267 2500 368 2534 habet
394 2501 543 2533 adiutam
573 2500 694 2542 copula
721 2502 809 2539 est,
848 2498 889 2530 de
916 2510 981 2540 qua
1008 2510 1044 2532 re
1070 2500 1136 2534 vid.
1162 2502 1204 2535 ad
1228 2502 1256 2544 I,
1286 2506 1315 2544 1,
1340 2506 1399 2537 34.

8 2578 10 2609 ξ
61 2568 111 2600 De
137 2568 258 2600 ceteris
283 2567 494 2600 Hostem-:ms
522 2567 654 2600 confert
677 2567 785 2599 Ovrn.
814 2566 897 2600 Met.
920 2567 1013 2608 VIII,
1040 2569 1127 2602 727:
1154 2570 1246 2601 Cura
1267 2570 1321 2613 pii
1346 2569 1400 2603 (lis

8 2637 10 2664 ¹}
60 2639 164 2671 sunl,
208 2638 242 2667 et
279 2635 391 2678 aptius
426 2635 745 2668 WUNDERLICHIUS
785 2633 884 2667 Ovid.
921 2634 1061 2667 Heroid.
1096 2635 1190 2676 XVI,
1225 2637 1289 2668 96:
1333 2634 1402 2667 Sed

945 2705 992 2739 10
1010 2703 1028 2724 '⁴‘
