1721 2953
291 165 472 191 ccxxxvi
821 153 895 195 DE
928 152 1084 198 POESI

290 278 384 305 nem
429 264 605 305 nominis
646 264 688 303 in
730 264 927 317 singulari
969 280 1061 306 cum
1100 266 1229 308 verbo
1270 266 1315 306 in
1358 264 1510 319 plurali
1553 277 1637 304 non

288 339 410 380 video
454 339 563 393 apud
603 339 838 390 Tibullum,
892 354 1016 395 quam
1058 349 1196 382 tamen
1237 340 1473 397 Lygdamus
1514 341 1639 379 habet

286 416 365 465 llI,
396 415 444 465 4,
477 419 525 454 9:
562 415 611 454 Et
640 422 769 455 natum
803 419 839 455 in
868 430 980 456 curas
1009 417 1194 456 hominum
1223 432 1338 468 genus
1367 419 1491 456 omina
1523 417 1638 454 noctis

286 493 406 530 Farre
441 493 502 543 pio
537 492 704 543 placant.
785 490 898 531 Idem
939 491 1210 531 archaismum
1249 493 1327 531 sibi
1369 490 1553 544 permisit
1591 496 1636 528 ut

283 563 448 604 videtur
475 565 547 615 ΙΙΙ,
577 569 615 616 6,
640 568 718 605 55:
747 567 848 605 nobis
876 570 1023 606 inimica
1052 570 1221 616 merenti,
1249 575 1371 620 atque
1403 566 1481 606 alia
1509 564 1638 603 multa

282 641 448 680 insolita
471 641 609 680 habet.
667 641 774 681 D1co
800 650 949 695 pectore
972 645 1086 682 inesse
1107 650 1170 682 tuo
1199 642 1269 693 III,
1292 642 1332 688 4,
1355 642 1431 693 843
1461 642 1639 680 Maereat

279 730 438 766 genero,
498 719 572 755 viro
612 716 693 768 ΙΙΙ,
726 721 775 767 2,
813 717 887 767 143
939 719 1106 756 animam
1150 720 1305 770 precari
1350 715 1452 756 ibid.
1492 731 1532 756 v.
1562 718 1637 764 155

282 794 424 830 niveam
454 793 571 830 lucem
611 792 691 843 III,
720 796 765 840 3,
793 796 872 842 283
911 799 1054 846 myrtea
1091 806 1200 831 coma
1240 791 1318 842 ΙΙΙ,
1347 792 1390 838 4,
1419 794 1497 841 283
1535 790 1643 838 digiti

285 881 370 906 cum
398 881 483 906 voce
515 868 628 906 locuti
659 882 696 908 v.
714 867 781 906 41.
810 866 932 917 ibid„
963 870 1030 907 rite
1060 875 1186 907 castus
1216 882 1254 908 v.
1269 867 1337 906 43.
1367 863 1467 904 ibid.
1497 872 1536 903 et
1554 862 1637 915 ful-

281 945 368 981 serit
393 943 452 981 hic
478 945 586 982 niveis
606 943 732 982 Delius
756 943 913 983 alitibus.
971 941 1089 982 Adde
1112 949 1324 994 praeterea
1353 955 1457 994 quae
1484 938 1534 978 de
1559 952 1636 978 usu

282 1024 324 1055 et
356 1018 662 1057 constructione
697 1018 995 1058 vocabulorum
1033 1015 1296 1070 quorundam
1333 1013 1442 1067 apud
1473 1012 1638 1067 Lygda-

282 1105 396 1131 mum
430 1091 720 1132 Laehmannus
752 1091 913 1132 monuit
947 1093 990 1130 in
1030 1092 1298 1131 annotatione
1339 1090 1574 1142 praeclara,
1614 1104 1636 1128 a

282 1168 403 1207 nobis
444 1167 618 1220 repetita
653 1167 696 1206 in
739 1168 875 1207 fronte
914 1167 1010 1207 libri
1053 1167 1177 1207 tertii·
1242 1168 1378 1219 Atque
1411 1167 1512 1204 haec
1543 1164 1637 1219 qui-

283 1243 377 1283 dem
423 1242 472 1283 de
516 1244 595 1283 his.
677 1243 892 1282 Postremo
942 1242 1229 1282 collocationes
1274 1243 1498 1282 verborum
1540 1238 1635 1282 vide

282 1318 485 1358 notabiles
508 1316 620 1371 apud
641 1318 874 1367 Tibullum,
905 1325 1085 1357 ceterum
1109 1331 1194 1357 uon
1215 1316 1501 1371 infrequentes
1523 1314 1633 1368 apud

282 1394 523 1446 scriptores,
562 1393 595 1443 I,
626 1396 663 1441 9,
694 1396 763 1432 25.
805 1393 855 1442 ΙΙ,
887 1396 925 1441 3,
959 1393 1023 1431 14.
1090 1392 1212 1431 Tales
1244 1399 1340 1430 sunt
1371 1391 1493 1431 etiam
1525 1390 1636 1443 apud

282 1469 541 1524 Lygdamum
571 1469 643 1517 ΙΙΙ,
672 1469 710 1518 4,
738 1469 805 1508 49.
847 1472 884 1517 6,
912 1473 949 1507 3.
983 1476 1023 1506 et
1049 1468 1093 1506 in
1123 1468 1202 1508 hoc
1235 1472 1271 1518 6,
1295 1471 1365 1507 25.
1395 1469 1547 1522 illaque,
1585 1471 1636 1507 si-

284 1560 363 1599 qua
399 1553 474 1594 est,
518 1545 619 1598 Quid
655 1545 775 1583 valeat
812 1545 906 1582 laesi
937 1546 1069 1582 sentiat
1106 1545 1167 1581 ira
1203 1543 1283 1592 dei,
1335 1556 1458 1595 quem
1497 1543 1635 1581 locum

284 1619 454 1660 omnino
497 1620 626 1658 affero
668 1626 840 1670 propter
880 1617 1170 1657 obscuritatem
1217 1630 1301 1656 non
1343 1617 1635 1667 Tibullianam,

284 1703 329 1733 ut
357 1696 477 1734 etiam
504 1694 691 1745 ambigue
717 1692 822 1732 dicta
845 1694 973 1732 multa
997 1693 1133 1732 habet.
1191 1692 1351 1732 Verum
1372 1692 1473 1732 haec
1497 1693 1636 1731 hacte-

283 1782 387 1821 nus3
426 1767 625 1821 perducta
655 1782 721 1808 res
752 1782 801 1808 eo
833 1775 914 1817 est,
962 1775 1007 1806 ut
1041 1781 1152 1807 nunc
1181 1767 1316 1820 posita
1344 1767 1388 1806 in
1420 1781 1504 1807 uno
1535 1781 1634 1807 con-

283 1853 425 1897 spectu
456 1845 606 1883 habeat
636 1845 786 1894 lector,
825 1857 930 1897 quae
959 1843 1025 1882 hic
1055 1842 1197 1882 afferri
1227 1841 1446 1883 debebant.
1504 1842 1633 1883 Vides

283 1920 405 1958 etiam
445 1918 556 1971 apud
594 1919 808 1957 Tibullum
847 1918 1026 1956 rariores
1068 1916 1266 1970 quasdam
1306 1918 1634 1958 constructiones

284 2008 393 2045 esse,
435 2001 479 2032 ut
510 1992 626 2032 facile
655 1993 699 2032 fit
729 1991 839 2044 apud
869 2005 960 2040 eos,
1001 1992 1073 2045 qui
1101 1993 1313 2043 ingenium
1343 1993 1519 2043 habent3
1562 1993 1633 2033 sed

282 2069 387 2108 nihil
414 2077 473 2107 est
497 2068 645 2106 harum
671 2080 811 2106 rerum
837 2065 1031 2106 audacius
1059 2075 1098 2105 et
1122 2067 1228 2107 iusto
1258 2067 1420 2119 longius
1445 2067 1632 2120 petitum,

283 2152 354 2183 aut
391 2145 688 2183 obscurum-et
722 2150 977 2193 contortum,
1021 2142 1125 2181 nihil
1155 2142 1267 2196 quod
1297 2157 1441 2184 revera
1470 2143 1633 2184 recedat

283 2221 334 2258 ab
361 2219 431 2258 illa
459 2227 565 2258 tersa
596 2217 789 2270 puritate,
821 2218 1077 2269 simplicitate
1105 2226 1145 2257 et
1173 2218 1477 2270 perspicuitate,
1507 2233 1630 2272 quam

282 2308 445 2347 semper
486 2291 709 2332 laudarunt
747 2293 788 2331 in
826 2292 1016 2343 Tibullo3
1065 2293 1166 2332 nitet
1205 2293 1360 2346 ubique
1398 2293 1632 2332 inaffectata

282 2368 503 2421 elegantia,
544 2376 582 2408 et
618 2367 874 2419 agnoscilnus
913 2375 1120 2409 versatum
1157 2367 1372 2417 artificem,
1416 2367 1489 2421 qui
1523 2381 1630 2420 quae

281 2445 406 2486 sentit
440 2458 585 2494 magua
616 2456 707 2481 cum
738 2442 931 2482 facilitate
962 2443 1171 2496 eloquitur
1200 2451 1331 2492 recte,
1373 2442 1502 2492 clare,
1537 2443 1630 2495 pul-

283 2521 402 2568 chre,
446 2526 485 2557 et
528 2531 620 2556 vere
664 2517 852 2557 classicus
892 2517 971 2558 dici
1009 2526 1200 2559 meretur.
1261 2515 1375 2566 Quae
1414 2518 1502 2557 laus
1544 2530 1629 2557 nou

285 2603 417 2647 potest
455 2592 579 2633 tribui
611 2592 835 2643 Lygdamo.
