1721 2953
491 137 635 179 LlBR.
665 137 718 178 11.
776 136 937 179 ELEG.
967 140 1038 181 ΙΙΙ.
1339 144 1422 180 233

439 430 890 479 ELEGIA
992 433 1087 479 III.

559 734 619 775 ΙΝ
622 733 911 784 TRQDUCTI
917 733 968 776 Ο.

84 886 314 944 Dolendum
341 910 393 940 est
418 906 561 949 elegiam
588 917 655 940 non
681 907 830 940 infimam
856 905 944 938 inter
969 903 1098 937 Tibulli
1122 904 1270 938 carmina
1295 903 1432 936 lacunas

89 970 235 1014 habere,
273 983 476 1015 quamquam
513 974 567 1006 vel
602 974 651 1006 sic
683 984 751 1006 non
777 973 923 1007 obscura
948 975 1001 1004 est
1025 971 1098 1004 eius
1121 970 1219 1004 ratio.
1267 969 1441 1009 Nemesis,

88 1039 175 1071 alter
200 1049 295 1072 amor
319 1039 466 1080 Tibulli,
499 1050 576 1073 cum
602 1039 737 1073 homine
762 1040 887 1081 divite,
918 1039 975 1082 qui
1002 1048 1078 1072 cum
1104 1038 1184 1070 olim
1210 1047 1326 1070 servus
1351 1035 1436 1068 fuis-

89 1108 163 1146 set,
199 1104 320 1138 deinde
355 1105 544 1138 libertatem
579 1110 699 1138 nactus
724 1115 865 1147 magnas
891 1114 974 1148 opes
1000 1114 1043 1137 ex
1070 1102 1194 1147 praeda
1219 1102 1342 1134 bellica
1370 1100 1436 1132 sibi

90 1174 290 1214 paraverat,
326 1181 430 1204 verno
467 1171 635 1213 quondam
667 1175 843 1214 tempore,
882 1170 972 1202 circa
1004 1168 1209 1201 ambarvalia
1242 1166 1369 1207 credo,
1406 1165 1439 1196 in

90 1246 192 1278 agros
225 1236 447 1277 discesserat,
481 1239 520 1269 ut
554 1235 586 1268 in
623 1236 710 1268 villis
745 1236 817 1268 eius
852 1238 1018 1267 aestatem
1053 1220 1221 1275 degeret3'
1254 1242 1322 1273 quo
1348 1230 1438 1263 facto

91 1302 249 1336 Tibullus
274 1302 438 1345 adspectu
466 1306 501 1335 et
535 1312 598 1334 usu
632 1303 765 1345 puellae
799 1301 993 1334 carissimae
1027 1300 1177 1343 privatus
1202 1299 1351 1340 graviter
1376 1297 1440 1329 do-

91 1369 153 1402 luit
179 1373 214 1402 et
236 1367 298 1401 hoc
324 1378 459 1402 carmen
485 1368 630 1410 scripsit,
658 1368 852 1400 dedicatum
877 1366 987 1398 amico
1014 1363 1188 1406 Cerintho,
1214 1364 1438 1406 compositum

91 1445 171 1468 vero
210 1433 296 1468 haud
334 1433 436 1467 dubie
477 1433 520 1466 ad
558 1433 732 1467 Nemesim
770 1432 1061 1466 commovendam.
1127 1431 1254 1474 Accipe
1294 1429 1440 1472 singula.

93 1504 250 1538 Querens
284 1501 408 1534 abiisse
442 1501 609 1544 puellam,
647 1500 721 1543 ipse
747 1500 849 1533 etiam
877 1500 909 1531 iu
943 1509 1047 1541 agros
1081 1499 1231 1531 virentes
1256 1507 1442 1540 properare

93 1569 189 1610 vult,
214 1567 271 1600 ubi
296 1566 362 1599 iam
388 1566 505 1600 Venus
531 1569 566 1598 et
591 1565 697 1598 Amor
721 1568 925 1605 versantur,
952 1568 988 1597 et
1011 1564 1146 1597 labores
1171 1564 1316 1596 rusticos
1342 1572 1444 1606 para-

95 1640 150 1670 tus
177 1640 230 1669 est
255 1635 302 1668 ibi
329 1634 417 1667 ferre
438 1635 540 1666 etiam
568 1633 683 1673 duros,
709 1632 738 1664 si
764 1631 865 1664 modo
892 1631 1061 1663 dominam
1086 1631 1136 1663 sic
1159 1630 1333 1673 adspicere
1363 1638 1445 1672 pos-

95 1705 151 1738 sit.
209 1702 297 1735 Nam
330 1701 411 1733 olim
445 1700 547 1733 etiam
582 1699 704 1741 Apollo
738 1699 842 1731 boves
870 1697 1005 1730 Admeti
1032 1697 1122 1740 pavit
1149 1706 1264 1729 amore
1290 1696 1445 1729 devictus

97 1772 132 1802 et
157 1767 200 1800 ad
226 1768 338 1800 infima
363 1765 502 1808 negotia
526 1765 712 1799 descendit.
761 1765 841 1808 Ipse
863 1764 947 1797 deus
975 1773 1096 1796 vaccas
1121 1762 1263 1795 stabulis
1289 1762 1447 1805 expelle—

97 1835 157 1868 bat
180 1844 240 1866 nec
268 1831 491 1865 erubescebat
519 1831 659 1863 vitulum
684 1841 745 1873 per
765 1840 868 1872 agros
892 1829 1005 1862 serens
1030 1829 1205 1869 relictum3
1232 1828 1340 1860 fertur
1365 1837 1448 1860 coa-

100 1900 308 1943 gulationem
344 1896 440 1930 lactis
475 1896 632 1930 docuisse
665 1899 700 1928 et
733 1896 879 1928 fiscellas
914 1894 1080 1928 detexuit.
1131 1893 1205 1926 Nec
1232 1893 1343 1925 cultus
1370 1902 1449 1925 cor-

99 1966 191 2011 poris
215 1964 373 1999 manebat
400 1961 626 2007 pulcherrimo
655 1961 740 2002 deo,
778 1964 812 1993 et
848 1970 910 2003 pro
936 1959 1072 2002 templis
1098 1957 1282 2001 splendidis
1310 1958 1342 1989 in
1368 1967 1449 1990 casa

101 2043 205 2077 parva
231 2030 407 2075 pastoritia
433 2027 617 2061 habitabat.
679 2026 748 2059 Isto
783 2026 871 2059 enim
906 2029 1062 2069 tempore
1098 2024 1187 2057 felici
1224 2023 1306 2070 nihil
1341 2025 1449 2056 maius

101 2108 217 2132 amore
252 2095 461 2135 habebatur,
499 2104 561 2126 uec
597 2093 688 2136 ipsos
724 2092 805 2125 deos
841 2091 990 2135 pudebat
1015 2094 1135 2134 aperte
1161 2090 1285 2123 Veneri
1311 2091 1450 2123 servire.

102 2165 147 2196 At
172 2173 270 2203 nunc,
297 2160 409 2204 pergit
434 2163 545 2203 poeta,
572 2158 718 2191 ferreum
742 2158 914 2190 saeculum
936 2160 998 2197 est,
1024 2167 1087 2189 nee
1113 2167 1208 2189 amor
1233 2156 1294 2190 sed
1322 2156 1448 2200 praeda

105 2227 282 2269 laudatur,
315 2227 394 2259 licet
420 2236 472 2258 res
498 2224 603 2257 multa
629 2223 716 2256 mala
741 2221 875 2256 habeat.
924 2222 1008 2255 Inde
1035 2222 1124 2254 enim
1151 2222 1240 2254 bella
1275 2226 1351 2254 orta
1376 2226 1454 2254 sunt

104 2300 196 2329 terra
222 2293 382 2336 marique.
432 2291 558 2324 Redux
583 2294 696 2324 autem
721 2289 811 2322 domi
838 2289 934 2322 miles
962 2288 1142 2332 praedator
1168 2287 1346 2321 latifundia
1372 2296 1451 2319 coe-

104 2361 165 2394 mit
189 2359 309 2394 ovibus
335 2358 531 2402 pascendis,
558 2357 613 2390 ubi
638 2358 758 2390 melius
790 2355 940 2389 homiues
963 2355 1135 2396 viverent,
1162 2360 1195 2387 et
1221 2355 1254 2387 in
1279 2354 1362 2387 urbe
1389 2353 1452 2386 do-

106 2437 178 2460 mos
214 2436 352 2468 magnas
388 2429 567 2457 exstrueus
606 2423 854 2456 transvectione
891 2431 1050 2454 saxorum
1089 2420 1285 2454 immanium
1323 2420 1454 2452 vicinos

108 2498 214 2526 terret
241 2504 282 2526 ne
308 2495 487 2532 corruant,
511 2500 604 2523 mare
629 2494 743 2522 autem
768 2489 914 2522 molibus
940 2492 1073 2532 septum
1102 2488 1212 2531 pisces
1234 2496 1370 2521 servare
1395 2496 1457 2519 co-

109 2559 200 2598 gitur
226 2558 336 2600 gulae.
388 2558 500 2600 Atque
535 2555 636 2589 etiam
668 2554 824 2597 puellae,
861 2551 970 2594 eheu,
1006 2557 1126 2597 captae
1161 2556 1239 2586 sunt
1266 2552 1398 2585 luxuria
1421 2555 1456 2584 et

111 2636 193 2669 opes
222 2626 334 2658 Venus
359 2625 462 2669 cupit.
512 2622 586 2656 Mc
622 2621 778 2655 Nemesis
811 2630 886 2655 nica
919 2619 1148 2663 frugalitatem
1184 2623 1274 2653 amat
1309 2621 1342 2651 et
1378 2616 1461 2649 sim-
