1721 2953
265 141 345 179 424
576 136 948 179 COMMENTAP..
976 140 1033 178 ΙΝ
1066 139 1293 179 'rlssULLl

267 254 332 288 boc
357 265 479 288 nomen
504 253 662 289 incidisse
689 257 836 299 poetam.
861 274 905 281 --
946 255 1177 289 Meleteas
1203 253 1404 297 chartas,
1429 254 1613 289 Homerica

267 322 426 355 carmina.
477 321 562 354 Nam
598 320 746 353 chartae
779 325 857 354 sunt
890 321 1037 364 scripta,
1075 321 1146 353 sive
1180 321 1318 364 poetica
1350 322 1423 354 sive
1447 321 1614 364 prosaica,

268 386 310 419 cf.
335 398 437 430 snpra
460 397 491 421 v,
511 390 545 420 5.
572 387 657 420 infra
680 398 714 420 v.
735 389 817 421 211.
853 388 1038 420 Minium„
1064 387 1126 428 Xl,
1151 390 1185 429 3,
1211 391 1252 421 7:
1275 398 1432 432 pangere
1458 386 1614 420 chartas.

269 457 314 487 At
347 452 455 486 meles
481 454 602 487 fluvius
629 453 692 487 fuit
719 454 835 487 urbem
864 455 1044 497 Smyrnam
1070 455 1211 488 alluens.
1246 454 1352 488 PmN.
1380 454 1421 494 V,
1446 455 1510 485 29:
1545 453 1616 482 Re-

266 517 506 564 gredientibas
541 520 623 552 inde
658 519 758 553 abest
790 522 881 555 XII.
918 521 1004 555 mill.
1034 534 1131 565 pass.
1169 519 1215 552 ab
1249 519 1430 553 Amazone
1463 517 1616 553 condita,

268 582 440 615 restituta
465 582 510 615 ab
534 584 761 622 Alexandro,
796 585 835 618 in
867 597 930 619 ora
965 587 1133 630 Zmyrne,
1170 597 1270 618 amne
1296 585 1424 617 Melete
1461 583 1616 615 transiens

1455 610 1476 629 b

268 662 337 682 mm
370 651 498 695 procul
530 659 619 686 orto.
682 653 735 687 Ad
770 652 858 688 hunc
886 654 1066 687 How-:uns
1102 657 1201 686 natus
1235 653 1408 686 ferebatur
1443 653 1617 696 ipsiusque

270 718 416 751 fluminis
443 719 552 760 filius,
581 720 624 753 cs.
652 720 731 753 Vita
758 720 904 754 Homeri.
931 721 973 753 ll.
1002 732 1033 764 p.
1059 722 1092 754 2.
1120 720 1174 753 ed.
1200 719 1462 762 Wassenbergh.
1489 720 1522 752 in
1550 720 1618 752 Pa-

269 783 382 825 ravhr.
407 785 450 818 ad
475 785 595 819 Iliad.:
627 780 786 832 <Όμηρος·
810 788 868 825 μὲν
888 784 1032 831 ποιητὴς
1058 783 1188 831 araquio
1207 788 1266 824 μὲν
1292 778 1332 830 ἢν
1357 787 1526 830 Illihsrog,
1552 799 1618 829 μ’]-

270 847 351 895 ἰρῦς
376 851 413 882 δὲ
438 853 655 900 Ιζριθηΐδος)
690 850 730 885 τι)
755 856 849 895 γένος
882 852 970 887 και-α1
996 856 1053 893 μὲν
1078 855 1257 898 Πίνδαρον
1280 855 1496 896 Σμυρναῖος,
1531 848 1617 882 nrm}

271 918 458 961 Σιμωνίδην
498 920 595 955 Χῖος.
657 919 746 953 vide
790 921 886 963 plura
926 931 980 964 ap.
1021 920 1330 952 Bnoucxfflusmn
1357 922 1392 951 et
1437 919 1617 956 memm,

273 983 459 1017 Hmnsmm
484 984 527 1017 ad
561 985 660 1018 Ovid.
689 986 773 1020 Met.
801 987 843 1028 ΙΙ,
868 989 949 1021 247.
983 991 1016 1020 et
1052 987 1196 1020 Bima.
1221 985 1263 1018 ad
1289 986 1378 1018 Stat.
1406 985 1490 1017 Silv.
1516 984 1560 1024 ll,
1584 986 1618 1024 3,

271 1051 329 1081 60.
378 1050 477 1084 Quae
502 1050 569 1083 iam
595 1050 766 1084 Hmmus
793 1051 952 1085 laudavit.
979 1070 1024 1075 —
1068 1053 1210 1084 Posse
1246 1069 1289 1074 —
1326 1061 1407 1083 nec
1441 1049 1619 1082 mallem

275 1114 466 1149 vincere.
516 1115 728 1150 Huscnxms
750 1128 906 1161 pangere
933 1117 1082 1157 coniicit,
1108 1117 1214 1149 veluti
1233 1116 1441 1149 Mam-mnis
1462 1114 1542 1147 dicit
1558 1113 1621 1154 XI,

275 1181 308 1220 3,
330 1184 374 1221 7.,
399 1191 442 1213 ne
467 1182 597 1214 scilicet
623 1182 856 1215 immodestius
883 1183 1041 1224 loquatur
1067 1187 1179 1226 poeta.
1229 1183 1391 1224 Vossius,
1416 1193 1490 1215 cum
1517 1182 1620 1223 vulgo

275 1243 412 1277 mittere
446 1247 490 1280 sit
524 1247 557 1280 in
584 1247 698 1290 libris,
733 1247 891 1279 emittere
923 1248 1081 1291 scripsit,
1115 1247 1206 1290 quod
1232 1250 1303 1281 vult
1330 1259 1406 1280 esse
1432 1258 1480 1290 pr.
1509 1246 1623 1287 edere,

275 1322 341 1345 nou
375 1312 492 1347 videns
526 1324 644 1357 parum
678 1315 848 1357 poeticum
875 1325 912 1348 se
937 1314 1074 1348 verbum
1109 1314 1274 1347 intulisse.
1333 1314 1387 1346 Tu
1414 1313 1517 1355 igitur
1543 1315 1622 1344 tene

275 1376 424 1413 vincere,
472 1380 633 1413 Vossxmt
658 1384 796 1413 secutus
830 1384 882 1412 est
915 1380 1090 1412 Bicnms.
1116 1398 1162 1403 —-
1208 1380 1246 1412 V.
1272 1382 1339 1411 201
1368 1390 1439 1421 sqq.
1491 1378 1621 1413 Quodsi

279 1453 395 1476 versus
421 1454 516 1476 meos
543 1445 604 1476 tibi
634 1455 699 1477 non
732 1445 885 1486 ingratos
912 1455 987 1476 esse
1014 1454 1230 1485 cognovero,
1265 1444 1357 1476 nulla
1381 1443 1537 1476 fortunae
1562 1443 1624 1474 iui-

279 1508 390 1550 quitas
427 1520 482 1542 me
520 1520 540 1542 a
577 1511 735 1543 canendis
773 1510 928 1543 laudibus
967 1512 1033 1543 tuis
1073 1521 1216 1544 avocare
1257 1511 1393 1553 poterit.
1459 1510 1626 1543 Versus

280 1578 455 1616 noster,
489 1576 667 1609 collective
706 1587 755 1619 pr.
793 1587 927 1608 carmen
962 1586 1085 1608 meum.
1111 1593 1157 1598 —-
1197 1578 1380 1606 totusve
1416 1574 1624 1607 minusve.

279 1640 404 1673 Putida
429 1640 611 1673 distinctio.
662 1641 788 1674 Verum
816 1640 1027 1673 Hoscflxms
1060 1640 1163 1672 etiam
1188 1639 1378 1672 barbariem
1403 1639 1566 1671 orationis
1590 1650 1627 1671 se

281 1704 334 1739 bic
356 1705 471 1739 videre
499 1707 641 1747 clamat,
665 1706 698 1738 in
724 1715 791 1747 quo
818 1709 929 1737 tamen
957 1704 1091 1737 fallitur.
1142 1705 1288 1737 Sensus:
1316 1708 1450 1737 totusve
1476 1705 1626 1737 minorve

282 1781 360 1815 pars
385 1775 477 1814 toto,
509 1771 539 1804 h.
563 1783 591 1804 e.
618 1772 689 1805 sive
716 1775 826 1804 totum
853 1782 989 1804 carmen
1016 1772 1087 1804 sive
1120 1782 1197 1814 pars
1224 1771 1316 1812 eius,
1349 1771 1382 1804 in
1407 1771 1627 1814 sequentibus

282 1842 396 1871 autem
423 1839 632 1872 constructio
657 1839 699 1871 ad
728 1839 841 1882 potins
867 1848 985 1879 genus,
1010 1837 1054 1870 ad
1079 1838 1300 1871 masculinum
1326 1837 1424 1870 redit.
1449 1856 1496 1861 —
1521 1847 1628 1870 sum-

283 1916 345 1938 mo
370 1907 438 1939 vel
466 1907 642 1939 inerret
666 1907 708 1939 in
743 1916 838 1946 ore,
873 1905 959 1938 bene
985 1905 1112 1938 dictum
1139 1916 1189 1949 pr.
1216 1905 1245 1938 si
1270 1905 1391 1938 saltem
1416 1905 1498 1938 levis
1523 1906 1628 1937 inter·

283 1972 363 2005 (lum
388 1974 514 2006 mentio
541 1973 612 2006 eius
634 1983 653 2005 a
679 1977 712 2005 te
737 1973 796 2005 fiat
821 1982 897 2004 cum
922 1971 1029 2005 laude.
1081 1972 1266 2015 Comparat
1291 1971 1504 2004 Huscnxms
1530 1971 1628 2003 locu—

284 2040 409 2071 tionem
443 2037 479 2070 in
514 2050 571 2070 ore
604 2036 729 2069 habere
763 2038 908 2080 (CICER.
934 2040 1004 2071 Off·
1030 2039 1090 2079 Ul,
1117 2039 1216 2080 21.)‚
1254 2033 1312 2070 Aa}
1339 2032 1509 2075 στόματος
1534 2035 1628 2076 {stus

284 2102 446 2136 BAcnlus
472 2103 566 2145 Virg.
589 2103 656 2136 Cir.
683 2106 772 2136 357:
801 2115 910 2135 sermo
932 2115 1045 2135 novus
1065 2109 1163 2135 erra!
1184 2104 1230 2138 in}
1242 2114 1309 2136 ore.
1330 2121 1375 2127 --
1402 2102 1442 2135 V.
1465 2103 1535 2133 204
1555 2111 1627 2143 sqq.

287 2169 496 2203 Coniunctae
524 2170 709 2212 particulae
734 2174 836 2203 tunc
856 2189 901 2195 —
923 2181 1014 2204 cum
1041 2171 1141 2203 etiam
1167 2173 1348 2213 propterea
1375 2169 1522 2212 placent,
1549 2168 1627 2210 quia

286 2245 429 2277 surgens
461 2235 569 2268 oratio
596 2232 706 2277 pergit
733 2236 775 2269 ad
810 2236 902 2269 aliud
937 2236 1039 2278 idque
1065 2237 1132 2269 tale
1166 2240 1322 2279 tempus,
1359 2234 1401 2268 de
1430 2245 1497 2276 quo
1527 2235 1628 2276 vulgo

288 2301 368 2333 talia
402 2309 468 2333 non
508 2304 696 2343 exspectes.
758 2302 965 2334 Coniunctas
1005 2301 1115 2333 vidisti
1155 2301 1257 2334 etiam
1295 2310 1398 2343 supra
1434 2299 1496 2340 111,
1529 2302 1563 2336 3,
1598 2302 1630 2330 9.

289 2365 507 2398 Constructio
540 2370 651 2398 autem
687 2367 792 2399 totius
826 2367 892 2399 loci
928 2367 1041 2410 paullo
1076 2367 1288 2399 artificiosior
1313 2364 1395 2398 haec
1421 2368 1495 2397 est:
1541 2363 1632 2397 Quin

289 2431 390 2464 etiam
426 2429 475 2463 his
507 2431 638 2463 ossibus
675 2435 765 2464 terra
799 2431 943 2465 conditis
978 2437 1109 2473 tamen,
1147 2433 1218 2465 sive
1245 2442 1353 2474 equus
1378 2432 1449 2464 sive
1475 2430 1535 2462 bos
1560 2431 1631 2463 sive

289 2497 360 2531 avis
385 2496 524 2537 fuerim,
559 2497 693 2539 quando
722 2509 763 2531 ex
791 2497 852 2532 hac
884 2499 1086 2542 migratione
1113 2499 1144 2531 in
1179 2497 1356 2531 humanam
1389 2499 1542 2528 naturam
1578 2505 1632 2527 re-

291 2562 406 2604 diero,
442 2563 646 2595 continuabo
673 2564 843 2606 inceptum
868 2564 901 2596 in
929 2565 1039 2608 priore
1065 2565 1132 2597 vita
1162 2573 1260 2606 opus.
1310 2561 1361 2593 De
1388 2559 1556 2592 sententia
1582 2560 1634 2590 vi-

292 2629 351 2662 ‹les
386 2630 457 2672 ipse
489 2629 569 2671 quid
604 2628 818 2663 iudicandum
851 2630 913 2671 sit3
953 2635 1003 2663 est
1039 2635 1072 2662 ut
1109 2628 1173 2661 alia
1206 2627 1310 2660 multa
1336 2625 1367 2658 in
1394 2624 1457 2658 hoc
1484 2623 1631 2657 carmine
