1721 2953
280 134 344 181 98
612 131 711 176 '1¹1ss
745 130 853 175 vssLLI
901 129 1009 174 Llss.
1042 129 1110 175 lv.
1144 135 1197 172 14.
1229 139 1283 173 15.

357 257 479 302 Latet
516 256 685 302 iacente
719 253 893 317 pantice
931 252 1109 299 abditus
1140 269 1299 316 specus

360 344 572 404 Vagaque
609 338 721 404 pelle
759 350 898 385 tectus
936 357 1085 385 annuo
1122 337 1223 400 gelu

304 427 620 473 :ioArancosus
658 424 833 472 obsidet
864 425 981 471 fores
1019 425 1141 471 situs.

354 512 456 558 Tibi
487 511 596 557 haec
633 522 840 575 paratur,
883 522 930 556 ut
966 522 1089 556 tuum
1126 521 1193 555 ter
1230 519 1304 554 aut
1340 519 1496 572 quau-1·

350 600 487 644 voret
518 596 748 661 profunda
782 596 904 642 fossa
938 595 1160 642 lubricum
1199 605 1341 658 capul.

354 682 527 729 Licebit
563 700 694 745 aeger
729 699 873 743 angue
905 680 1066 727 lentior
1101 680 1260 735 cubes,

352 768 529 814 Tereris
564 786 728 832 usque,
777 767 919 813 donec
951 766 1007 812 ah
1042 765 1177 811 miser
1205 763 1340 810 miser

300 852 628 917 35Triplexque
666 852 1034 917 quadruplexque
1073 848 1296 914 compleas
1332 866 1524 913 specum.

356 939 579 1004 Superbia
616 939 695 985 ista
734 938 937 1003 proderit
971 936 1106 993 nihil,
1153 935 1285 982 simul

350 1028 526 1088 Yagum
564 1036 750 1071 sonante
786 1023 991 1070 merseris
1029 1033 1163 1087 caput
1197 1020 1301 1067 luto.

355 1110 480 1173 Quid
516 1123 602 1167 est,
649 1111 800 1156 iners?
850 1109 1029 1173 pigetne
1060 1105 1371 1153 lentitudinis?

350 1196 521 1243 Licebit
558 1196 642 1242 hoc
674 1194 841 1241 inultus
876 1194 1052 1241 auferas
1091 1192 1248 1239 semel:

297 1293 344 1328 40
358 1282 448 1329 Sed
480 1281 551 1327 ille
589 1300 688 1328 cum
720 1280 884 1326 redibit
921 1297 1080 1326 aureus
1111 1296 1247 1343 puer,

352 1366 495 1414 Simul
527 1378 712 1412 sonante
747 1365 938 1412 senseris
973 1365 1057 1410 iter
1092 1363 1230 1427 pede,

350 1452 539 1515 Rigente
577 1469 737 1497 nervus
774 1450 958 1496 excubet
992 1447 1195 1494 lubidine

352 1538 407 1584 Et
442 1537 667 1602 inquietus
702 1535 889 1598 inguina
920 1534 1087 1597 arrigat
1116 1545 1265 1580 tumor

348 1624 502 1687 Neque
537 1622 721 1669 incitare
758 1632 897 1668 cesset
930 1638 1072 1684 usque
1104 1618 1213 1664 dum
1248 1616 1356 1664 mihi

300 1712 507 1755 45Yenus
542 1708 689 1753 iocosa
723 1705 854 1753 molle
890 1705 1062 1770 ruperit
1094 1703 1222 1750 latus.

574 1923 946 1973 DOMITII
1013 1920 1311 1971 MARSI.

678 2047 1051 2088 CARMEN
1119 2048 1215 2087 XV.

321 2130 420 2218 Te
451 2189 628 2237 quoque
651 2170 839 2235 Virgilio
877 2171 1080 2218 comitem
1110 2190 1202 2217 non
1239 2189 1393 2234 aequa,
1429 2169 1617 2225 Tibulle,

392 2258 517 2303 Mors
552 2258 754 2304 iuvenem
792 2275 972 2321 campos
1007 2257 1126 2303 misit
1163 2256 1220 2303 ad
1254 2256 1453 2323 Elysios,

328 2344 393 2390 Ne
430 2344 566 2400 foret,
616 2355 690 2390 aut
727 2342 860 2406 elegis
896 2342 1051 2390 molles
1084 2343 1160 2408 qui
1190 2343 1314 2389 sserct
1346 2359 1517 2389 amores

397 2429 487 2474 Aut
520 2441 695 2477 caneret
729 2429 834 2476 forti
869 2430 992 2493 regia
1026 2429 1143 2477 bella
1178 2429 1302 2494 pede.

717 2556 1163 2577 »ψ’
