1721 2953
281 159 362 195 422
597 151 966 195 COMMENTAR.
996 155 1055 194 IN
1087 155 1316 194 TfflULLI

282 267 429 300 maxima
468 269 564 309 parte
598 266 765 299 avitorum
804 265 969 301 bonorum
1005 271 1129 301 exutus
1166 268 1316 310 videtur,
1356 271 1392 301 ut
1424 267 1490 301 iarn
1526 279 1628 312 supra

281 335 516 365 memoratum.
566 329 644 363 Hae
669 331 784 364 tristes
809 333 948 376 rapinae
980 337 1060 366 sunt
1094 344 1181 376 quae
1211 334 1382 378 deplorari
1414 334 1571 367 videntur
1595 335 1627 368 in

281 396 514 440 sequentibus.
538 413 586 420 —-
621 396 776 429 domus
810 398 920 440 alta,
955 400 1156 441 magnifica,
1192 400 1387 442 niteret,
1423 399 1511 432 bene
1537 400 1628 432 culta

283 471 374 497 esset
404 474 445 497 ac
468 463 665 507 splenderet
691 463 835 506 divitiis,
871 476 937 499 vox
962 468 1099 510 propria
1125 467 1167 499 de
1192 467 1386 510 opulentia,
1422 471 1459 499 ut
1483 466 1627 499 Honm.

282 531 357 563 Sat.
382 529 427 571 II,
452 532 485 571 5,
511 532 565 562 12.
592 530 748 563 laudatus
774 530 816 563 ab
842 531 1105 576 interpretibuse
1131 545 1186 565 res
1212 532 1272 564 ubi
1296 544 1426 578 magna
1450 532 1541 564 nitet
1567 531 1631 565 clo—-

282 595 373 627 mino
397 607 488 629 sene.
539 596 668 629 Contra
701 596 858 640 sordida,
894 598 1071 640 squalida,
1106 599 1261 632 obsoleta
1296 599 1454 643 pauperis
1487 597 1630 631 hominis

281 661 412 695 domus.
462 661 606 696 HORAT.
632 662 698 695 Od.
724 663 769 704 ΙΙ,
797 666 851 705 10,
879 666 920 696 6:
957 665 1062 695 Caret
1086 661 1232 695 obsoleti
1255 662 1416 697 sordibus
1442 663 1548 699 tecti,
1572 664 1631 696 ubi

284 727 632 761 Ml‘rscnssnmcflms
670 728 772 761 etiam
805 727 984 760 sordidam
1019 739 1156 772 parvae
1196 728 1317 761 domas
1346 728 1539 774 fortunam
1577 740 1631 772 ap.

283 793 421 826 SnNssc.
459 793 564 827 Herc.
600 794 664 828 sur.
696 798 778 829 200.
815 801 1001 840 comparat.
1040 814 1082 820 —-
1130 795 1242 828 flavi
1278 796 1416 837 sulci,
1454 796 1631 829 messibus.

284 862 329 893 At
354 860 517 894 ordine
542 861 623 904 quid
648 863 702 903 sit,
728 862 883 905 profecto
909 862 1102 896 obscurum.
1154 863 1438 896 Baoncrfflusms
1465 864 1631 906 explicat:

284 935 347 958 suo
372 929 546 972 tempore,
585 929 670 962 alius
696 933 774 973 post
807 930 930 971 alium,
966 940 1077 973 neque
1103 930 1190 963 enim
1219 940 1335 962 omnes
1361 934 1498 972 segetes
1531 931 1630 963 simul

285 997 526 1028 maturescere.
575 995 645 1028 Sed
678 995 805 1029 inutilis
834 1001 868 1029 et
897 997 1009 1030 ieiuna
1044 997 1120 1029 talis
1152 997 1346 1029 observatio
1381 995 1445 1030 hic.
1503 996 1631 1028 Melius

285 1059 329 1090 sit
353 1059 593 1103 interpretari:
631 1060 778 1093 ditantes
807 1061 950 1103 quisque
985 1062 1077 1094 nullo
1110 1065 1268 1104 excepto.
1319 1060 1390 1093 Sed
1417 1061 1528 1093 malim
1556 1071 1633 1094 cum

286 1125 443 1159 Hnmsm
469 1131 503 1159 et
529 1127 679 1160 Hmrmo
705 1127 832 1159 horrea
855 1129 1031 1170 scriptum,
1058 1138 1126 1170 quo
1154 1128 1265 1170 posito
1292 1127 1325 1160 in
1351 1128 1506 1169 sequenti
1533 1135 1633 1159 versu

285 1192 424 1234 elegans
450 1193 610 1236 repetitio
638 1194 731 1226 vocis
756 1192 958 1234 habebitur,
987 1193 1099 1235 qualia
1125 1203 1227 1236 supra
1254 1193 1417 1233 vidimus,
1453 1192 1495 1225 cf.
1522 1192 1564 1225 ad
1590 1191 1635 1234 Π,

285 1261 319 1299 5,
341 1261 419 1300 31.,
447 1263 482 1292 et
506 1260 538 1292 iu
565 1259 794 1303 disputatione
819 1259 861 1292 de
887 1259 1094 1292 Elocutione
1120 1259 1260 1292 Tibulli.
1283 1277 1328 1282 --
1363 1258 1542 1291 nimium
1570 1257 1634 1291 fu-

286 1323 417 1366 rique
442 1325 660 1368 lupoque,
687 1325 782 1365 cf.1‚
811 1327 842 1366 1,
869 1327 926 1359 33.
953 1326 1010 1357 34.
1042 1343 1081 1348 —
1110 1324 1234 1357 Nunc
1261 1325 1539 1357 desiderium
1567 1335 1635 1357 su-

286 1395 454 1432 perest.
504 1392 654 1424 Laudari
689 1391 793 1424 debet
828 1395 932 1434 poeta
968 1391 1059 1433 quod
1094 1392 1259 1424 indirecte
1294 1393 1413 1424 maluit
1447 1402 1547 1433 quam
1582 1392 1637 1423 di-

287 1459 380 1488 recte
405 1456 596 1497 significare
623 1458 831 1500 ereptionem
860 1468 1030 1499 agrorum.
1091 1459 1189 1492 Quae
1215 1461 1328 1490 autem
1356 1461 1434 1501 post
1465 1457 1547 1490 haec
1574 1457 1637 1490 ad-

287 1520 354 1562 dit,
391 1521 505 1554 ieiuna
531 1526 619 1554 sunt.
646 1540 692 1546 —
731 1533 781 1555 cu
794 1533 837 1555 ra
871 1528 1081 1564 novatur,
1117 1527 1317 1565 renovatur,
1343 1523 1563 1556 recrudescit.
1589 1541 1636 1547 —-

288 1587 506 1622 admonet.
564 1588 737 1631 Quidquid
774 1590 888 1631 aliquo
928 1600 1003 1621 cum
1043 1590 1164 1622 aculeo
1201 1590 1338 1631 teloque
1372 1591 1405 1622 in
1440 1592 1635 1624 memoriam

289 1652 387 1694 redit,
414 1657 448 1685 et
474 1657 511 1685 ut
535 1653 698 1685 TULLIUS
723 1653 781 1694 ait,
810 1654 957 1686 animum
985 1654 1148 1686 memoria
1174 1654 1322 1695 refricat,
1347 1655 1393 1687 ita
1412 1655 1546 1695 dicitur,
1575 1666 1639 1688 no-

288 1723 382 1752 tante
415 1720 607 1753 GRONovm
642 1719 786 1753 Diatrib.
825 1732 858 1763 p.
886 1722 966 1752 322.
1029 1719 1077 1752 Et
1115 1730 1255 1753 annos
1291 1721 1385 1754 vides
1424 1732 1520 1764 esse,
1560 1734 1636 1757 cum
1683 1722 1689 1723 ⁷

291 1784 437 1818 nondum
464 1786 627 1828 spoliatus
654 1789 754 1818 esset.
779 1804 825 1809 —
852 1786 892 1818 V.
920 1788 988 1817 190
1013 1796 1086 1828 sqq.
1116 1786 1300 1828 cadant,
1325 1788 1500 1830 accidant,
1526 1790 1568 1824 cf.
1595 1791 1637 1823 ad

288 1852 315 1893 Ι,
342 1855 375 1892 6,
402 1854 458 1884 85.
487 1869 533 1876 —
570 1851 795 1884 deficient
822 1862 1089 1894 memorare,
1125 1852 1298 1895 desinent,
1325 1854 1510 1897 absistent,
1535 1857 1640 1889 veluti

291 1918 368 1949 SIL-
396 1917 447 1949 I'r.
478 1916 538 1958 III,
567 1918 654 1950 111:
695 1916 830 1961 gelido-s·
866 1922 907 1948 ul
939 1917 1106 1949 scandere
1143 1924 1258 1951 tecum
1294 1920 1468 1963 Deficiam
1506 1929 1639 1955 menses

292 1982 419 2014 coniux
455 1980 551 2014 tua?
609 1982 696 2015 Vide
730 1982 989 2014 RUHNRENIUM
1025 1982 1066 2015 ad
1105 1984 1212 2016 Rutil.
1249 1985 1337 2028 Lup.
1371 1997 1450 2028 pag.
1481 1988 1557 2021 132.
1593 2006 1637 2012 —-

291 2050 334 2082 V.
362 2052 430 2082 193
455 2060 530 2092 sqq.
570 2050 721 2091 legemus
764 2049 866 2081 verba
908 2050 1058 2082 Hm'mo
1099 2051 1211 2084 iudice
1246 2062 1312 2084 non
1350 2053 1452 2095 digna
1489 2054 1638 2095 ingenuo

290 2114 435 2147 homine.
487 2115 637 2147 Primum
666 2115 753 2147 enim
789 2125 854 2146 non
889 2116 1104 2158 comparabis
1137 2126 1223 2157 quae
1257 2122 1408 2150 amantes
1437 2100 1476 2150 in⁴
1504 2118 1638 2153 fervore

290 2179 435 2212 affectus
461 2179 593 2219 iurant,
619 2189 650 2212 v,
674 2189 703 2211 c.
731 2179 894 2211 Cyrum„
918 2179 1028 2214 XLV.
1065 2181 1253 2215 Pnopmmn
1278 2182 1323 2223 ΙΙ,
1349 2184 1406 2214 24.
1441 2183 1565 2217 Tibull.
1594 2185 1638 2226 ΙΙ,

291 2247 324 2285 4,
349 2245 406 2280 fin.
467 2243 537 2277 Sed
575 2230 716 2287 opponit
752 2245 1069 2278 WUNDERLlcnms
1107 2246 1231 2280 Horat.
1267 2246 1379 2290 Epod.
1413 2248 1439 2289 l,
1478 2251 1516 2281 11
1545 2260 1641 2292 sqq.:

291 2317 326 2343 et
351 2317 386 2342 te
414 2310 467 2343 vel
496 2322 559 2354 per
583 2309 730 2354 Alpium
755 2310 843 2356 iuga
868 2311 1122 2356 Itzllospitalem
1148 2319 1182 2344 et
1209 2315 1423 2349 Caucasum,
1461 2314 1526 2347 Vel
1551 2315 1641 2347 occi--

294 2377 408 2410 dentis
433 2389 544 2422 usqne
569 2376 618 2408 acl
642 2376 804 2409 ultimum
830 2377 947 2410 sinam
972 2378 1074 2410 Forte·
1097 2390 1282 2424 sequemur
1305 2386 1454 2423 pectore,
1485 2384 1518 2412 et
1545 2380 1642 2412 PRO--

293 2454 401 2477 Plssn'r.
427 2443 454 2484 Ι,
480 2446 522 2476 6:
562 2443 639 2474 Non
671 2455 733 2487 ego
765 2456 858 2477 nunc
882 2445 1046 2477 Hadriae
1080 2457 1196 2478 vereor
1230 2458 1325 2478 mare
1356 2457 1493 2479 noscere
1528 2452 1641 2477 tecum

297 2510 398 2542 Tulle
424 2521 534 2556 neque
559 2509 703 2555 Aegaeo
730 2510 855 2544 (lucere
882 2510 959 2543 vela
984 2511 1080 2548 salo,
1120 2514 1204 2544 Cum
1237 2524 1304 2557 quo
1332 2512 1535 2556 Rlzipltaeos
1558 2524 1643 2555 pos-

294 2576 358 2608 sim
396 2574 618 2607 conscendere
655 2582 787 2609 montes
833 2575 1060 2621 Ulteriusqzce
1096 2576 1211 2609 domos
1252 2576 1375 2607 vadere
1410 2576 1641 2609 Memnonias.

297 2641 432 2674 Sentiet
463 2645 576 2675 tamen
603 2642 709 2676 lector
740 2644 842 2676 etiam
869 2641 922 2676 hie
951 2643 1139 2677 discrimen.
1199 2642 1361 2676 Comitari
1387 2643 1473 2676 velle
1499 2643 1644 2677 fideliter
