1721 2953
483 141 626 181 Llnfl.
658 140 689 178 Ι.
749 138 908 176 unfit).
942 138 994 175 X.
1334 138 1408 173 199

64 266 170 301 pura
209 266 302 290 cum
341 259 486 296 veste,
534 253 644 297 qualis
678 261 752 286 esse
788 249 935 284 debebat
969 250 1252 291 saci-iiicamium‚
1290 258 1407 282 recens

65 329 155 367 iota‚
186 325 259 359 sine
283 323 444 363 maculis,
478 324 515 355 et
541 321 569 354 si
594 319 659 354 hoc
684 329 821 362 quoque
847 317 1037 352 addendum
1063 322 1137 360 est,
1171 327 1238 351 non
1264 315 1406 357 funesta-q

64 403 173 435 neque
197 391 368 433 fulgurata
392 399 455 423 nec
482 388 611 433 polluta
637 397 680 421 ex
706 386 842 419 homine
864 390 1010 428 mortuo,
1036 386 1079 420 cf.
1106 386 1217 419 szv.
1240 383 1283 417 ad
1307 384 1404 426 Vin-g,

63 463 148 494 Aen.
177 458 235 500 lv,
261 460 341 491 683.
380 456 460 498 XII,
492 458 573 490 169.
598 473 645 479 —-
698 458 841 497 myrto
886 454 1057 495 vincta,
1105 452 1273 486 redimita.
1322 452 1407 485 Erat

63 528 192 567 myrtus
217 534 314 558 sacra
337 523 507 565 Laribus,
545 522 589 557 cf.
616 521 762 555 Hom'r.
790 520 852 562 ΙΙΙ,
875 523 934 563 23,
960 523 1015 554 16.
1042 521 1122 564 ibiq.
1146 521 1337 564 interprett.
1362 537 1408 546 ν·-

60 592 291 633 canistra,
330 590 364 624 iu
402 590 525 633 quibus
550 595 646 632 tura,
681 589 770 630 liba,
806 588 857 621 far
882 587 986 632 pium.
1012 597 1058 611 ω’-
1094 588 1171 620 Sic
1209 587 1407 630 placeam

61 657 208 699 vobis,
232 657 382 700 pacificis
405 655 568 697 moribus,
593 665 690 688 sacra
716 657 830 688 vestra
855 653 910 697 pie
937 654 1052 686 colens
1071 653 1114 686 ad
1139 654 1238 686 ritum
1259 651 1406 696 priscum

59 724 207 757 rusticae
231 724 339 765 vitae,
365 727 400 757 et
425 721 475 756 liis
500 722 733 764 similibusque
759 719 861 753 rebus
889 730 1022 753 vacans.
1049 737 1095 744 —
1121 720 1310 753 Sternat
1334 718 1407 752 ad-

65 801 219 824 versos
255 789 416 831 duces,
453 787 484 824 h.
513 800 542 822 e.
579 789 740 832 egregias
775 797 830 821 res
867 790 966 829 gerat
999 790 1033 819 et
1057 786 1238 819 maximam
1264 783 1407 828 gloriam

61 860 214 900 reportet
238 856 360 899 opimis
392 855 510 899 spoliis
535 855 656 899 captis.
680 873 726 878 —
765 854 806 886 in
844 863 996 887 mensa
1031 852 1222 896 pingere
1254 855 1408 885 castra

62 932 197 964 mero,
223 921 267 955 cf.
285 922 392 955 Ovm.
408 921 551 955 Heroid.
567 921 594 963 Ι,
609 923 673 954 31:
700 920 824 966 Atque
847 918 980 965 aliquis
995 918 1116 964 posita
1135 924 1309 951 monstrat
1321 918 1410 964 sera

55 988 193 1034 proelia
219 999 357 1025 mensa,
379 987 499 1033 pingit
524 993 560 1020 et
584 987 713 1033 exiguo
738 989 917 1032 Pergama
942 991 1022 1018 tola
1047 996 1148 1019 mero.
1174 1003 1219 1009 -
1257 985 1413 1027 Denique

61 1055 194 1089 Miles
218 1055 313 1088 addit
347 1059 426 1099 post
457 1056 534 1097 Ut,
573 1055 861 1098 quemadmodum
886 1064 990 1098 saepe
1015 1055 1054 1087 fit
1078 1054 1112 1087 in
1142 1054 1238 1098 poesi
1262 1053 1412 1086 suaviter

59 1126 95 1154 et
119 1131 281 1163 nervose,
316 1125 355 1154 ut
382 1121 416 1154 in
450 1121 602 1154 secundo
636 1120 791 1153 membro
828 1124 973 1163 ponatur
1007 1129 1130 1153 nomen
1155 1119 1222 1152 iam
1247 1119 1279 1152 in
1305 1118 1411 1162 priori

60 1187 328 1229 intelligendum.
351 1205 398 1211 -—-
436 1187 479 1221 V.
506 1190 552 1220 33
577 1198 652 1230 sqq.
702 1188 814 1221 Poeta
852 1190 930 1231 post
964 1185 1201 1219 antecedentia
1234 1188 1411 1219 crescente

59 1255 184 1289 affectu
220 1255 263 1288 ad
296 1254 496 1299 ampliorem
522 1259 557 1287 et
583 1255 776 1296 graviorem
802 1254 882 1287 belli
917 1253 1179 1286 detestationem
1211 1253 1336 1297 pergit.
1364 1270 1409 1277 -—-

61 1321 174 1356 Quis
207 1320 346 1352 furor.
395 1319 567 1352 Solemnis
593 1318 740 1351 formula
765 1319 798 1350 in
829 1328 866 1351 re
891 1319 1016 1359 stulta,
1041 1322 1079 1351 ut
1105 1319 1214 1351 Ovm.
1240 1318 1325 1351 Met.
1349 1317 1409 1359 VI,

63 1390 142 1421 1702
165 1387 298 1419 Amorr.
321 1384 384 1426 111,
408 1386 465 1426 14,
486 1388 520 1418 7.
545 1386 618 1418 Art.
646 1387 723 1418 Am.
744 1384 805 1426 Ill,
827 1386 906 1417 172.
956 1383 1052 1417 Adde
1077 1383 1162 1417 infra
1181 1383 1242 1424 lv,
1261 1387 1295 1425 3,
1315 1387 1348 1417 7.
1365 1402 1410 1407 -

61 1454 198 1487 bellis
231 1462 474 1486 arcessere
507 1456 704 1486 mortem.
747 1452 885 1485 Luem.
910 1450 988 1491 Vll,
1014 1453 1105 1483 252:
1146 1449 1210 1482 Nil
1241 1461 1328 1494 opus
1357 1457 1412 1481 est

59 1520 162 1556 votis,
188 1519 258 1552 iam
278 1519 409 1565 fatum
433 1519 601 1552 arcessite
620 1518 738 1563 ferro.
787 1519 866 1552 Non
892 1518 1024 1552 videtur
1049 1522 1161 1550 autem
1189 1527 1334 1560 persona
1359 1514 1413 1548 liic,

60 1598 135 1621 esse
160 1597 272 1628 mors,
297 1585 358 1619 sed
382 1596 471 1629 qnae
495 1581 707 1628 sequuntur:
733 1585 880 1617 tacito
906 1583 1036 1627 pede,
1065 1581 1298 1626 metaphorice
1322 1582 1412 1615 dieta

60 1657 138 1686 sunt
163 1663 213 1697 pr.
239 1653 361 1693 tacite,
394 1652 438 1685 cf.
464 1650 508 1683 ad
533 1650 559 1691 l,
585 1653 620 1690 8,
646 1652 703 1682 48.
729 1668 775 1673 —
813 1649 924 1681 Porro
960 1649 1106 1681 tacito
1139 1648 1249 1681 clam
1288 1647 1411 1680 venit

59 1719 196 1764 pede,
234 1719 426 1758 cumulate,
462 1726 528 1749 usu
553 1715 781 1756 creberrimo,
810 1714 853 1748 cf.
883 1714 926 1747 ad
950 1714 978 1756 I,
1006 1717 1040 1755 5,
1066 1717 1123 1747 65.
1174 1715 1285 1755 Atque
1310 1722 1411 1756 prae-

58 1797 136 1820 sens
172 1786 299 1819 locutio
334 1795 437 1829 saepe
471 1784 590 1826 obvia,
627 1787 663 1816 ut
697 1783 807 1816 Ovrn.
841 1784 916 1815 Art.
951 1783 1025 1815 Am.
1051 1781 1114 1822 111,
1140 1783 1220 1814 712.
1248 1799 1293 1804 —
1333 1780 1412 1812 illa

60 1863 136 1886 cum
161 1852 215 1893 vi,
255 1855 292 1884 nt
325 1845 378 1892 ὅγε
408 1851 441 1883 in
468 1849 626 1883 Graeci5.
675 1849 827 1882 Vossms
855 1848 944 1880 male
967 1846 1047 1891 ipsa
1073 1847 1198 1881 intulit.
1248 1845 1310 1878 lna
1335 1844 1410 1887 qui-

60 1919 159 1961 dem,
197 1918 269 1959 ait,
309 1917 411 1950 etiam
446 1916 536 1949 ultro
571 1914 663 1947 venit
697 1917 879 1955 antequam
915 1916 1109 1956 exspectes.
1134 1928 1181 1937 -
1227 1911 1264 1944 V.
1291 1912 1337 1943 35
1361 1920 1412 1948 sq.

60 1984 153 2018 Non
187 1993 322 2026 seges
358 1986 430 2016 est
463 1982 601 2023 infra,
643 1991 728 2014 non
762 1981 890 2014 vinea
926 1980 1060 2013 culta.
1110 1978 1199 2012 Nam
1235 1977 1294 2010 lias
1328 1976 1412 2010 duas

60 2061 113 2084 res
151 2050 344 2094 composuit
379 2049 445 2082 iam
483 2051 563 2081 ante
597 2057 626 2080 ν.
653 2049 712 2079 21.
745 2049 804 2080 22.
839 2050 874 2079 et
908 2048 1092 2090 componet
1125 2045 1247 2078 iterum
1274 2053 1354 2077 mox
1381 2054 1410 2076 ν.

58 2120 102 2150 45
127 2127 224 2159 sqq.;
260 2115 445 2149 inferorum
473 2119 588 2148 autem
615 2115 767 2148 locorum
803 2113 991 2158 descriptio
1027 2112 1212 2156 opponitur
1237 2111 1329 2144 vitae
1353 2120 1411 2143 ru—

57 2183 165 2217 sticae
190 2182 359 2215 suavitati.
411 2181 463 2214 De
484 2180 594 2222 Elysii
619 2180 782 2214 felicitate
806 2191 870 2224 pro
896 2178 993 2213 liuius
1018 2179 1177 2212 carminis
1197 2178 1330 2211 ratione
1356 2181 1411 2211 ta-

60 2254 127 2292 cet,
152 2249 285 2282 nonnisi
313 2248 445 2281 tristem
464 2249 547 2281 Orci
572 2244 755 2290 imaginem
783 2247 1009 2281 exhibiturus.
1058 2247 1188 2280 Tamen
1216 2256 1277 2290 per
1301 2248 1410 2278 totum

59 2317 171 2350 locum
198 2317 300 2349 etiam
326 2314 410 2348 illud
436 2314 693 2357 recordaberis,
730 2314 984 2348 adolescentem
1010 2314 1123 2357 loqui,
1161 2314 1214 2347 cui
1242 2312 1322 2346 nihil
1349 2313 1411 2346 tri-

60 2383 145 2416 stius
171 2386 292 2416 morte.
318 2400 365 2407 --
403 2381 549 2414 audax
577 2381 830 2423 Cerberus,
866 2385 1067 2425 protervus,
1106 2380 1215 2413 ferox.
1243 2396 1289 2404 —
1326 2378 1412 2412 Mox

62 2448 189 2481 navita
213 2448 344 2493 puppis
383 2452 437 2481 est
473 2448 614 2490 antiqua
653 2448 774 2489 lectio,
809 2447 869 2480 sed
906 2450 944 2480 ut
981 2447 1129 2490 potuerit
1166 2456 1227 2489 per
1263 2445 1413 2488 linguam

61 2518 109 2550 ita
135 2516 221 2558 diei,
259 2527 326 2549 non
361 2520 414 2549 est
449 2520 561 2548 tamen
590 2514 766 2558 probabile
799 2526 818 2547 a
842 2514 985 2547 Tibullo
1016 2513 1080 2547 hoc
1112 2514 1296 2556 scriptum,
1333 2512 1413 2554 quia

61 2582 254 2624 graviorem
295 2592 413 2615 vocem
452 2582 620 2615 sententia
658 2582 819 2624 postulat.
892 2580 992 2614 Nunc
1041 2591 1115 2614 nai
1133 2580 1195 2613 ita
1244 2579 1410 2622 turpis·

63 2658 164 2690 quam
192 2647 462 2682 emendationem
490 2647 590 2681 etiam
616 2644 826 2681 Hcscifflus
853 2657 928 2682 cum
953 2646 1028 2681 aliis
1058 2645 1188 2691 probat,
1216 2650 1285 2679 est:
1312 2653 1412 2686 squa-
