1721 2953
486 201 631 242 LIBR.
660 200 732 240 III.
790 199 948 242 ELEG.
978 202 1052 243 IV.
1346 211 1426 247 355

85 320 227 360 partem.
276 315 468 349 Pronomen
494 325 581 347 sicas
605 317 719 347 autem
745 312 949 349 defendebat
972 315 1220 352 Ercnsmmvs
1244 328 1287 353 ex
1314 329 1423 365 oppo-

85 382 226 424 sitione,v
243 382 324 423 quia
346 383 424 413 aute
448 378 491 412 de
517 383 641 423 poetae
667 378 759 411 curis
784 377 911 412 dictum
935 381 990 423 sit,
1021 382 1304 425 quemadmodum
1329 385 1424 420 Vos-

84 457 172 480 sms‚
220 447 290 480 Pro
321 446 486 489 exemplis
520 446 621 489 positi
647 451 724 479 cum
749 445 863 488 aliqua
887 448 918 480 vi
944 450 1152 492 pronominis
1176 449 1424 488 Emusmnms

83 512 249 546 afferebat
284 513 424 546 Pmnm.
458 512 603 547 Mercat.
635 513 695 555 lv,
720 515 753 554 5,
781 515 838 546 14.
875 513 1027 549 Trinum.
1051 516 1096 558 Π,
1121 519 1154 559 2,
1178 519 1234 553 34.
1273 519 1422 556 men.

82 580 169 614 Aen.
202 578 261 620 VJ,
289 581 369 613 233.
408 578 535 612 CICER·
568 590 618 624 pr.
655 580 752 613 Sext.
789 582 847 614 65.
895 580 938 613 ad
973 582 1075 616 Attic.
1101 583 1160 626 VJ,
1191 587 1226 618 2.
1264 586 1423 630 relegans

83 643 186 678 etiam
221 644 264 677 ad
298 655 361 687 ea,
400 656 487 688 quae
521 646 556 680 in
590 647 749 680 SANc'rrr
785 647 940 680 Minerva
973 632 1098 690 11,i2.
1138 655 1302 694 congesta
1335 658 1425 690 sunt.

83 709 183 744 'Nunc
209 709 273 744 hoc
305 710 399 744 addit
424 715 536 745 tamen
569 723 635 746 non
670 713 845 756 eleganter
871 711 924 747 hic
948 714 995 747 ita
1020 714 1148 749 dictum
1173 727 1260 751 esse.
1309 720 1425 762 Atque

83 774 147 810 hoc
175 776 238 820 ipsi
272 777 372 811 etiam
400 788 596 820 censemus,
635 777 695 811 sed
734 781 859 822 poetae
894 788 935 811 ea
967 780 1068 824 culpa
1100 784 1164 823 est,
1191 793 1257 816 non
1282 784 1424 821 librarii.

82 843 200 878 Quare
225 853 292 875 non
315 843 497 887 'recipimus
520 844 751 877 coniecturam
766 832 893 878 ⁸Ln’sn
919 844 1015 882 tuis,
1047 846 1224 889 probatam
1251 849 1425 885 Βησσοὶ(-

82 916 202 948 mmo,
225 908 376 950 Vunr’lo,
401 908 564 951 ΗΕΥΝῐο,
589 909 794 944 Huscnmo.
820 927 866 933 —-
903 908 993 943 Nec
1021 912 1189 954 gaudet
1212 920 1368 960 nupta,
1387 922 1427 952 ut

82 974 232 1008 Vmcur„
257 976 387 1017 Georg.
412 973 456 1018 ΙΙ,
482 977 572 1010 51οε
603 976 763 1022 gaudent
782 976 937 1021 perfusi.
984 978 1095 1012 Porro
1130 985 1267 1025 nupta
1299 987 1423 1018 casta

82 1040 210 1074 domo
244 1045 296 1074 est
329 1051 379 1085 pr.
412 1042 447 1074 in
480 1046 575 1076 casta
610 1039 733 1086 domo,
770 1048 808 1077 ut
842 1045 1078 1079 Pnommrms
1113 1046 1195 1080 dicit
1226 1047 1272 1090 ΙΙ,
1296 1051 1330 1091 3,
1356 1051 1425 1085 54:

83 1107 171 1138 Mox
196 1106 444 1150 Amythaonia
468 1114 584 1151 nupta
603 1108 743 1154 sutura
766 1107 876 1141 (lomo-
901 1127 946 1134 -
983 1114 1108 1144 casta
1141 1111 1293 1146 domus
1327 1113 1427 1148 vide-

82 1175 140 1205 tur
167 1179 262 1214 esse,
294 1172 352 1205 ubi
384 1172 469 1206 fides
504 1173 629 1206 amoris
664 1177 805 1216 regnat,
839 1173 1023 1208 secundum
1061 1185 1101 1209 ea
1127 1186 1214 1219 quae
1240 1177 1283 1211 ad
1308 1189 1339 1211 v.
1367 1181 1425 1213 43.-

83 1238 285 1271 monuimus.
342 1238 492 1273 Vossms
529 1238 688 1281 intelligit
726 1239 831 1272 verba
869 1239 913 1273 de
952 1240 1170 1285 simplicitate
1211 1247 1246 1277 et
1283 1242 1425 1279 honesta

83 1308 308 1348 paupertate,
342 1304 446 1337 veluti
479 1303 563 1337 dicit
590 1304 729 1339 Luem.
758 1304 821 1347 IX,
844 1307 936 1340 201:
973 1313 1076 1339 casta
1109 1307 1232 1341 domus
1265 1309 1427 1357 luxuque

83 1380 206 1401 carens
224 1375 460 1414 corruptaque
479 1377 661 1414 nunquam
685 1371 846 1403 Fortuna
865 1370 1005 1405 domini.
1047 1372 1094 1405 Et
1113 1375 1191 1407 Sm-
1212 1375 1263 1409 ΙΤ.
1285 1376 1314 1418 J,
1337 1380 1427 1412 609:

82 1441 253 1480 castaque
277 1433 399 1466 beatos
422 1436 647 1478 Paupertate
671 1440 806 1479 patres,
867 1436 981 1478 Atque
1006 1434 1071 1470 hoc
1095 1439 1219 1481 probat
1242 1439 1426 1475 Emusm-

83 1511 178 1536 mes.
228 1500 300 1534 Sed
328 1505 365 1534 ut
389 1501 487 1534 nobis
511 1501 658 1543 videtur,
683 1511 750 1534 una
776 1500 965 1545 eademque
991 1504 1161 1537 sententia
1189 1505 1277 1539 inest
1301 1507 1336 1540 in
1360 1505 1426 1542 hoc

82 1573 118 1602 et
142 1567 357 1602 antecedenti
385 1566 551 1609 disticho,
587 1567 735 1609 dicitque
759 1566 843 1600 deus
868 1567 944 1600 aliis
974 1568 1087 1602 verbis
1112 1568 1176 1603 hoc
1201 1581 1326 1614 unum,
1350 1573 1429 1606 infi-

82 1634 160 1668 dam
186 1645 261 1667 esse
286 1634 464 1666 Neaeram.
513 1634 627 1676 Saepe
654 1632 707 1666 liic
732 1637 835 1678 poeta
861 1633 912 1666 bis
938 1637 974 1667 et
998 1636 1129 1678 pluries
1153 1642 1313 1681 repetere
1337 1640 1428 1674 solet

83 1701 194 1743 idem,
232 1699 516 1743 quemadmodum
551 1700 654 1732 etiam
688 1700 745 1732 alii
781 1703 971 1734 senserunt.
1021 1701 1110 1736 Vide
1143 1712 1174 1736 v.
1207 1714 1238 1738 e.
1273 1704 1360 1737 infra
1393 1708 1428 1748 6,

82 1769 223 1801 33-36.
248 1784 294 1790 —
318 1766 362 1800 V.
387 1768 430 1799 61
457 1775 510 1808 sq.
535 1765 723 1799 crudele
747 1776 887 1809 genus
911 1766 983 1801 scil.
1010 1766 1154 1811 femina,
1179 1779 1258 1803 nec
1283 1770 1426 1806 fidum

83 1840 104 1866 n
121 1842 263 1875 omen,
290 1843 356 1876 qua
377 1833 548 1866 locutione
567 1840 745 1866 commune
763 1832 890 1876 aliquid
909 1837 944 1867 et
962 1834 1092 1868 cuidam
1114 1835 1231 1878 generi
1252 1839 1427 1882 proprium

83 1904 203 1933 notant
227 1900 424 1943 significari,
449 1900 516 1934 vid.
545 1911 630 1943 quos
657 1900 772 1934 laudat
797 1900 920 1934 HAND.
945 1901 988 1934 ad
1014 1902 1102 1937 Stat.
1129 1903 1171 1936 T.
1192 1903 1218 1937 I.
1246 1915 1278 1947 p.
1301 1906 1358 1939 44.
1379 1922 1426 1930 —-

84 1967 144 2000 Ah
179 1970 342 2011 pereat
368 1970 434 2001 etc.
485 1966 559 2000 Nec
594 1977 633 2000 os
666 1967 832 2011 Apollinis
860 1966 960 2000 decet
992 1966 1077 2000 haec
1110 1968 1313 2002 exclamatio
1338 1971 1426 2003 vati-

84 2034 239 2076 cinantis,
261 2036 420 2066 monente
444 2031 685 2071 Ercnsmmo,
710 2043 773 2066 nec
800 2035 883 2076 apta
907 2031 984 2066 huic
1009 2032 1085 2066 loco
1111 2034 1303 2068 exsecratio
1329 2037 1426 2079 puel-

84 2099 149 2133 lae.
181 2115 228 2121 —-
278 2098 318 2132 V.
344 2100 390 2130 64
415 2109 489 2140 sqq.
540 2107 634 2131 cum
680 2098 817 2130 multa
859 2096 1048 2131 brachia
1095 2100 1231 2134 tende
1275 2112 1425 2145 prece.

84 2166 366 2199 Buoncxnusms
392 2165 435 2198 de
461 2165 559 2198 victis
583 2165 731 2208 cogitat,
756 2165 856 2198 simul
883 2164 927 2198 ad
951 2166 1178 2209 precandum,
1204 2167 1301 2200 simul
1326 2172 1364 2201 ut
1389 2179 1427 2203 se

85 2231 193 2277 victos
218 2230 399 2272 fateantur,
425 2230 563 2263 brachia
588 2230 815 2271 tendentibus,
841 2230 932 2273 quod
959 2235 1052 2264 recte
1077 2232 1258 2275 repudians
1280 2233 1427 2267 Huscn-

86 2306 168 2330 Kms
193 2300 302 2329 tamen
333 2306 398 2329 non
434 2297 543 2329 minus
568 2296 655 2329 male
690 2297 732 2328 ab
759 2306 876 2329 eorum
907 2297 1150 2330 consuetudine
1185 2308 1256 2331 rem
1290 2298 1427 2341 repetig,

84 2364 142 2406 qui
169 2363 250 2396 deos
278 2367 455 2406 precantes
481 2363 514 2396 iu
539 2363 669 2396 caelum
697 2361 831 2395 brachia
859 2362 1015 2395 tendunt.
1065 2362 1203 2396 Plirasis
1230 2374 1317 2396 nuuc
1342 2363 1426 2396 nihil

84 2428 177 2462 aliud
202 2429 371 2471 significat
396 2440 496 2472 quam
522 2430 724 2474 suppliciter
748 2440 857 2471 orare,
884 2430 987 2462 veluti
1012 2440 1065 2473 ap.
1089 2431 1235 2464 meL.
1259 2432 1345 2464 Aen.
1364 2430 1426 2468 ΙΙΙ,

86 2495 169 2528 592.
194 2498 263 2528 est:
301 2493 517 2540 supplexque
544 2506 670 2527 mmms
696 2493 746 2525 ad
770 2493 896 2526 liltora
922 2493 1058 2532 tendit,
1084 2499 1118 2528 et
1142 2506 1196 2540 ap.
1224 2496 1350 2529 CICER-
1376 2506 1429 2540 pr.

88 2557 220 2592 Fontei.
254 2570 282 2592 c.
312 2562 377 2593 17:
420 2559 536 2591 tendit·
572 2559 622 2592 ad
656 2571 714 2592 ros
753 2558 910 2593 Veslalis
946 2571 1072 2593 manus
1105 2561 1290 2606 supplices.
1349 2562 1429 2606 lpse

87 2634 168 2657 vero
201 2624 364 2659 iudicabis
399 2627 487 2660 sitne
524 2625 588 2660 hoc
619 2627 758 2670 dignum
793 2627 940 2669 coniuge
968 2626 1095 2661 futuro.
1151 2627 1279 2662 Preces
1312 2637 1428 2661 amnn-

86 2689 171 2724 tium
205 2700 309 2735 saepe
342 2695 593 2735 memorantur,
630 2696 665 2727 at
699 2690 835 2726 brachia
870 2691 962 2732 tendi
988 2694 1189 2738 suppliciter
1213 2705 1287 2726 cnm
1315 2703 1427 2734 prece,

970 2760 1054 2801 23*
