1721 2953
268 106 291 140 8
587 98 955 142 COMMENTAR.
983 100 1043 142 IN
1073 99 1301 141 TIBULLI

274 221 367 251 recte
386 216 552 251 debeatur
577 215 728 250 militiae.
777 214 855 249 Etsi
879 219 992 249 antem
1017 219 1095 250 ante
1115 215 1228 249 omnia
1253 213 1296 249 ad
1320 213 1460 248 istorum
1481 217 1615 259 tempo-

272 294 345 316 rum
369 283 535 316 rationem
560 286 669 316 totum
695 283 808 316 locum
832 293 1043 325 revocamus,
1069 293 1136 317 non
1161 287 1273 316 tamen
1298 282 1502 325 negligimus
1525 281 1616 324 quod

269 347 405 381 aliunde
429 352 545 380 notum
568 351 669 390 atque
699 346 752 381 hic
777 358 798 381 a
823 348 966 382 Vum’ro
993 352 1028 381 et
1053 348 1243 381 Hoscmuo
1277 348 1423 381 maxime
1455 347 1617 380 observa-

272 418 341 446 tum
367 416 429 454 est,
455 413 591 446 omnino
615 424 635 446 a
661 413 805 446 Graecis
822 413 1023 456 Latinisque
1048 424 1166 447 aurum
1190 418 1225 447 et
1243 424 1345 456 agros
1369 417 1406 446 ut
1426 412 1494 446 duo
1517 422 1618 456 prae-

272 478 436 510 stantiora
460 476 654 511 divitiarum
682 488 810 520 genera
834 489 939 522 saepe
965 479 1170 533 cqniunctim
1195 479 1396 520 memorari3
1422 477 1505 511 haec
1530 477 1618 510 enim

272 541 467 575 observatio
493 552 535 575 eo
569 543 719 586 pertinet
744 545 783 575 ut
818 543 920 575 etiam
955 543 1089 586 poetica
1122 544 1233 577 unitas
1266 543 1399 578 distichi
1433 543 1621 576 iliustretur

273 607 477 641 luculenter.
527 608 600 642 Sed
624 609 734 653 ipsum
759 610 987 651 iugerum,
1012 613 1051 642 ut
1075 620 1268 653 pergamu5‚
1297 621 1340 644 ex
1363 609 1507 643 actubus
1533 608 1621 643 duo-

276 673 339 706 bus
366 675 563 717 constabat,
587 679 685 709 actus
710 680 824 709 autem
850 675 1051 718 quadratum
1076 681 1167 718 erat,
1196 676 1291 709 cuius
1314 677 1403 708 latus
1428 679 1564 708 centum
1587 677 1622 706 et

271 741 390 784 viginti
432 742 569 785 pedum.
639 743 725 777 Cum
769 743 875 785 igitur
908 747 1035 777 certam
1070 753 1260 776 mensuram
1292 742 1414 784 iugera
1448 739 1623 781 haberent,

273 816 383 848 neque
408 807 475 839 alia
499 817 643 850 magna,
668 809 734 841 alia
760 819 864 852 parva
888 813 1024 850 essent,
1046 819 1150 852 porro
1175 812 1327 841 notatum
1353 812 1405 841 est
1427 818 1447 840 a
1471 808 1621 848 Smwro,

273 872 555 914 Bnoucmmsm,
594 874 757 915 vimmo,
794 875 964 916 ΗΕΥΜΟ,
999 875 1212 916 Huscnmo,
1247 877 1419 917 praestare
1444 873 1623 906 lectionem

274 939 432 982 multa,
458 944 493 973 et
519 939 612 973 nihili
638 941 770 975 Bimm
797 945 851 974 est
875 942 1004 985 opinio,
1029 951 1202 974 mensuras
1227 951 1386 984 agrorum
1409 951 1475 974 nou
1503 950 1623 975 curare

275 1003 401 1037 debere
426 1005 633 1038 concitatum
659 1010 784 1049 poetae
809 1007 969 1041 animum.
1028 1007 1096 1041 Qui
1121 1017 1253 1052 magna
1277 1007 1493 1050 praeferunt,
1529 1016 1624 1040 com-

274 1073 395 1112 parant
422 1070 488 1103 ista
522 1071 698 1104 notissima
723 1081 854 1115 magna
886 1069 1000 1102 millia
1032 1071 1172 1105 VALER.
1199 1071 1330 1103 chc.
1357 1072 1448 1103 Aac.
1475 1071 1517 1112 V,
1540 1072 1622 1106 274.

276 1138 311 1167 et
336 1145 485 1179 magnas
511 1133 664 1180 legiones
685 1135 830 1169 Homer.
855 1136 929 1168 Sat.
949 1135 977 1177 J,
997 1138 1030 1177 6,
1052 1137 1095 1176 4;
1121 1135 1180 1168 sed
1205 1135 1324 1178 iugera
1347 1146 1408 1179 per
1431 1146 1468 1169 se
1493 1147 1624 1181 magna

281 1199 397 1233 dicere
423 1200 472 1233 sic
498 1204 629 1234 tantum
650 1199 704 1234 hic
726 1204 820 1234 recte
846 1201 1013 1245 potuisset
1038 1200 1207 1242 Tibullus,
1230 1201 1258 1234 si
1285 1201 1359 1244 ipse
1383 1201 1490 1233 multo
1515 1201 1624 1233 mino-

276 1274 349 1298 rem
373 1265 494 1307 iugero
520 1276 641 1308 agrum
667 1264 865 1307 habuisset,
894 1266 985 1308 quod
1012 1277 1078 1299 non
1104 1265 1287 1308 credibile3
1311 1268 1362 1299 sin
1390 1267 1464 1310 ipse
1488 1276 1624 1309 quoque

277 1332 398 1374 iugera
423 1333 505 1367 talia
531 1331 698 1374 habebat,
733 1333 848 1377 inepta
873 1337 925 1366 est
949 1332 1100 1376 phrasis3
1137 1334 1195 1375 qui
1222 1344 1303 1366 vero
1326 1334 1374 1366 ita
1397 1333 1625 1376 interpretan-

279 1400 354 1438 tur,
378 1407 538 1440 magnum
562 1409 739 1442 campum,
773 1409 934 1442 magnum
959 1400 1104 1443 spatium
1130 1400 1313 1442 significari
1338 1401 1372 1433 in
1395 1400 1515 1442 iugera
1539 1399 1626 1433 divi-

277 1474 374 1506 sum,
414 1469 593 1508 praeterea
629 1476 695 1498 non
731 1469 891 1499 accurate
922 1466 1208 1509 interpretantur,
1247 1469 1284 1498 ut
1321 1476 1441 1499 censor
1473 1465 1624 1498 lenensis

279 1528 447 1562 Huschkii
472 1540 549 1563 ann.
575 1532 678 1564 1815.
704 1529 946 1574 Ephemeridd.
973 1541 1021 1563 nr.
1036 1533 1117 1563 203.
1144 1542 1176 1574 p.
1198 1533 1274 1564 187.
1325 1531 1484 1565 Ceterum
1510 1532 1625 1564 multa

281 1595 384 1629 etiam
410 1597 576 1639 exemplis
602 1597 753 1640 plurimis
777 1598 909 1630 collatis
933 1598 1152 1631 confirmatur
1177 1597 1219 1629 ab
1243 1597 1395 1631 Hssrmo
1420 1602 1455 1631 et
1480 1599 1626 1632 Huscn-

280 1673 352 1696 Klo.
382 1678 430 1689 —
472 1667 641 1698 teneat.
690 1664 840 1697 Sensus:
889 1663 1042 1708 Colligat
1076 1674 1205 1696 aurum
1239 1663 1277 1696 ἱη
1314 1663 1401 1697 hello
1435 1670 1470 1695 et
1508 1670 1626 1697 teneat

271 1727 389 1770 finita
414 1727 544 1760 militia
568 1728 678 1761 etiam
701 1728 829 1774 iugera
854 1728 979 1763 multa.
1028 1729 1108 1762 Non
1134 1733 1206 1763 erat
1230 1729 1321 1772 quod
1346 1731 1420 1772 quis
1445 1729 1499 1762 hic
1517 1730 1625 1763 offen-

280 1793 390 1826 deret.
411 1812 458 1819 —
484 1794 525 1828 V.
548 1797 582 1827 3.
608 1796 640 1829 4.
692 1796 828 1831 Quem
849 1814 894 1820 —
919 1796 1102 1839 fugent,
1127 1797 1185 1839 qui
1211 1807 1321 1839 neque
1346 1796 1492 1842 interdiu
1516 1808 1626 1841 neque

279 1863 382 1892 noctu
417 1863 549 1893 terrore
586 1864 683 1894 vacet
717 1862 750 1894 in
787 1862 908 1895 vicinia
942 1860 1059 1896 hostis.
1110 1863 1352 1897 Coniunctivos
1377 1864 1495 1907 accipe
1527 1868 1564 1897 ut
1598 1865 1625 1898 si

281 1925 416 1959 Graece
443 1922 478 1959 ὃν
503 1922 563 1965 ἄν,
602 1915 628 1969 ᾧ
654 1923 695 1960 ἄν
721 1926 848 1960 dictum
875 1932 976 1961 esset.
1001 1947 1048 1953 -——
1089 1929 1218 1962 labor
1253 1929 1478 1964 assiduus.
1538 1930 1625 1964 Nam

280 1990 533 2034 frumentatum,
559 1996 731 2034 aquatum,
756 1993 920 2035 lignatum
946 1993 1037 2026 missi
1062 1994 1197 2036 milites,
1224 1995 1272 2027 ait
1296 1995 1626 2039 WUNDERmcnrus,

281 2057 492 2091 vexabantur
518 2061 553 2091 et
577 2058 801 2092 turbabantur
825 2058 868 2090 ab
894 2058 1064 2092 assidente
1099 2057 1207 2092 hoste.
1265 2060 1336 2093 Sed
1371 2061 1449 2094 talia
1480 2063 1626 2095 maxime

281 2124 452 2167 respicere
495 2135 561 2158 non
610 2124 714 2159 fuerit
754 2124 936 2168 poeticum.
1000 2125 1108 2159 Immo
1147 2130 1225 2160 sunt
1265 2127 1401 2161 omnino
1440 2131 1626 2171 perpetuae

282 2201 418 2233 pugnae
443 2202 565 2233 graves
591 2202 668 2225 cum
694 2191 860 2234 hostibus,
886 2193 943 2235 qui
968 2192 1069 2226 modo
1094 2193 1239 2227 interdiu
1263 2193 1365 2227 modo
1389 2198 1493 2227 noctu
1517 2195 1626 2228 laces-

281 2262 371 2298 sunt,
397 2263 607 2300 oppugnant,
631 2259 783 2300 irruunt3
809 2260 900 2293 unde
926 2260 1155 2302 intelligenter
1177 2260 1350 2293 Mssmms
1376 2270 1483 2302 meus,
1507 2260 1626 2293 doctor

283 2322 436 2355 eruditus
463 2324 495 2357 in
529 2326 717 2366 Gymnasio
745 2326 942 2369 Bremensi,
981 2338 1043 2371 pro
1069 2328 1227 2371 exemplo
1254 2331 1427 2370 comparat
1452 2327 1557 2360 CAES.
1583 2326 1626 2359 de

281 2387 368 2421 Bell.
391 2388 481 2422 Gall.
503 2390 579 2431 Vll,
598 2393 662 2424 41:
686 2392 838 2424 Summis
864 2391 970 2436 copiis
996 2398 1117 2425 castra
1143 2398 1348 2437 oppugnata
1375 2391 1626 2430 demonstrant,

280 2465 357 2485 cum
387 2452 502 2487 crebro
532 2454 662 2501 integri
687 2457 836 2502 defessis
861 2458 1083 2491 succederent
1109 2464 1314 2503 nostrosque
1339 2457 1483 2490 assiduo
1508 2457 1626 2491 labore

282 2517 529 2563 defatigarent
555 2524 620 2554 etc.
671 2523 722 2554 Ac
748 2527 898 2557 terret
923 2523 977 2557 hic
1007 2524 1122 2566 labor,
1157 2534 1233 2557 cum
1268 2524 1310 2556 sit
1344 2523 1555 2566 periculosus
1590 2526 1624 2556 et

281 2582 463 2626 perniciem
496 2584 642 2619 minetur
677 2592 736 2620 aut
771 2588 892 2622 afferat
926 2589 1059 2630 multis,
1099 2593 1135 2623 ut
1168 2590 1345 2623 Sopuoci„
1373 2588 1517 2623 Philoct.
1542 2590 1621 2622 864.
