1721 2953
490 69 731 116 TlBULLI
781 71 890 117 Llss.
920 73 951 120 1.
979 81 1010 117 6.
1361 81 1424 124 23

131 192 347 257 Quisquis
385 203 426 237 et
458 205 683 250 occurret,
726 211 780 240 ne
818 195 958 258 possit
994 196 1158 242 crimen
1200 196 1387 253 habere,

197 281 289 326 Stet
323 278 505 343 procul,
553 291 628 326 aut
660 279 743 325 alia
778 291 860 326 stet
894 281 1052 345 procul
1087 294 1186 329 ante
1223 283 1303 329 via.

127 365 200 412 Sic
232 364 324 410 fieri
361 364 484 411 iubet
520 365 615 430 ipse
650 365 784 421 deus,
815 366 877 413 sic
915 386 1078 431 magna
1112 369 1321 415 sacerdos

188 449 266 496 Est
301 449 411 496 mihi
447 450 598 497 divino
636 451 871 498 vaticinata
908 471 1032 499 sono.

70 536 247 582 45Haec
284 535 362 582 ubi
397 535 610 583 Bellonae
646 549 768 583 motu
807 550 869 584 est
908 540 1094 602 agitata,
1151 558 1232 586 nec
1270 559 1415 587 aerem

186 621 456 680 Flammam,
503 642 594 670 non
631 642 783 669 amens
813 624 997 672 verbera
1030 637 1144 672 torta
1183 626 1327 673 timet:

116 709 220 772 Ipsa
251 708 448 773 bipenne
480 728 585 756 suos
623 709 768 756 caedit
798 710 989 757 violenta
1018 710 1206 757 lacertos

184 794 505 860 Sanguineque
538 795 688 841 effuso
722 796 895 860 spargit
929 795 1072 843 inulta
1109 796 1262 852 deam,

118 879 302 944 Statque
338 879 452 927 latus
484 879 679 945 praefixa
712 899 840 937 veru,
887 893 972 928 stat
1006 881 1158 928 saucia
1190 893 1366 946 pectus,

63 974 110 1010 50
190 965 246 1011 Et
280 966 398 1012 canit
436 978 638 1023 eventus,
685 985 797 1031 quos
836 966 918 1014 dea
954 986 1118 1030 magna
1155 980 1315 1014 monet.

115 1050 334 1108 ‘'Parcite,
371 1071 504 1116 quam
538 1052 734 1099 custodit
766 1053 933 1109 Amor,
968 1053 1133 1099 violare
1165 1053 1374 1117 puellam,

182 1137 247 1182 Ne
281 1137 430 1200 pigeat
466 1156 631 1200 magno
662 1149 764 1202 post
799 1137 1011 1185 didicisse
1045 1138 1174 1185 malo.

108 1222 340 1285 Attigerit,
385 1223 593 1270 labentur
628 1220 758 1287 opes,
801 1236 848 1270 ut
883 1224 1063 1270 vulnere
1099 1236 1254 1270 nostro

180 1308 402 1371 Sanguis,
440 1320 487 1354 ut
523 1309 595 1355 hic
625 1309 765 1354 ventis
797 1309 1096 1374 diripiturque
1133 1310 1270 1356 cinis.'

55 1392 169 1440 55Et
204 1392 284 1439 tibi
322 1393 472 1440 nescio
509 1412 620 1458 quas
655 1394 789 1451 dixit,
835 1413 932 1441 mea
966 1394 1117 1452 Delia,
1162 1413 1358 1460 poenas:

179 1479 228 1526 Si
260 1491 409 1527 tamen
445 1480 678 1539 admittas,
717 1481 774 1527 sit
807 1500 968 1546 precor
999 1480 1073 1527 illa
1106 1480 1224 1528 levis.

103 1567 206 1614 Non
242 1586 325 1631 ego
357 1579 398 1614 te
430 1580 616 1633 propter
648 1587 786 1633 parco
830 1568 936 1625 tibi,
987 1568 1070 1615 sed
1103 1580 1177 1614 tua
1213 1580 1354 1615 mater

174 1653 249 1699 Me
285 1665 431 1700 movet
467 1665 598 1718 atque
629 1653 718 1699 iras
757 1672 890 1699 aurea
926 1653 1063 1699 vincit
1098 1672 1222 1699 anus.

106 1739 226 1785 Haec
262 1738 373 1785 mihi
408 1750 448 1785 te
486 1738 668 1784 adducit
705 1739 899 1785 tenebris
938 1738 1165 1802 multoque
1198 1740 1355 1785 timore

50 1836 96 1870 60
175 1824 419 1887 Coniungit
447 1836 624 1870 nostras
661 1824 773 1871 clam
805 1824 1024 1871 taciturna
1053 1843 1236 1880 manus,

108 1911 227 1956 Haec
263 1909 528 1974 foribusque
559 1922 709 1956 manet
737 1921 872 1956 noctu
897 1929 966 1956 me
999 1909 1131 1957 affixa
1152 1910 1399 1975 proculque

175 1996 417 2059 Cognoscit
451 1996 660 2060 strepitus
697 2015 765 2042 me
804 1996 1004 2042 veniente
1040 1996 1219 2061 pedum.

104 2083 208 2128 Vive
246 2082 324 2128 diu
360 2082 483 2139 mihi,
521 2082 664 2129 dulcis
701 2101 836 2129 anus:
871 2084 1081 2147 proprios
1120 2103 1201 2147 ego
1238 2095 1398 2140 tecum,

174 2169 240 2216 Sit
277 2169 412 2215 modo
448 2170 541 2227 fas,
586 2188 727 2216 annos
762 2169 1059 2217 contribuisse
1093 2170 1235 2217 velim.

140 2388 178 2421 V.
198 2390 254 2420 42.
292 2390 416 2421 Versus
446 2394 638 2431 corruptus.

139 2476 178 2509 V.
197 2480 253 2509 53.
287 2477 535 2518 Antigerit‚
563 2477 705 2509 sortasse
729 2487 806 2509 vera
833 2476 933 2509 lectio
957 2477 989 2509 in
1014 2476 1070 2509 tali
1093 2477 1229 2510 affectu.
1280 2476 1394 2519 Vulgo

48 2540 222 2584 diligeris
253 2542 294 2574 ab
325 2542 458 2575 lmms.
