1721 2953
281 180 363 219 454
582 176 951 220 COMMENTAR.
981 181 1041 221 IN
1072 181 1299 223 TIBULLI

284 295 542 339 tempestivum,
579 294 725 328 instante
758 296 885 341 quippe
915 298 1019 332 natali
1055 297 1123 331 die.
1170 298 1260 331 Mira
1284 297 1338 332 hic
1362 298 1627 333 comminiscitur

281 361 444 396 Vossms.
470 379 515 385 ——
552 370 688 404 saepe
720 362 987 406 propinque.
1036 363 1153 398 Verba
1175 368 1347 408 corrupta,
1372 368 1410 397 ut
1435 364 1626 397 iudicarunt

278 427 472 467 Hmcmus,
506 425 740 469 Huscnmus,
765 427 833 462 alii.
885 428 1205 462 thnssnmcnms
1231 439 1429 473 comparans
1454 430 1626 463 Graecum

279 488 374 534 ἐγγύς
399 486 484 524 εἶναι
506 487 608 531 τινός,
634 492 802 535 explicat:
826 504 930 538 saepe
969 500 1005 528 tu
1027 495 1092 528 iter
1119 495 1392 538 intempestivum
1415 500 1625 539 suscepture,

279 558 311 592 h.
338 569 368 592 e.
402 559 460 601 qui
493 568 559 591 non
594 560 701 592 semel
752 558 833 594 mihi
863 563 1026 595 molestus
1051 562 1145 595 suisti
1168 563 1344 595 itineribus
1370 563 1626 606 intempestivis.

276 624 442 658 Similiter
463 624 643 659 Vumus:
672 624 741 661 Qui
766 625 1012 669 prosectionem
1047 631 1083 661 et
1109 627 1295 661 discessum
1320 627 1503 661 identidem
1528 629 1626 670 cogi-

276 695 348 734 tas,
372 692 517 726 afferens
542 693 654 727 locum
689 692 832 727 LucAm
861 693 920 736 vl,
947 696 977 728 1.
1002 695 1184 738 repetitum
1210 695 1252 728 ab
1278 696 1489 729 Huscmuo:
1518 696 1625 728 Post-

275 769 382 803 quam
406 764 528 791 castra
553 758 678 796 duces,
698 770 841 805 pugnae
868 758 940 794 iam
977 766 1091 793 mente
1108 760 1316 807 propinqui,
1345 762 1544 806 Imposuere
1567 759 1624 792 ἰιι-

274 822 344 868 gis,
393 823 469 866 Tu,
494 824 598 858 credo
613 850 623 866 ,
647 835 782 859 mecum
805 826 911 859 sentis
938 827 1086 870 ineptam
1111 831 1146 861 et
1171 838 1366 871 perversam
1392 826 1446 861 hic
1470 838 1547 861 esse
1570 831 1625 861 ta-

274 890 343 924 lem
375 890 568 926 dictionem.
616 891 788 926 HEYMUS
832 894 996 928 coniecit:
1037 894 1117 927 Non
1142 893 1385 938 tempestivam
1417 893 1468 927 sic
1497 904 1624 938 prope-

274 966 354 988 rare
379 955 484 993 viam,
509 957 611 992 modo
637 969 681 992 ne
705 957 790 993 haec
814 961 948 1003 longius
969 972 988 994 a
1013 960 1137 994 tradita
1162 961 1329 1004 scriptura
1348 961 1558 995 recederent.
1575 978 1622 985 —

274 1021 381 1065 Hic,
415 1023 560 1059 Romae.
611 1026 715 1060 Vides
738 1031 817 1061 ante
842 1027 909 1061 iter
933 1029 1059 1072 scripta
1084 1027 1169 1062 haee
1195 1039 1271 1062 esse
1296 1030 1330 1061 in
1355 1029 1458 1070 urbe,
1484 1028 1621 1061 minime

279 1098 361 1122 vero
389 1089 424 1123 in
449 1090 547 1133 vilia,
582 1095 619 1125 ut
652 1092 802 1126 Vossms
837 1097 975 1134 censet,
1015 1093 1072 1135 qui
1099 1094 1234 1126 omnino
1259 1093 1390 1126 fabulas
1415 1092 1623 1135 excogitavit

277 1156 321 1188 ad
346 1154 411 1190 hoc
441 1167 588 1191 carmen.
635 1159 766 1192 Verum
791 1157 874 1191 vidit
899 1158 1218 1192 Wnunmzmcnms
1245 1169 1321 1192 cum
1356 1158 1527 1199 HssYmo,
1567 1167 1624 1190 as-

275 1221 420 1255 sentitur
455 1222 678 1257 Huscflxms.
704 1241 749 1247 -—
799 1223 1016 1265 abducta,
1054 1234 1098 1257 ex
1131 1224 1216 1258 urbe
1252 1225 1372 1268 procul
1405 1235 1426 1257 a
1459 1222 1623 1256 Cerintho

273 1295 369 1328 meo,
405 1287 448 1321 cf.
473 1288 519 1330 11,
543 1291 576 1332 3,
603 1292 661 1324 61.
711 1289 790 1323 Non
824 1290 950 1333 ubique
985 1292 1154 1334 significat
1189 1302 1257 1325 vox
1289 1292 1428 1325 invitum
1453 1290 1552 1333 duci,
1586 1295 1622 1324 at

272 1349 336 1385 hoc
361 1353 449 1387 loco.
497 1353 568 1388 Iam
591 1359 630 1388 ut
653 1355 692 1388 fit
719 1354 842 1398 (veluti
867 1356 952 1389 infra
979 1359 1034 1399 13,
1063 1360 1097 1390 9.
1125 1360 1180 1391 10.
1216 1357 1320 1391 verba
1353 1357 1494 1390 secretis
1519 1355 1622 1390 silvis

274 1422 488 1460 pentameter
513 1421 698 1463 amplificat
722 1421 792 1454 sic:
831 1422 911 1466 Qua
936 1422 1039 1454 nulla
1065 1422 1218 1454 Ιιιιηιαηο
1243 1422 1292 1455 sit
1316 1422 1376 1455 via
1401 1422 1493 1455 trita
1511 1422 1620 1466 pede)

270 1482 303 1515 in
331 1483 473 1517 eandem
498 1485 698 1518 sententiam
717 1484 853 1518 subiicit
878 1489 1146 1529 pentametrum:
1176 1487 1382 1520 Arbitrio
1407 1488 1619 1530 quoniam

271 1551 338 1582 etc·
372 1547 405 1582 h.
431 1560 460 1583 e.
495 1551 652 1593 quoniam
683 1549 765 1584 mihi
800 1552 866 1584 vim
893 1552 997 1585 infers
1022 1564 1084 1586 nec
1110 1564 1164 1586 me
1189 1554 1270 1586 sinis
1296 1554 1401 1597 ipsam
1427 1553 1518 1586 domi
1543 1564 1618 1586 ma-

272 1625 364 1649 nere.
414 1616 599 1660 Supplebis
624 1617 729 1659 igitur
754 1628 816 1650 me.
867 1618 969 1652 Quod
997 1620 1190 1651 emendavit
1211 1619 1389 1653 Hssmsms
1416 1618 1557 1651 arbitrii
1573 1638 1620 1645 -

273 1681 357 1718 ηιείε
391 1686 524 1716 constat
558 1681 660 1716 hodie
694 1693 761 1716 non
795 1687 924 1717 temere
952 1684 1162 1718 inferendam
1197 1697 1272 1718 esse
1299 1686 1331 1718 in
1359 1685 1442 1719 haec
1468 1687 1618 1719 carmina

267 1748 413 1783 formam
438 1749 596 1792 genitivi,
633 1760 734 1792 quam
761 1750 891 1794 primus
916 1751 1154 1784 Pnopmvrms
1181 1751 1316 1784 admisit
1341 1755 1518 1795 poetarum
1543 1752 1617 1784 Au-

270 1815 362 1857 gusti
396 1815 606 1848 senescentis
640 1818 764 1848 aetate.
814 1814 928 1848 Esse
962 1815 1158 1850 arbitrio
1193 1827 1286 1850 meo
1324 1816 1450 1850 dictum
1484 1815 1619 1850 videtur

268 1891 317 1925 pr.
343 1881 378 1914 iu
401 1881 542 1915 arbitrio
566 1891 655 1917 meo.
681 1899 726 1906 --

603 2208 1067 2258 CARMEN
1173 2213 1257 2258 IX„

263 2495 478 2555 Nuntiat
504 2517 674 2551 amicus
700 2518 926 2553 Cerintho
951 2520 1180 2553 abiectum
1210 2521 1450 2554 consilinm
1477 2522 1610 2556 itine-

263 2580 323 2613 ris
344 2584 387 2614 et
414 2581 558 2615 licere
584 2585 767 2626 puellae
794 2585 834 2618 in
860 2585 970 2618 urbe
995 2596 1170 2619 manere
1192 2587 1335 2619 natali
1359 2597 1459 2629 suo,
1485 2598 1609 2631 quem

261 2656 375 2680 nunc
401 2648 705 2685 laetissimum
731 2636 843 2686 di'em
870 2653 979 2687 sore.
