1721 2953
283 130 301 165 1
310 132 362 166 OO
602 120 971 163 cOMMENTAR.
1002 124 1059 163 ΙΝ
1092 126 1320 165 TIBULLI

286 242 376 276 Nub.
403 241 482 273 551.
523 237 645 270 δοῦναι
670 236 802 281 Equitt.
829 241 912 273 851.
939 240 1091 272 ἐνδοῦναι
1118 240 1197 274 ibid.
1223 244 1306 275 857.
1340 243 1495 287 παρέχειν
1519 242 1628 289 λαβήν

284 308 396 341 Ρωτ.
424 304 466 337 de
491 313 563 347 rep.
588 302 683 337 vul.
709 314 742 346 p.
767 305 851 346 544,
873 304 914 338 B.
955 304 1043 338 Add.
1071 306 1155 339 As'r.
1181 306 1222 339 ad
1249 305 1392 341 Phaedr.
1417 320 1450 352 p.
1475 311 1556 343 251.
1582 328 1629 336 —

285 374 326 406 V.
344 374 388 404 53
406 381 456 413 sq.
490 369 625 403 Tunc·
657 369 744 403 Post
767 369 850 403 talia
875 370 1107 414 obsequia.—
1133 373 1285 417 rapias
1311 375 1480 409 oscula.
1514 373 1630 410 Etiam

285 439 411 473 Graeci
449 437 566 471 dicunt
605 433 766 482 ἁρπάζειν
802 434 1001 482 φιλήματα,
1040 443 1077 472 ut
1113 450 1214 483 quem
1252 440 1466 475 Huscnxms
1504 442 1628 484 laudat,

281 505 496 539 Mnnmossn
523 515 576 548 ep.
601 503 697 545 Xl-V,
722 506 757 539 8.
784 521 829 527 -—
867 507 973 547 apta
1009 503 1155 546 dabit,
1192 515 1280 548 quae
1304 516 1364 540 ore
1388 517 1454 540 non
1490 508 1629 542 nimium

281 571 495 605 detrectante
521 571 663 613 dantur,
700 574 738 604 ut
764 569 938 604 HEYNms
963 571 1020 605 ait.
1071 571 1214 605 Confert
1247 573 1354 607 Ovm.
1381 573 1526 609 Heroid.
1549 576 1628 617 XV,

279 642 360 672 131.
391 641 469 672 132.
495 656 542 663 —
566 637 608 670 V.
635 640 693 670 55.
726 637 876 680 Rapta
905 637 1041 671 dabit.
1090 637 1239 670 Locutio
1265 639 1384 672 eadem
1409 640 1516 673 Ovn).
1544 641 1627 675 Her.

278 706 356 746 XV,
384 707 441 739 44.
480 705 613 738 Amorr.
638 703 683 746 II,
709 705 742 745 4,
773 706 834 737 26.
870 714 973 737 sensu
1005 713 1086 737 vero
1111 703 1258 736 diverso.
1306 703 1381 737 Illic
1405 705 1493 738 enim
1519 711 1627 749 rapta

278 771 363 803 dare
389 774 441 803 est
466 781 517 815 pr.
543 780 666 814 rapere
691 769 834 812 dictum,
859 769 913 804 hic
936 781 989 815 pr.
1014 771 1238 804 reluctantem
1263 769 1357 804 dare.
1406 770 1481 805 Nec
1504 772 1626 806 mirum

279 835 366 877 hoc;
391 836 585 869 necessario
612 834 703 868 aliud
729 835 899 878 significat
925 833 1057 879 phrasis
1082 834 1126 869 de
1147 840 1310 877 amatore,
1335 836 1427 870 aliud
1452 836 1496 871 de
1513 841 1627 872 amato

276 907 336 936 aut
361 906 473 935 amata
498 902 598 935 dicta.
649 901 812 936 Ceterum
839 912 907 936 non
931 902 1014 936 solis
1039 901 1248 946 respondent
1272 901 1356 935 haec
1380 901 1483 936 verba
1507 903 1627 946 proxi-

276 977 332 1000 me
356 966 656 1005 antecedentibus:
690 972 780 1011 apta
814 964 936 1003 dabit,
973 969 1012 999 ut
1036 966 1270 1000 LAcnmmvo
1302 977 1380 1000 meo
1406 968 1533 1010 visum,
1567 968 1626 1010 qui

275 1038 365 1077 apta
392 1031 492 1065 dabit
526 1033 629 1066 etiam
663 1031 717 1066 iric
743 1033 957 1066 commendat
983 1037 1019 1066 et
1044 1032 1261 1067 emendatum
1286 1034 1389 1075 velit,
1425 1044 1468 1068 ne
1492 1034 1538 1067 sit
1559 1035 1625 1068 im-

274 1100 428 1144 perfecta
456 1100 637 1143 repetitio,
662 1099 722 1133 sed
749 1100 863 1143 potius
887 1103 961 1133 tota
986 1101 1191 1144 pentametri
1212 1100 1402 1134 sententia:
1433 1099 1625 1146 pugnabit,

274 1166 337 1199 secl
364 1173 482 1199 tamen
508 1165 607 1198 dabit
632 1165 696 1200 hoc
721 1167 823 1200 modo
845 1168 1023 1211 repetitur.
1074 1168 1188 1211 Atque
1213 1167 1261 1200 ita
1286 1177 1348 1211 par
1369 1171 1441 1210 est,
1466 1178 1543 1202 cum
1566 1178 1622 1202 se-

274 1236 398 1275 quatur
421 1242 519 1265 mox
545 1232 732 1274 offeret,
767 1244 854 1276 quae
880 1245 957 1268 cum
983 1235 1141 1278 opposita
1165 1235 1233 1267 sint
1257 1233 1388 1268 verbis:
1423 1241 1531 1278 rapta
1557 1234 1623 1266 da-

274 1296 337 1333 bit,
362 1308 428 1331 non
455 1301 568 1331 essent
593 1298 750 1341 opposita
775 1297 846 1332 his:
871 1304 961 1342 apta
987 1297 1097 1331 dabit.
1148 1299 1329 1332 Postremo
1352 1298 1428 1332 vide
1453 1298 1496 1333 de
1521 1309 1621 1343 repe-

274 1363 451 1396 titionibus
476 1362 719 1395 sententiarum
744 1362 787 1395 ad
813 1362 840 1404 Ι,
866 1365 900 1404 3,
925 1366 960 1396 5.
1010 1364 1123 1405 Atque
1149 1362 1233 1397 haec
1258 1362 1432 1397 hactenus.

367 1431 411 1464 V.
434 1432 575 1463 57-72.
625 1430 752 1462 Dixit
777 1429 828 1462 de
853 1430 1101 1473 obsequi03
1134 1430 1261 1464 dicet
1285 1441 1400 1465 nunc
1426 1431 1475 1465 de
1500 1432 1619 1465 blan-

273 1495 424 1537 ditiis,
470 1494 502 1529 h.
540 1506 571 1528 e.
610 1495 661 1529 de
702 1496 981 1529 carminibus
1020 1496 1222 1540 blandis,
1265 1498 1426 1540 quibus
1464 1509 1619 1533 aurem

271 1561 491 1605 praebere
525 1570 689 1604 pueros
724 1560 847 1593 velit.
897 1560 945 1593 In
971 1562 1171 1594 transitu
1197 1563 1444 1605 proximum
1469 1564 1619 1597 locum

270 1627 446 1671 posuit,
472 1626 544 1670 qui
570 1627 810 1660 avaritiam
835 1636 1082 1670 puerorum
1107 1626 1370 1661 hodiernam
1395 1629 1616 1672 exagitat.

269 1693 321 1726 Ac
346 1702 453 1725 nexus
478 1702 592 1725 rerum
617 1691 670 1725 hic
695 1695 767 1726 est:
805 1692 904 1726 Haec
928 1693 1082 1736 quidem,
1108 1694 1176 1735 ait,
1200 1693 1310 1738 proba
1335 1697 1370 1727 et
1395 1695 1484 1728 iusta
1508 1696 1540 1730 in
1567 1695 1618 1729 his

270 1764 323 1793 est
354 1760 460 1801 ratio,
497 1762 536 1791 ut
570 1758 733 1801 obsequio
770 1770 855 1803 puer
893 1759 1047 1793 vincatur
1085 1764 1119 1793 et
1159 1759 1310 1794 honestis
1343 1761 1472 1794 artibus
1507 1761 1617 1796 cedat.

269 1825 340 1859 Sed
363 1835 451 1858 nunc
477 1834 581 1868 pravo
605 1834 700 1857 more
721 1825 848 1857 saeculi
872 1825 1013 1858 avaritia
1034 1825 1247 1867 dominatur3
1272 1826 1344 1859 vult
1369 1836 1507 1859 munera
1533 1836 1617 1870 puer

269 1894 304 1923 et
332 1893 462 1922 amator
488 1890 702 1931 largitionem
728 1893 863 1923 tractat.
911 1889 977 1923 Adi
1002 1899 1118 1923 rursus
1153 1891 1256 1924 finem
1281 1891 1538 1925 Dissertationis
1573 1891 1616 1925 de

267 1954 472 1988 Elocutione
497 1954 636 1986 Tibulli.

361 2021 405 2054 V.
430 2023 488 2053 57.
526 2019 710 2052 miseras
744 2022 885 2061 artes,
921 2019 951 2054 h.
978 2030 1007 2053 e.
1035 2021 1160 2063 malas,
1197 2025 1235 2054 ut
1262 2022 1423 2064 largitio,
1461 2022 1613 2055 avaritia.

268 2084 411 2120 Confert
444 2086 763 2119 WUNDERLIcmsz
802 2096 940 2117 carmen
975 2085 1138 2119 miserum
1173 2088 1294 2130 Virgil.
1321 2087 1443 2130 Eclog.
1468 2088 1530 2130 111,
1557 2092 1612 2122 37.

267 2158 302 2187 et
327 2157 460 2186 constat
483 2152 585 2184 miser
609 2152 643 2185 in
668 2151 820 2185 convicio
847 2162 896 2196 pr.
932 2153 1075 2196 perdito,
1101 2155 1250 2187 scelesto
1277 2154 1356 2196 dici,
1381 2158 1417 2187 ut
1444 2154 1612 2188 Teanum.

266 2220 420 2253 Eunuch.
445 2220 506 2261 111,
532 2222 564 2261 1,
590 2222 648 2252 28.
687 2220 729 2261 V,
754 2222 787 2261 3,
820 2222 875 2254 11.
936 2220 1004 2254 Hic
1040 2225 1153 2254 tamen
1189 2222 1335 2255 fortasse
1373 2224 1482 2257 minus
1512 2227 1611 2267 aptus

266 2286 409 2319 convicii
441 2296 565 2319 sermo.
616 2286 731 2320 Quare
768 2294 835 2327 ego
869 2285 1007 2319 reddam
1034 2287 1168 2330 potius:
1209 2287 1448 2331 deplorabiles.
1497 2287 1610 2321 Maior

265 2353 315 2386 sic
340 2351 487 2394 dignitas
511 2352 683 2385 orationis.
733 2351 855 2384 Malas
881 2357 972 2386 artes
998 2353 1081 2386 dicit
1110 2355 1338 2387 SALLUsTms
1363 2353 1461 2385 Catil.
1488 2353 1548 2394 111,
1574 2356 1609 2387 3.

266 2420 400 2461 aliique.
426 2438 468 2443 —
503 2422 721 2460 tractant,
747 2425 920 2453 exercent.
947 2438 990 2444 -
1017 2422 1151 2463 male,
1177 2431 1290 2464 prave.
1341 2420 1521 2453 Cumulate
1546 2420 1608 2453 ad-

266 2484 382 2525 ditum,
408 2484 488 2517 licet
513 2483 656 2516 miseras
681 2484 778 2517 adsit.
828 2485 917 2519 Tum
942 2485 1066 2519 verba:
1092 2496 1206 2519 nunc
1223 2484 1398 2518 —haec
1422 2486 1606 2519 saecula

264 2551 311 2582 ita
342 2550 514 2592 intellige:
552 2561 627 2583 cum
662 2556 760 2584 antea
797 2553 937 2586 meliora
972 2557 1084 2587 essent
1117 2552 1200 2586 haec
1234 2553 1390 2592 saecula,
1425 2553 1605 2586 recentiori

265 2619 417 2659 tempore
444 2626 545 2658 prava
572 2615 659 2649 sacta
684 2621 771 2650 sunt.
798 2637 843 2642 ——-
873 2619 910 2653 V.
936 2621 982 2651 59
1007 2630 1056 2661 sq.
1086 2621 1136 2652 At
1163 2618 1257 2652 tibi.
1310 2619 1482 2663 Usurpant
1507 2625 1547 2650 at
1572 2619 1604 2651 in
