<?xml version="1.0" encoding="UTF-8"?>
<!DOCTYPE html PUBLIC "-//W3C//DTD XHTML 1.0 Transitional//EN"
    "http://www.w3.org/TR/xhtml1/DTD/xhtml1-transitional.dtd">
<html xmlns="http://www.w3.org/1999/xhtml" xml:lang="en" lang="en">
 <head>
  <title>
</title>
<meta http-equiv="Content-Type" content="text/html;charset=utf-8" />
  <meta name='ocr-system' content='tesseract 3.04.00' />
  <meta name='ocr-capabilities' content='ocr_page ocr_carea ocr_par ocr_line ocrx_word'/>
</head>
<body>
  <div class='ocr_page' id='page_1' title='image "./carminaexrecensi00tibuuoft_0082.png"; bbox 0 0 1721 2953; ppageno 0'>
   <div class='ocr_carea' id='block_1_1' title="bbox 262 150 1069 196">
    <p class='ocr_par' dir='ltr' id='par_1_1' title="bbox 262 150 1069 196">
     <span class='ocr_line' id='line_1_1' title="bbox 262 150 1069 196; baseline 0.005 -7"><span class='ocrx_word' id='word_1_1' title='bbox 262 165 387 189; x_wconf 63' lang='lat' dir='ltr'><strong>Lxxt&#39;l</strong></span> <span class='ocrx_word' id='word_1_2' title='bbox 802 152 879 191; x_wconf 93' lang='lat' dir='ltr'><strong>DE</strong></span> <span class='ocrx_word' id='word_1_3' title='bbox 911 150 1069 196; x_wconf 79' lang='lat' dir='ltr'>POESI</span> 
     </span>
    </p>
   </div>
   <div class='ocr_carea' id='block_1_2' title="bbox 252 267 1609 2594">
    <p class='ocr_par' dir='ltr' id='par_1_2' title="bbox 252 267 1609 2144">
     <span class='ocr_line' id='line_1_2' title="bbox 261 267 1608 321; baseline 0.001 -14"><span class='ocrx_word' id='word_1_4' title='bbox 261 270 350 309; x_wconf 87' lang='lat' dir='ltr'><strong>loco</strong></span> <span class='ocrx_word' id='word_1_5' title='bbox 380 268 411 318; x_wconf 89' lang='grc' dir='ltr'>Ι,</span> <span class='ocrx_word' id='word_1_6' title='bbox 443 272 480 318; x_wconf 79' lang='lat' dir='ltr'><strong>S,</strong></span> <span class='ocrx_word' id='word_1_7' title='bbox 506 271 658 307; x_wconf 78' lang='lat'><strong>27-50.</strong></span> <span class='ocrx_word' id='word_1_8' title='bbox 687 275 781 319; x_wconf 87' lang='lat' dir='ltr'><strong>post</strong></span> <span class='ocrx_word' id='word_1_9' title='bbox 807 267 1024 310; x_wconf 88' lang='lat' dir='ltr'><strong>introitum</strong></span> <span class='ocrx_word' id='word_1_10' title='bbox 1049 268 1202 321; x_wconf 84' lang='lat' dir='ltr'><strong>pellicit</strong></span> <span class='ocrx_word' id='word_1_11' title='bbox 1225 270 1411 310; x_wconf 86' lang='lat' dir='ltr'><strong>Pholoen</strong></span> <span class='ocrx_word' id='word_1_12' title='bbox 1441 268 1493 308; x_wconf 88' lang='lat' dir='ltr'><strong>ad</strong></span> <span class='ocrx_word' id='word_1_13' title='bbox 1517 270 1608 309; x_wconf 82' lang='lat' dir='ltr'><strong>Ma-</strong></span> 
     </span>
     <span class='ocr_line' id='line_1_3' title="bbox 261 343 1608 397; baseline 0 -14"><span class='ocrx_word' id='word_1_14' title='bbox 261 344 368 383; x_wconf 84' lang='lat' dir='ltr'><strong>rathi</strong></span> <span class='ocrx_word' id='word_1_15' title='bbox 397 357 518 383; x_wconf 83' lang='lat' dir='ltr'><strong>usum</strong></span> <span class='ocrx_word' id='word_1_16' title='bbox 548 344 626 393; x_wconf 88' lang='lat' dir='ltr'><strong>sic,</strong></span> <span class='ocrx_word' id='word_1_17' title='bbox 668 350 713 381; x_wconf 90' lang='lat' dir='ltr'><strong>ut</strong></span> <span class='ocrx_word' id='word_1_18' title='bbox 750 343 932 395; x_wconf 87' lang='lat' dir='ltr'><strong>primum</strong></span> <span class='ocrx_word' id='word_1_19' title='bbox 970 344 1168 385; x_wconf 85' lang='lat' dir='ltr'><strong>iuvenilia</strong></span> <span class='ocrx_word' id='word_1_20' title='bbox 1206 346 1389 384; x_wconf 85' lang='lat' dir='ltr'><strong>membra</strong></span> <span class='ocrx_word' id='word_1_21' title='bbox 1420 345 1540 397; x_wconf 89' lang='lat' dir='ltr'><strong>pueri</strong></span> <span class='ocrx_word' id='word_1_22' title='bbox 1569 352 1608 383; x_wconf 87' lang='lat' dir='ltr'><strong>et</strong></span> 
     </span>
     <span class='ocr_line' id='line_1_4' title="bbox 261 419 1606 474; baseline 0.001 -16"><span class='ocrx_word' id='word_1_23' title='bbox 261 419 429 459; x_wconf 79' lang='lat' dir='ltr'><strong>humida</strong></span> <span class='ocrx_word' id='word_1_24' title='bbox 460 420 598 459; x_wconf 87' lang='lat' dir='ltr'><strong>oscula</strong></span> <span class='ocrx_word' id='word_1_25' title='bbox 627 419 884 460; x_wconf 85' lang='lat' dir='ltr'><strong>commendet</strong></span> <span class='ocrx_word' id='word_1_26' title='bbox 915 436 957 462; x_wconf 86' lang='lat' dir='ltr'><strong>v.</strong></span> <span class='ocrx_word' id='word_1_27' title='bbox 991 424 1150 471; x_wconf 83' lang='lat'><strong>31-38,</strong></span> <span class='ocrx_word' id='word_1_28' title='bbox 1191 429 1280 461; x_wconf 88' lang='lat' dir='ltr'><strong>tum</strong></span> <span class='ocrx_word' id='word_1_29' title='bbox 1320 428 1506 474; x_wconf 86' lang='lat' dir='ltr'><strong>opponat</strong></span> <span class='ocrx_word' id='word_1_30' title='bbox 1544 433 1606 460; x_wconf 88' lang='lat' dir='ltr'><strong>se-</strong></span> 
     </span>
     <span class='ocr_line' id='line_1_5' title="bbox 263 495 1608 551; baseline 0.001 -18"><span class='ocrx_word' id='word_1_31' title='bbox 263 504 464 535; x_wconf 77' lang='lat' dir='ltr'><strong>nectutem</strong></span> <span class='ocrx_word' id='word_1_32' title='bbox 506 495 663 535; x_wconf 75' lang='lat' dir='ltr'>tristem</span> <span class='ocrx_word' id='word_1_33' title='bbox 700 498 862 549; x_wconf 87' lang='lat' dir='ltr'><strong>puellae</strong></span> <span class='ocrx_word' id='word_1_34' title='bbox 902 506 996 551; x_wconf 88' lang='lat' dir='ltr'><strong>post</strong></span> <span class='ocrx_word' id='word_1_35' title='bbox 1037 500 1295 550; x_wconf 77' lang='lat' dir='ltr'><strong>absumptam</strong></span> <span class='ocrx_word' id='word_1_36' title='bbox 1329 497 1529 537; x_wconf 80' lang='lat' dir='ltr'><strong>inutiliter</strong></span> <span class='ocrx_word' id='word_1_37' title='bbox 1564 496 1608 535; x_wconf 85' lang='lat' dir='ltr'><strong>in</strong></span> 
     </span>
     <span class='ocr_line' id='line_1_6' title="bbox 261 570 1607 624; baseline 0.001 -15"><span class='ocrx_word' id='word_1_38' title='bbox 261 571 350 609; x_wconf 67' lang='lat' dir='ltr'><strong>rani</strong></span> <span class='ocrx_word' id='word_1_39' title='bbox 392 570 584 610; x_wconf 85' lang='lat' dir='ltr'><strong>amatoris</strong></span> <span class='ocrx_word' id='word_1_40' title='bbox 623 573 818 624; x_wconf 82' lang='lat' dir='ltr'><strong>amplexu</strong></span> <span class='ocrx_word' id='word_1_41' title='bbox 863 581 1038 613; x_wconf 89' lang='lat' dir='ltr'><strong>aetatem</strong></span> <span class='ocrx_word' id='word_1_42' title='bbox 1080 588 1120 614; x_wconf 88' lang='lat' dir='ltr'><strong>v.</strong></span> <span class='ocrx_word' id='word_1_43' title='bbox 1162 574 1315 612; x_wconf 85' lang='lat'><strong>39-46.</strong></span> <span class='ocrx_word' id='word_1_44' title='bbox 1393 572 1607 611; x_wconf 86' lang='lat' dir='ltr'><strong>Postremo</strong></span> 
     </span>
     <span class='ocr_line' id='line_1_7' title="bbox 259 646 1609 702; baseline 0.002 -18"><span class='ocrx_word' id='word_1_45' title='bbox 259 646 392 684; x_wconf 77' lang='lat' dir='ltr'><strong>exitus</strong></span> <span class='ocrx_word' id='word_1_46' title='bbox 423 646 638 686; x_wconf 85' lang='lat' dir='ltr'><strong>subiicitur</strong></span> <span class='ocrx_word' id='word_1_47' title='bbox 664 649 772 688; x_wconf 91' lang='lat' dir='ltr'><strong>loco.</strong></span> <span class='ocrx_word' id='word_1_48' title='bbox 836 648 962 689; x_wconf 87' lang='lat' dir='ltr'><strong>Aliud</strong></span> <span class='ocrx_word' id='word_1_49' title='bbox 992 651 1230 702; x_wconf 83' lang='lat' dir='ltr'><strong>exemplum</strong></span> <span class='ocrx_word' id='word_1_50' title='bbox 1257 649 1392 690; x_wconf 86' lang='lat' dir='ltr'><strong>statim</strong></span> <span class='ocrx_word' id='word_1_51' title='bbox 1422 649 1609 702; x_wconf 85' lang='lat' dir='ltr'><strong>sequitur</strong></span> 
     </span>
     <span class='ocr_line' id='line_1_8' title="bbox 258 722 1608 778; baseline 0.001 -17"><span class='ocrx_word' id='word_1_52' title='bbox 258 724 302 761; x_wconf 83' lang='lat' dir='ltr'><strong>in</strong></span> <span class='ocrx_word' id='word_1_53' title='bbox 334 722 480 765; x_wconf 85' lang='lat' dir='ltr'><strong>eodem</strong></span> <span class='ocrx_word' id='word_1_54' title='bbox 518 724 697 763; x_wconf 82' lang='lat' dir='ltr'><strong>carmine</strong></span> <span class='ocrx_word' id='word_1_55' title='bbox 727 739 768 765; x_wconf 84' lang='lat' dir='ltr'><strong>v.</strong></span> <span class='ocrx_word' id='word_1_56' title='bbox 799 726 950 765; x_wconf 78' lang='lat'><strong>55-64.</strong></span> <span class='ocrx_word' id='word_1_57' title='bbox 987 726 1061 765; x_wconf 90' lang='lat' dir='ltr'><strong>ubi</strong></span> <span class='ocrx_word' id='word_1_58' title='bbox 1099 740 1206 778; x_wconf 90' lang='lat' dir='ltr'><strong>puer</strong></span> <span class='ocrx_word' id='word_1_59' title='bbox 1234 726 1426 765; x_wconf 86' lang='lat' dir='ltr'><strong>miseram</strong></span> <span class='ocrx_word' id='word_1_60' title='bbox 1455 732 1608 763; x_wconf 85' lang='lat' dir='ltr'><strong>sortem</strong></span> 
     </span>
     <span class='ocr_line' id='line_1_9' title="bbox 260 798 1608 853; baseline -0.001 -15"><span class='ocrx_word' id='word_1_61' title='bbox 260 812 375 838; x_wconf 73' lang='lat' dir='ltr'><strong>suam</strong></span> <span class='ocrx_word' id='word_1_62' title='bbox 399 798 604 849; x_wconf 78' lang='lat' dir='ltr'><strong>describit,</strong></span> <span class='ocrx_word' id='word_1_63' title='bbox 635 801 707 853; x_wconf 88' lang='lat' dir='ltr'><strong>qui</strong></span> <span class='ocrx_word' id='word_1_64' title='bbox 727 801 903 840; x_wconf 85' lang='lat' dir='ltr'><strong>Veneris</strong></span> <span class='ocrx_word' id='word_1_65' title='bbox 927 801 1103 842; x_wconf 84' lang='lat' dir='ltr'><strong>furtivae</strong></span> <span class='ocrx_word' id='word_1_66' title='bbox 1135 809 1241 840; x_wconf 88' lang='lat' dir='ltr'><strong>artes</strong></span> <span class='ocrx_word' id='word_1_67' title='bbox 1272 800 1424 853; x_wconf 89' lang='lat' dir='ltr'><strong>optime</strong></span> <span class='ocrx_word' id='word_1_68' title='bbox 1455 800 1608 848; x_wconf 75' lang='lat' dir='ltr'><strong>calleat,</strong></span> 
     </span>
     <span class='ocr_line' id='line_1_10' title="bbox 259 877 1608 929; baseline 0 -15"><span class='ocrx_word' id='word_1_69' title='bbox 259 885 298 914; x_wconf 77' lang='lat' dir='ltr'><strong>at</strong></span> <span class='ocrx_word' id='word_1_70' title='bbox 328 878 509 929; x_wconf 77' lang='lat' dir='ltr'><strong>puellam</strong></span> <span class='ocrx_word' id='word_1_71' title='bbox 539 879 664 918; x_wconf 87' lang='lat' dir='ltr'><strong>nolle.</strong></span> <span class='ocrx_word' id='word_1_72' title='bbox 731 879 865 918; x_wconf 85' lang='lat' dir='ltr'><strong>Porro</strong></span> <span class='ocrx_word' id='word_1_73' title='bbox 894 877 989 919; x_wconf 84' lang='lat' dir='ltr'><strong>vide</strong></span> <span class='ocrx_word' id='word_1_74' title='bbox 1018 879 1142 918; x_wconf 89' lang='lat' dir='ltr'><strong>haec:</strong></span> <span class='ocrx_word' id='word_1_75' title='bbox 1181 877 1213 928; x_wconf 98' lang='grc' dir='ltr'>Ι,</span> <span class='ocrx_word' id='word_1_76' title='bbox 1244 882 1283 928; x_wconf 84' lang='grc'>2,</span> <span class='ocrx_word' id='word_1_77' title='bbox 1314 881 1464 917; x_wconf 91' lang='grc'>67-80.</span> <span class='ocrx_word' id='word_1_78' title='bbox 1494 888 1608 915; x_wconf 83' lang='lat' dir='ltr'><strong>amo-</strong></span> 
     </span>
     <span class='ocr_line' id='line_1_11' title="bbox 257 953 1607 1006; baseline 0.001 -16"><span class='ocrx_word' id='word_1_79' title='bbox 257 953 311 990; x_wconf 83' lang='lat' dir='ltr'><strong>ris</strong></span> <span class='ocrx_word' id='word_1_80' title='bbox 352 954 415 991; x_wconf 80' lang='lat' dir='ltr'><strong>sui</strong></span> <span class='ocrx_word' id='word_1_81' title='bbox 454 953 538 994; x_wconf 86' lang='lat' dir='ltr'><strong>vim</strong></span> <span class='ocrx_word' id='word_1_82' title='bbox 577 954 836 1006; x_wconf 88' lang='lat' dir='ltr'><strong>oppositione</strong></span> <span class='ocrx_word' id='word_1_83' title='bbox 877 954 1016 994; x_wconf 86' lang='lat' dir='ltr'><strong>rivalis</strong></span> <span class='ocrx_word' id='word_1_84' title='bbox 1054 954 1254 1006; x_wconf 82' lang='lat' dir='ltr'><strong>illustrat3</strong></span> <span class='ocrx_word' id='word_1_85' title='bbox 1298 955 1350 1004; x_wconf 89' lang='grc' dir='ltr'><strong>ΙΙ,</strong></span> <span class='ocrx_word' id='word_1_86' title='bbox 1380 955 1419 1003; x_wconf 81' lang='grc'>4,</span> <span class='ocrx_word' id='word_1_87' title='bbox 1454 957 1607 994; x_wconf 83' lang='lat'>39-50.</span> 
     </span>
     <span class='ocr_line' id='line_1_12' title="bbox 257 1029 1606 1085; baseline 0.004 -20"><span class='ocrx_word' id='word_1_88' title='bbox 257 1041 472 1068; x_wconf 70' lang='lat' dir='ltr'><strong>exsecrans</strong></span> <span class='ocrx_word' id='word_1_89' title='bbox 508 1029 696 1071; x_wconf 83' lang='lat' dir='ltr'><strong>Nemesis</strong></span> <span class='ocrx_word' id='word_1_90' title='bbox 727 1031 938 1072; x_wconf 87' lang='lat' dir='ltr'><strong>avaritiam</strong></span> <span class='ocrx_word' id='word_1_91' title='bbox 976 1032 1060 1073; x_wconf 88' lang='lat' dir='ltr'><strong>vim</strong></span> <span class='ocrx_word' id='word_1_92' title='bbox 1090 1032 1274 1085; x_wconf 84' lang='lat' dir='ltr'><strong>picturae</strong></span> <span class='ocrx_word' id='word_1_93' title='bbox 1314 1039 1434 1082; x_wconf 84' lang='lat' dir='ltr'><strong>auget</strong></span> <span class='ocrx_word' id='word_1_94' title='bbox 1475 1043 1606 1082; x_wconf 91' lang='lat' dir='ltr'><strong>oppo-</strong></span> 
     </span>
     <span class='ocr_line' id='line_1_13' title="bbox 257 1102 1605 1158; baseline 0.003 -18"><span class='ocrx_word' id='word_1_95' title='bbox 257 1102 404 1141; x_wconf 78' lang='lat' dir='ltr'><strong>sitione</strong></span> <span class='ocrx_word' id='word_1_96' title='bbox 434 1105 569 1143; x_wconf 87' lang='lat' dir='ltr'><strong>bonae</strong></span> <span class='ocrx_word' id='word_1_97' title='bbox 602 1107 765 1157; x_wconf 87' lang='lat' dir='ltr'><strong>puellae</strong></span> <span class='ocrx_word' id='word_1_98' title='bbox 795 1108 1011 1158; x_wconf 84' lang='lat' dir='ltr'><strong>luctusque</strong></span> <span class='ocrx_word' id='word_1_99' title='bbox 1041 1106 1138 1145; x_wconf 89' lang='lat' dir='ltr'><strong>huie</strong></span> <span class='ocrx_word' id='word_1_100' title='bbox 1173 1113 1268 1158; x_wconf 80' lang='lat' dir='ltr'><strong>post</strong></span> <span class='ocrx_word' id='word_1_101' title='bbox 1301 1114 1475 1145; x_wconf 87' lang='lat' dir='ltr'><strong>mortem</strong></span> <span class='ocrx_word' id='word_1_102' title='bbox 1507 1118 1605 1145; x_wconf 88' lang='lat' dir='ltr'><strong>con-</strong></span> 
     </span>
     <span class='ocr_line' id='line_1_14' title="bbox 257 1178 1605 1234; baseline 0.003 -18"><span class='ocrx_word' id='word_1_103' title='bbox 257 1178 422 1229; x_wconf 75' lang='lat' dir='ltr'><strong>secrati3</strong></span> <span class='ocrx_word' id='word_1_104' title='bbox 466 1178 509 1217; x_wconf 85' lang='lat' dir='ltr'><strong>in</strong></span> <span class='ocrx_word' id='word_1_105' title='bbox 542 1181 669 1231; x_wconf 79' lang='lat' dir='ltr'><strong>elegia</strong></span> <span class='ocrx_word' id='word_1_106' title='bbox 710 1181 742 1231; x_wconf 95' lang='grc' dir='ltr'><strong>Ι,</strong></span> <span class='ocrx_word' id='word_1_107' title='bbox 774 1184 814 1220; x_wconf 89' lang='grc'><strong>5.</strong></span> <span class='ocrx_word' id='word_1_108' title='bbox 855 1189 999 1221; x_wconf 87' lang='lat' dir='ltr'><strong>autem.</strong></span> <span class='ocrx_word' id='word_1_109' title='bbox 1030 1195 1070 1221; x_wconf 90' lang='lat' dir='ltr'><strong>v.</strong></span> <span class='ocrx_word' id='word_1_110' title='bbox 1100 1180 1152 1219; x_wconf 82' lang='lat'><strong>49</strong></span> <span class='ocrx_word' id='word_1_111' title='bbox 1185 1194 1276 1234; x_wconf 87' lang='lat' dir='ltr'><strong>sqq.</strong></span> <span class='ocrx_word' id='word_1_112' title='bbox 1314 1181 1433 1220; x_wconf 87' lang='lat' dir='ltr'><strong>lenae</strong></span> <span class='ocrx_word' id='word_1_113' title='bbox 1472 1181 1605 1232; x_wconf 87' lang='lat' dir='ltr'><strong>turpi-</strong></span> 
     </span>
     <span class='ocr_line' id='line_1_15' title="bbox 254 1253 1605 1308; baseline 0.002 -16"><span class='ocrx_word' id='word_1_114' title='bbox 254 1253 356 1292; x_wconf 77' lang='lat' dir='ltr'><strong>tudo</strong></span> <span class='ocrx_word' id='word_1_115' title='bbox 389 1262 429 1293; x_wconf 86' lang='lat' dir='ltr'><strong>et</strong></span> <span class='ocrx_word' id='word_1_116' title='bbox 469 1255 602 1294; x_wconf 75' lang='lat' dir='ltr'><strong>officia</strong></span> <span class='ocrx_word' id='word_1_117' title='bbox 640 1254 782 1294; x_wconf 85' lang='lat' dir='ltr'><strong>sedula</strong></span> <span class='ocrx_word' id='word_1_118' title='bbox 816 1257 987 1296; x_wconf 88' lang='lat' dir='ltr'><strong>amantis</strong></span> <span class='ocrx_word' id='word_1_119' title='bbox 1021 1255 1074 1295; x_wconf 86' lang='lat' dir='ltr'><strong>ad</strong></span> <span class='ocrx_word' id='word_1_120' title='bbox 1106 1270 1235 1296; x_wconf 87' lang='lat' dir='ltr'><strong>unum</strong></span> <span class='ocrx_word' id='word_1_121' title='bbox 1264 1255 1388 1295; x_wconf 88' lang='lat' dir='ltr'><strong>finem</strong></span> <span class='ocrx_word' id='word_1_122' title='bbox 1418 1256 1497 1296; x_wconf 90' lang='lat' dir='ltr'><strong>sibi</strong></span> <span class='ocrx_word' id='word_1_123' title='bbox 1532 1270 1605 1308; x_wconf 92' lang='lat' dir='ltr'><strong>op-</strong></span> 
     </span>
     <span class='ocr_line' id='line_1_16' title="bbox 260 1330 1603 1384; baseline 0.004 -17"><span class='ocrx_word' id='word_1_124' title='bbox 260 1338 474 1380; x_wconf 66' lang='lat' dir='ltr'><strong>ponuntur</strong></span> <span class='ocrx_word' id='word_1_125' title='bbox 509 1331 680 1381; x_wconf 78' lang='lat' dir='ltr'><strong>egregie.</strong></span> <span class='ocrx_word' id='word_1_126' title='bbox 737 1330 819 1370; x_wconf 87' lang='lat' dir='ltr'><strong>Sed</strong></span> <span class='ocrx_word' id='word_1_127' title='bbox 848 1333 892 1370; x_wconf 88' lang='lat' dir='ltr'><strong>in</strong></span> <span class='ocrx_word' id='word_1_128' title='bbox 923 1332 1068 1371; x_wconf 88' lang='lat' dir='ltr'><strong>eodem</strong></span> <span class='ocrx_word' id='word_1_129' title='bbox 1107 1333 1308 1382; x_wconf 85' lang='lat' dir='ltr'><strong>carmine,</strong></span> <span class='ocrx_word' id='word_1_130' title='bbox 1339 1334 1370 1384; x_wconf 91' lang='grc' dir='ltr'>Ι,</span> <span class='ocrx_word' id='word_1_131' title='bbox 1404 1338 1441 1383; x_wconf 89' lang='grc'><strong>5,</strong></span> <span class='ocrx_word' id='word_1_132' title='bbox 1482 1335 1603 1373; x_wconf 76' lang='grc'><strong>9-49.</strong></span> 
     </span>
     <span class='ocr_line' id='line_1_17' title="bbox 257 1406 1602 1458; baseline 0.003 -15"><span class='ocrx_word' id='word_1_133' title='bbox 257 1407 377 1444; x_wconf 76' lang='lat' dir='ltr'><strong>etiam</strong></span> <span class='ocrx_word' id='word_1_134' title='bbox 415 1406 614 1445; x_wconf 80' lang='lat' dir='ltr'><strong>illustrius</strong></span> <span class='ocrx_word' id='word_1_135' title='bbox 657 1409 894 1458; x_wconf 83' lang='lat' dir='ltr'><strong>exemplum</strong></span> <span class='ocrx_word' id='word_1_136' title='bbox 939 1408 1247 1458; x_wconf 83' lang='lat' dir='ltr'><strong>compositionis</strong></span> <span class='ocrx_word' id='word_1_137' title='bbox 1290 1408 1414 1447; x_wconf 80' lang='lat' dir='ltr'><strong>huius</strong></span> <span class='ocrx_word' id='word_1_138' title='bbox 1459 1417 1602 1456; x_wconf 75' lang='lat' dir='ltr'><strong>exstat,</strong></span> 
     </span>
     <span class='ocr_line' id='line_1_18' title="bbox 259 1483 1603 1535; baseline 0.001 -14"><span class='ocrx_word' id='word_1_139' title='bbox 259 1484 330 1522; x_wconf 64' lang='lat' dir='ltr'><strong>nbi</strong></span> <span class='ocrx_word' id='word_1_140' title='bbox 358 1487 468 1522; x_wconf 66' lang='lat' dir='ltr'><strong>trium</strong></span> <span class='ocrx_word' id='word_1_141' title='bbox 497 1485 684 1523; x_wconf 88' lang='lat' dir='ltr'><strong>locorum</strong></span> <span class='ocrx_word' id='word_1_142' title='bbox 720 1484 824 1523; x_wconf 89' lang='lat' dir='ltr'><strong>serie</strong></span> <span class='ocrx_word' id='word_1_143' title='bbox 864 1485 1152 1535; x_wconf 87' lang='lat' dir='ltr'><strong>oppositorum</strong></span> <span class='ocrx_word' id='word_1_144' title='bbox 1192 1483 1241 1523; x_wconf 89' lang='lat' dir='ltr'><strong>de</strong></span> <span class='ocrx_word' id='word_1_145' title='bbox 1273 1499 1372 1524; x_wconf 83' lang='lat' dir='ltr'><strong>eura</strong></span> <span class='ocrx_word' id='word_1_146' title='bbox 1403 1485 1508 1525; x_wconf 84' lang='lat' dir='ltr'><strong>circa</strong></span> <span class='ocrx_word' id='word_1_147' title='bbox 1537 1499 1603 1524; x_wconf 81' lang='lat' dir='ltr'><strong>ae-</strong></span> 
     </span>
     <span class='ocr_line' id='line_1_19' title="bbox 255 1558 1602 1612; baseline 0.003 -16"><span class='ocrx_word' id='word_1_148' title='bbox 255 1566 485 1609; x_wconf 63' lang='lat' dir='ltr'><strong>grotantem</strong></span> <span class='ocrx_word' id='word_1_149' title='bbox 515 1567 701 1609; x_wconf 81' lang='lat' dir='ltr'><strong>amatam,</strong></span> <span class='ocrx_word' id='word_1_150' title='bbox 740 1558 789 1598; x_wconf 86' lang='lat' dir='ltr'><strong>de</strong></span> <span class='ocrx_word' id='word_1_151' title='bbox 820 1560 1011 1599; x_wconf 81' lang='lat' dir='ltr'><strong>felicitate</strong></span> <span class='ocrx_word' id='word_1_152' title='bbox 1042 1559 1139 1599; x_wconf 83' lang='lat' dir='ltr'><strong>inde</strong></span> <span class='ocrx_word' id='word_1_153' title='bbox 1169 1568 1331 1612; x_wconf 85' lang='lat' dir='ltr'><strong>sperata</strong></span> <span class='ocrx_word' id='word_1_154' title='bbox 1360 1561 1522 1609; x_wconf 66' lang='lat' dir='ltr'><strong>frustra,</strong></span> <span class='ocrx_word' id='word_1_155' title='bbox 1553 1560 1602 1600; x_wconf 86' lang='lat' dir='ltr'><strong>de</strong></span> 
     </span>
     <span class='ocr_line' id='line_1_20' title="bbox 257 1633 1605 1690; baseline 0.004 -18"><span class='ocrx_word' id='word_1_156' title='bbox 257 1633 400 1674; x_wconf 62' lang='lat' dir='ltr'><strong>(tulere</strong></span> <span class='ocrx_word' id='word_1_157' title='bbox 442 1635 567 1674; x_wconf 87' lang='lat' dir='ltr'><strong>animi</strong></span> <span class='ocrx_word' id='word_1_158' title='bbox 605 1643 693 1674; x_wconf 87' lang='lat' dir='ltr'><strong>tum</strong></span> <span class='ocrx_word' id='word_1_159' title='bbox 731 1644 822 1675; x_wconf 88' lang='lat' dir='ltr'><strong>orto</strong></span> <span class='ocrx_word' id='word_1_160' title='bbox 863 1637 1077 1688; x_wconf 78' lang='lat' dir='ltr'><strong>magnifica</strong></span> <span class='ocrx_word' id='word_1_161' title='bbox 1113 1637 1173 1677; x_wconf 84' lang='lat' dir='ltr'><strong>vis</strong></span> <span class='ocrx_word' id='word_1_162' title='bbox 1211 1639 1404 1690; x_wconf 83' lang='lat' dir='ltr'><strong>querelae</strong></span> <span class='ocrx_word' id='word_1_163' title='bbox 1437 1637 1605 1677; x_wconf 77' lang='lat' dir='ltr'><strong>exsistit.</strong></span> 
     </span>
     <span class='ocr_line' id='line_1_21' title="bbox 257 1711 1600 1764; baseline 0.001 -16"><span class='ocrx_word' id='word_1_164' title='bbox 257 1716 393 1762; x_wconf 57' lang='lat' dir='ltr'><strong>Atque</strong></span> <span class='ocrx_word' id='word_1_165' title='bbox 423 1711 501 1751; x_wconf 88' lang='lat' dir='ltr'><strong>hoc</strong></span> <span class='ocrx_word' id='word_1_166' title='bbox 541 1725 747 1750; x_wconf 86' lang='lat' dir='ltr'><strong>summum</strong></span> <span class='ocrx_word' id='word_1_167' title='bbox 786 1720 846 1750; x_wconf 89' lang='lat' dir='ltr'><strong>est</strong></span> <span class='ocrx_word' id='word_1_168' title='bbox 884 1712 928 1750; x_wconf 91' lang='lat' dir='ltr'><strong>in</strong></span> <span class='ocrx_word' id='word_1_169' title='bbox 968 1712 1047 1750; x_wconf 90' lang='lat' dir='ltr'><strong>hoc</strong></span> <span class='ocrx_word' id='word_1_170' title='bbox 1082 1726 1254 1762; x_wconf 83' lang='lat' dir='ltr'><strong>genere3</strong></span> <span class='ocrx_word' id='word_1_171' title='bbox 1295 1713 1600 1764; x_wconf 85' lang='lat' dir='ltr'><strong>quaternarium</strong></span> 
     </span>
     <span class='ocr_line' id='line_1_22' title="bbox 256 1785 1602 1840; baseline 0.004 -17"><span class='ocrx_word' id='word_1_172' title='bbox 256 1800 474 1825; x_wconf 56' lang='lat' dir='ltr'><strong>nui-nerum</strong></span> <span class='ocrx_word' id='word_1_173' title='bbox 503 1785 715 1826; x_wconf 84' lang='lat' dir='ltr'><strong>admittere</strong></span> <span class='ocrx_word' id='word_1_174' title='bbox 746 1801 834 1826; x_wconf 88' lang='lat' dir='ltr'><strong>non</strong></span> <span class='ocrx_word' id='word_1_175' title='bbox 861 1789 1008 1840; x_wconf 83' lang='lat' dir='ltr'><strong>potuit.</strong></span> <span class='ocrx_word' id='word_1_176' title='bbox 1065 1788 1260 1827; x_wconf 86' lang='lat' dir='ltr'><strong>Ceterum</strong></span> <span class='ocrx_word' id='word_1_177' title='bbox 1283 1795 1399 1826; x_wconf 85' lang='lat' dir='ltr'><strong>tanta</strong></span> <span class='ocrx_word' id='word_1_178' title='bbox 1421 1789 1482 1828; x_wconf 88' lang='lat' dir='ltr'><strong>vis</strong></span> <span class='ocrx_word' id='word_1_179' title='bbox 1505 1802 1602 1828; x_wconf 86' lang='lat' dir='ltr'><strong>con-</strong></span> 
     </span>
     <span class='ocr_line' id='line_1_23' title="bbox 254 1861 1600 1913; baseline 0.004 -14"><span class='ocrx_word' id='word_1_180' title='bbox 254 1862 458 1900; x_wconf 58' lang='lat' dir='ltr'><strong>cinnitatis</strong></span> <span class='ocrx_word' id='word_1_181' title='bbox 490 1861 600 1913; x_wconf 89' lang='lat' dir='ltr'><strong>apud</strong></span> <span class='ocrx_word' id='word_1_182' title='bbox 629 1863 842 1901; x_wconf 85' lang='lat' dir='ltr'><strong>Tibullum</strong></span> <span class='ocrx_word' id='word_1_183' title='bbox 873 1871 941 1911; x_wconf 86' lang='lat' dir='ltr'><strong>est,</strong></span> <span class='ocrx_word' id='word_1_184' title='bbox 970 1871 1016 1902; x_wconf 90' lang='lat' dir='ltr'><strong>ut</strong></span> <span class='ocrx_word' id='word_1_185' title='bbox 1044 1864 1110 1904; x_wconf 81' lang='lat' dir='ltr'><strong>vel</strong></span> <span class='ocrx_word' id='word_1_186' title='bbox 1138 1864 1182 1902; x_wconf 90' lang='lat' dir='ltr'><strong>in</strong></span> <span class='ocrx_word' id='word_1_187' title='bbox 1210 1864 1274 1902; x_wconf 80' lang='lat' dir='ltr'><strong>his</strong></span> <span class='ocrx_word' id='word_1_188' title='bbox 1306 1863 1435 1902; x_wconf 88' lang='lat' dir='ltr'><strong>allatis</strong></span> <span class='ocrx_word' id='word_1_189' title='bbox 1464 1877 1600 1904; x_wconf 73' lang='lat' dir='ltr'><strong>exem-</strong></span> 
     </span>
     <span class='ocr_line' id='line_1_24' title="bbox 254 1936 1600 1992; baseline 0.004 -19"><span class='ocrx_word' id='word_1_190' title='bbox 254 1938 341 1987; x_wconf 69' lang='lat' dir='ltr'><strong>ptis,</strong></span> <span class='ocrx_word' id='word_1_191' title='bbox 374 1938 447 1975; x_wconf 90' lang='lat' dir='ltr'><strong>ubi</strong></span> <span class='ocrx_word' id='word_1_192' title='bbox 474 1950 560 1975; x_wconf 90' lang='lat' dir='ltr'><strong>non</strong></span> <span class='ocrx_word' id='word_1_193' title='bbox 586 1936 758 1977; x_wconf 88' lang='lat' dir='ltr'><strong>disticha</strong></span> <span class='ocrx_word' id='word_1_194' title='bbox 787 1936 978 1987; x_wconf 82' lang='lat' dir='ltr'><strong>distichis,</strong></span> <span class='ocrx_word' id='word_1_195' title='bbox 1011 1938 1083 1978; x_wconf 88' lang='lat' dir='ltr'><strong>sed</strong></span> <span class='ocrx_word' id='word_1_196' title='bbox 1111 1939 1286 1978; x_wconf 85' lang='lat' dir='ltr'><strong>maiores</strong></span> <span class='ocrx_word' id='word_1_197' title='bbox 1316 1940 1397 1978; x_wconf 89' lang='lat' dir='ltr'><strong>loci</strong></span> <span class='ocrx_word' id='word_1_198' title='bbox 1425 1939 1502 1978; x_wconf 84' lang='lat' dir='ltr'><strong>sibi</strong></span> <span class='ocrx_word' id='word_1_199' title='bbox 1527 1954 1600 1992; x_wconf 83' lang='lat' dir='ltr'><strong>op-</strong></span> 
     </span>
     <span class='ocr_line' id='line_1_25' title="bbox 252 2014 1596 2071; baseline 0.001 -20"><span class='ocrx_word' id='word_1_200' title='bbox 252 2021 487 2065; x_wconf 60' lang='lat' dir='ltr'><strong>ponuntur,</strong></span> <span class='ocrx_word' id='word_1_201' title='bbox 516 2016 761 2071; x_wconf 84' lang='lat' dir='ltr'><strong>plerumque</strong></span> <span class='ocrx_word' id='word_1_202' title='bbox 793 2015 1018 2069; x_wconf 88' lang='lat' dir='ltr'><strong>aequabilis</strong></span> <span class='ocrx_word' id='word_1_203' title='bbox 1047 2014 1285 2067; x_wconf 78' lang='lat' dir='ltr'><strong>magnitudo</strong></span> <span class='ocrx_word' id='word_1_204' title='bbox 1317 2014 1596 2067; x_wconf 82' lang='lat' dir='ltr'><strong>oppositarum</strong></span> 
     </span>
     <span class='ocr_line' id='line_1_26' title="bbox 256 2088 1376 2144; baseline 0.004 -18"><span class='ocrx_word' id='word_1_205' title='bbox 256 2089 432 2139; x_wconf 61' lang='lat' dir='ltr'><strong>partium</strong></span> <span class='ocrx_word' id='word_1_206' title='bbox 466 2088 811 2141; x_wconf 83' lang='lat' dir='ltr'><strong>deprehendatur.</strong></span> <span class='ocrx_word' id='word_1_207' title='bbox 866 2092 1002 2144; x_wconf 83' lang='lat' dir='ltr'><strong>Atque</strong></span> <span class='ocrx_word' id='word_1_208' title='bbox 1032 2091 1133 2131; x_wconf 84' lang='lat' dir='ltr'><strong>haec</strong></span> <span class='ocrx_word' id='word_1_209' title='bbox 1163 2092 1376 2130; x_wconf 83' lang='lat' dir='ltr'><strong>hactenus.</strong></span> 
     </span>
    </p>

    <p class='ocr_par' dir='ltr' id='par_1_3' title="bbox 253 2165 1599 2594">
     <span class='ocr_line' id='line_1_27' title="bbox 368 2165 1596 2218; baseline 0.002 -16"><span class='ocrx_word' id='word_1_210' title='bbox 368 2165 491 2203; x_wconf 65' lang='lat' dir='ltr'><strong>Tel-lia</strong></span> <span class='ocrx_word' id='word_1_211' title='bbox 535 2165 669 2204; x_wconf 78' lang='lat' dir='ltr'><strong>forma</strong></span> <span class='ocrx_word' id='word_1_212' title='bbox 713 2166 1020 2218; x_wconf 79' lang='lat' dir='ltr'><strong>compositionis</strong></span> <span class='ocrx_word' id='word_1_213' title='bbox 1062 2168 1240 2216; x_wconf 73' lang='lat' dir='ltr'><strong>gradatio</strong></span> <span class='ocrx_word' id='word_1_214' title='bbox 1285 2174 1362 2216; x_wconf 70' lang='lat' dir='ltr'><strong>est,</strong></span> <span class='ocrx_word' id='word_1_215' title='bbox 1407 2166 1479 2205; x_wconf 89' lang='lat' dir='ltr'><strong>ubi</strong></span> <span class='ocrx_word' id='word_1_216' title='bbox 1520 2166 1596 2205; x_wconf 78' lang='lat' dir='ltr'><strong>orti</strong></span> 
     </span>
     <span class='ocr_line' id='line_1_28' title="bbox 255 2238 1598 2291; baseline 0.001 -14"><span class='ocrx_word' id='word_1_217' title='bbox 255 2238 455 2278; x_wconf 70' lang='lat' dir='ltr'><strong>divisione</strong></span> <span class='ocrx_word' id='word_1_218' title='bbox 487 2242 717 2290; x_wconf 79' lang='lat' dir='ltr'><strong>argumenti</strong></span> <span class='ocrx_word' id='word_1_219' title='bbox 745 2241 957 2281; x_wconf 85' lang='lat' dir='ltr'><strong>cuiusdam</strong></span> <span class='ocrx_word' id='word_1_220' title='bbox 988 2241 1153 2282; x_wconf 82' lang='lat' dir='ltr'><strong>ordines</strong></span> <span class='ocrx_word' id='word_1_221' title='bbox 1174 2256 1315 2281; x_wconf 87' lang='lat' dir='ltr'><strong>rerum</strong></span> <span class='ocrx_word' id='word_1_222' title='bbox 1338 2240 1489 2282; x_wconf 79' lang='lat' dir='ltr'><strong>diversi</strong></span> <span class='ocrx_word' id='word_1_223' title='bbox 1509 2255 1598 2291; x_wconf 80' lang='lat' dir='ltr'><strong>gra-</strong></span> 
     </span>
     <span class='ocr_line' id='line_1_29' title="bbox 256 2315 1599 2357; baseline 0.001 -5"><span class='ocrx_word' id='word_1_224' title='bbox 256 2316 378 2353; x_wconf 60' lang='lat' dir='ltr'><strong>datim</strong></span> <span class='ocrx_word' id='word_1_225' title='bbox 423 2325 624 2355; x_wconf 79' lang='lat' dir='ltr'><strong>crescente</strong></span> <span class='ocrx_word' id='word_1_226' title='bbox 663 2317 705 2356; x_wconf 79' lang='lat' dir='ltr'><strong>vi</strong></span> <span class='ocrx_word' id='word_1_227' title='bbox 749 2317 826 2356; x_wconf 85' lang='lat' dir='ltr'><strong>sibi</strong></span> <span class='ocrx_word' id='word_1_228' title='bbox 866 2316 1104 2357; x_wconf 86' lang='lat' dir='ltr'><strong>succedunt.</strong></span> <span class='ocrx_word' id='word_1_229' title='bbox 1175 2318 1234 2356; x_wconf 93' lang='lat' dir='ltr'><strong>Ac</strong></span> <span class='ocrx_word' id='word_1_230' title='bbox 1273 2317 1462 2356; x_wconf 87' lang='lat' dir='ltr'><strong>Tibullus</strong></span> <span class='ocrx_word' id='word_1_231' title='bbox 1497 2315 1599 2355; x_wconf 82' lang='lat' dir='ltr'><strong>duos</strong></span> 
     </span>
     <span class='ocr_line' id='line_1_30' title="bbox 257 2390 1599 2444; baseline 0.001 -16"><span class='ocrx_word' id='word_1_232' title='bbox 257 2391 340 2430; x_wconf 77' lang='lat' dir='ltr'><strong>[ere</strong></span> <span class='ocrx_word' id='word_1_233' title='bbox 371 2398 440 2429; x_wconf 84' lang='lat' dir='ltr'><strong>aut</strong></span> <span class='ocrx_word' id='word_1_234' title='bbox 469 2398 551 2430; x_wconf 87' lang='lat' dir='ltr'><strong>tres</strong></span> <span class='ocrx_word' id='word_1_235' title='bbox 583 2390 747 2432; x_wconf 89' lang='lat' dir='ltr'><strong>ordines</strong></span> <span class='ocrx_word' id='word_1_236' title='bbox 776 2393 913 2432; x_wconf 86' lang='lat' dir='ltr'><strong>habet.</strong></span> <span class='ocrx_word' id='word_1_237' title='bbox 981 2393 1206 2432; x_wconf 84' lang='lat' dir='ltr'><strong>Videamus</strong></span> <span class='ocrx_word' id='word_1_238' title='bbox 1237 2393 1416 2444; x_wconf 86' lang='lat' dir='ltr'><strong>primum</strong></span> <span class='ocrx_word' id='word_1_239' title='bbox 1447 2391 1599 2442; x_wconf 79' lang='lat' dir='ltr'><strong>simpli-</strong></span> 
     </span>
     <span class='ocr_line' id='line_1_31' title="bbox 253 2466 1596 2521; baseline 0.001 -17"><span class='ocrx_word' id='word_1_240' title='bbox 253 2467 376 2504; x_wconf 63' lang='lat' dir='ltr'><strong>(iore.</strong></span> <span class='ocrx_word' id='word_1_241' title='bbox 432 2466 560 2517; x_wconf 77' lang='lat' dir='ltr'><strong>Igitur</strong></span> <span class='ocrx_word' id='word_1_242' title='bbox 597 2466 700 2506; x_wconf 85' lang='lat' dir='ltr'><strong>duae</strong></span> <span class='ocrx_word' id='word_1_243' title='bbox 734 2478 829 2508; x_wconf 85' lang='lat' dir='ltr'><strong>sunt</strong></span> <span class='ocrx_word' id='word_1_244' title='bbox 863 2478 1000 2521; x_wconf 86' lang='lat' dir='ltr'><strong>partes</strong></span> <span class='ocrx_word' id='word_1_245' title='bbox 1029 2469 1278 2521; x_wconf 77' lang='lat' dir='ltr'><strong>gradationis</strong></span> <span class='ocrx_word' id='word_1_246' title='bbox 1310 2470 1355 2507; x_wconf 92' lang='lat' dir='ltr'><strong>in</strong></span> <span class='ocrx_word' id='word_1_247' title='bbox 1384 2468 1447 2506; x_wconf 84' lang='lat' dir='ltr'><strong>his</strong></span> <span class='ocrx_word' id='word_1_248' title='bbox 1476 2468 1596 2507; x_wconf 81' lang='lat' dir='ltr'><strong>locis:</strong></span> 
     </span>
     <span class='ocr_line' id='line_1_32' title="bbox 253 2541 1595 2594; baseline 0.001 -14"><span class='ocrx_word' id='word_1_249' title='bbox 253 2542 386 2580; x_wconf 67' lang='lat' dir='ltr'><strong>[artu.</strong></span> <span class='ocrx_word' id='word_1_250' title='bbox 415 2541 445 2589; x_wconf 92' lang='grc' dir='ltr'>Ι,</span> <span class='ocrx_word' id='word_1_251' title='bbox 472 2544 509 2589; x_wconf 83' lang='grc'>3,</span> <span class='ocrx_word' id='word_1_252' title='bbox 542 2545 660 2581; x_wconf 80' lang='grc'>9-20.</span> <span class='ocrx_word' id='word_1_253' title='bbox 693 2545 939 2584; x_wconf 74' lang='lat' dir='ltr'><strong>anxietatem</strong></span> <span class='ocrx_word' id='word_1_254' title='bbox 970 2546 1013 2583; x_wconf 89' lang='lat' dir='ltr'><strong>in</strong></span> <span class='ocrx_word' id='word_1_255' title='bbox 1045 2544 1222 2584; x_wconf 83' lang='lat' dir='ltr'><strong>discessu</strong></span> <span class='ocrx_word' id='word_1_256' title='bbox 1253 2557 1327 2583; x_wconf 87' lang='lat' dir='ltr'><strong>suo</strong></span> <span class='ocrx_word' id='word_1_257' title='bbox 1359 2552 1595 2594; x_wconf 77' lang='lat' dir='ltr'><strong>regnantem</strong></span> 
     </span>
    </p>
   </div>
   <div class='ocr_carea' id='block_1_3' title="bbox 252 2617 1595 2672">
    <p class='ocr_par' dir='ltr' id='par_1_4' title="bbox 252 2617 1595 2672">
     <span class='ocr_line' id='line_1_33' title="bbox 252 2617 1595 2672; baseline 0.002 -16"><span class='ocrx_word' id='word_1_258' title='bbox 252 2618 445 2669; x_wconf 61' lang='lat' dir='ltr'><strong>bipartito</strong></span> <span class='ocrx_word' id='word_1_259' title='bbox 476 2617 667 2659; x_wconf 80' lang='lat' dir='ltr'><strong>describit</strong></span> <span class='ocrx_word' id='word_1_260' title='bbox 700 2620 765 2670; x_wconf 76' lang='lat' dir='ltr'><strong>ita,</strong></span> <span class='ocrx_word' id='word_1_261' title='bbox 797 2630 842 2662; x_wconf 85' lang='lat' dir='ltr'><strong>ut</strong></span> <span class='ocrx_word' id='word_1_262' title='bbox 869 2630 908 2662; x_wconf 89' lang='lat' dir='ltr'><strong>et</strong></span> <span class='ocrx_word' id='word_1_263' title='bbox 932 2622 1077 2663; x_wconf 85' lang='lat' dir='ltr'><strong>Deliae</strong></span> <span class='ocrx_word' id='word_1_264' title='bbox 1108 2620 1423 2662; x_wconf 87' lang='lat' dir='ltr'><strong>sollicitudinem</strong></span> <span class='ocrx_word' id='word_1_265' title='bbox 1453 2619 1595 2672; x_wconf 83' lang='lat' dir='ltr'><strong>depin—</strong></span> 
     </span>
    </p>
   </div>
   <div class='ocr_carea' id='block_1_4' title="bbox 1713 2109 1719 2208">
    <p class='ocr_par' dir='ltr' id='par_1_5' title="bbox 1713 2109 1719 2208">
     <span class='ocr_line' id='line_1_34' title="bbox 1713 2109 1719 2208; baseline 0 0"><span class='ocrx_word' id='word_1_266' title='bbox 1713 2109 1719 2208; x_wconf 77' lang='grc' dir='ltr'>ἕ</span> 
     </span>
    </p>
   </div>
   <div class='ocr_carea' id='block_1_5' title="bbox 1703 2218 1721 2953">
    <p class='ocr_par' dir='ltr' id='par_1_6' title="bbox 1703 2218 1721 2953">
     <span class='ocr_line' id='line_1_35' title="bbox 1711 2218 1716 2231; baseline 0 0"><span class='ocrx_word' id='word_1_267' title='bbox 1711 2218 1716 2231; x_wconf 48' lang='lat'><em>2</em></span> 
     </span>
     <span class='ocr_line' id='line_1_36' title="bbox 1703 2697 1721 2953; baseline 0 0"><span class='ocrx_word' id='word_1_268' title='bbox 1703 2697 1721 2953; x_wconf 82' lang='lat' dir='ltr'><strong>i</strong></span> 
     </span>
    </p>
   </div>
  </div>
 </body>
</html>
