1721 2953
522 142 665 184 LIBR.
696 142 726 181 Ι.
784 141 942 184 ELEG.
972 143 1025 182 V.
1372 146 1450 183 125

109 264 200 307 quod
236 265 300 298 toti
337 262 520 308 competit,
557 262 602 296 cf.
626 262 668 296 ad
694 262 722 304 Ι,
748 265 780 304 1,
803 264 860 296 46.
918 261 981 295 Est
1006 263 1110 306 igitur
1132 272 1272 298 sensus:
1309 263 1342 296 in
1370 273 1450 297 caro

107 331 213 364 latere
246 335 384 363 tenerae
409 329 554 373 puellae.
587 346 631 352 —
672 327 909 361 Subiiciet
945 338 1115 370 manus,
1156 329 1274 362 subter
1312 328 1450 362 brachia

104 397 237 440 puellae
261 399 343 439 puta
370 393 479 436 (wird
501 392 550 426 sie
573 392 833 438 antersassen).
882 392 983 425 Aliud
1008 395 1116 427 simile
1141 393 1291 427 officinm
1318 393 1445 426 HoRA-

104 473 185 496 'mus
211 461 312 495 habet
336 461 447 505 Epist.
474 461 501 502 Ι,
527 464 560 502 6,
585 463 642 494 51.
678 463 820 493 notante
856 460 1057 493 Hnscnmo.
1084 478 1130 487 —
1176 462 1450 504 efficietque

103 529 229 561 viam.
269 528 376 560 Ov1n.
402 528 476 560 Art.
501 528 578 558 Am.
602 525 646 567 II,
672 527 764 558 210:
798 526 881 568 Ipse
907 524 996 570 sace
1021 525 1057 558 in
1090 524 1216 562 turba,
1249 538 1321 573 qua
1352 527 1450 560 venit

100 591 186 630 illa,
220 592 345 627 locum.
371 611 416 617 ——
451 593 607 635 Denique
630 592 787 626 Tibullus
812 591 907 625 addit
939 602 969 625 v.
995 595 1051 626 65.
1083 594 1264 637 Pauper
1296 594 1348 627 ad
1381 604 1449 628 oc-

103 660 254 693 cultos
293 659 451 692 furtim
490 659 687 693 deducet
723 659 903 693 amicos.
967 659 1083 692 Licuit
1117 660 1205 693 enim
1238 659 1380 693 Athenis
1414 665 1449 694 et

100 725 234 759 Romae
258 725 390 759 feminis
414 712 609 758 liberiorem
632 725 735 758 vitam
761 725 927 768 amplexis
953 725 1118 758 interesse
1143 726 1305 759 conviviis
1330 735 1447 759 amau-

101 793 197 826 tium.
232 792 311 827 Vid.
337 792 425 826 infra
448 792 494 835 ΙΙ,
511 795 545 834 3,
563 794 620 825 47.
645 792 708 834 111,
727 794 761 833 6,
783 794 842 825 59.
867 795 901 825 et
921 792 1028 825 Ovm.
1051 792 1182 825 Amorr.
1201 792 1245 834 11,
1263 794 1296 833 5,
1312 793 1357 824 14
1371 801 1444 834 sqq.

100 857 238 892 Laudat
262 858 472 891 Huscflmus
495 857 671 892 Demosth.
707 861 815 892 contr.
841 857 1011 891 Neaeram
1044 869 1078 901 p.
1105 860 1216 891 1352:
1259 859 1317 890 καὶ
1350 858 1450 891 συνέ-

100 935 173 955 πινε
208 925 264 955 καὶ
299 924 501 956 συνεδείπνει
528 925 677 956 ἐναντίον
712 923 845 955 πολλῶν
869 924 1006 968 Λὶαίρα
1034 918 1144 967 αὕτη,
1178 920 1220 960 οἷς
1254 919 1295 956 ἂν
1327 923 1447 969 ἑταίρα

100 979 196 1022 οἶῗσα.
222 990 538 1023 ΨυΝΒΕΒιΙοΗωε
561 989 655 1023 addit
676 989 882 1023 Tussocm'r.
898 989 993 1031 XIV,
1013 992 1056 1021 31
1078 1000 1151 1031 sqq.
1176 993 1210 1022 et
1232 990 1446 1022 Pmmncn.

100 1055 282 1089 Alexandr.
309 1067 338 1090 c.
357 1059 413 1090 38.
442 1060 477 1090 et
504 1057 716 1099 Honxrmm,
742 1057 800 1090 ubi
820 1068 850 1090 v.
873 1067 903 1090 c.
924 1055 1001 1089 vide
1022 1056 1049 1098 Ι,
1073 1059 1129 1097 36,
1150 1058 1193 1088 13
1211 1066 1284 1099 sqq.
1309 1056 1369 1097 IV,
1390 1058 1446 1089 ll.

99 1121 172 1154 Res
198 1127 288 1156 nota.
314 1141 355 1148 —
393 1124 602 1156 occultos
628 1123 782 1155 furtim
809 1121 1007 1155 deducet
1039 1122 1230 1163 amicos,
1264 1122 1446 1162 cumulate,

99 1192 138 1220 ut
167 1198 270 1232 saepe
296 1189 328 1221 in
363 1199 428 1221 una
461 1189 629 1222 sententia
661 1187 864 1220 adiectivum
890 1190 925 1220 et
950 1186 1146 1219 adverbium
1172 1186 1289 1219 similis
1314 1186 1446 1228 signifi-

99 1254 241 1287 cationis
276 1258 415 1298 ponunt.
466 1255 608 1288 Confert
641 1255 958 1287 wosnssnmcnms
983 1254 1027 1295 Π,
1057 1256 1089 1294 6,
1115 1255 1182 1286 45:
1214 1252 1351 1297 furtim
1386 1264 1447 1284 oc-

99 1319 196 1352 culto
219 1318 311 1353 sinu.
336 1320 363 1361 I,
387 1324 420 1362 7,
443 1323 507 1352 13:
531 1319 658 1353 leuiter
682 1319 829 1351 tacitas.
865 1319 893 1360 I,
920 1322 976 1360 10,
1001 1320 1066 1351 34:
1095 1317 1185 1349 clam
1210 1318 1322 1350 tacito
1342 1317 1445 1362 pede,

97 1388 133 1417 et
156 1385 215 1426 lv,
241 1388 275 1426 6,
302 1388 359 1420 18,
386 1384 474 1417 clam
500 1384 615 1417 tacita
640 1390 763 1418 mente.
807 1384 896 1418 Vide
920 1394 1022 1428 porro
1048 1384 1076 1426 I,
1101 1387 1135 1426 6,
1160 1387 1201 1418 6:
1222 1383 1360 1429 furtim
1386 1390 1446 1416 ta-

98 1451 170 1484 cita
196 1459 305 1486 nocte.
342 1452 370 1494 I,
394 1455 427 1494 8,
452 1455 517 1485 60:
553 1451 652 1484 nullo
684 1450 839 1495 strepitu
874 1450 975 1484 clam.
1021 1450 1066 1493 ΙΙ,
1099 1454 1132 1492 6,
1160 1453 1224 1484 ll:
1259 1451 1447 1496 magnifice

98 1530 228 1563 magna
253 1517 381 1555 locuto,
406 1521 441 1551 et
464 1517 509 1559 ΙΙ,
535 1520 567 1559 1,
590 1520 656 1551 8οε
679 1517 843 1562 placidas
868 1516 1004 1550 leniter.
1052 1518 1228 1559 Similiter,
1253 1521 1290 1550 ut
1313 1519 1446 1551 Graeca

98 1584 288 1626 conferam,
326 1584 389 1617 hoc
426 1594 535 1626 genus
571 1570 673 1616 habet
707 1594 737 1616 v,
770 1595 799 1616 c.
835 1584 1027 1616 Pmnmns
1063 1582 1179 1616 Isthm.
1213 1583 1241 1624 Ι,
1273 1586 1340 1616 28:
1378 1584 1446 1615 τῶν

98 1648 242 1695 ἁθρόοις
267 1647 491 1694 (ἷνδησάμὲνοι
516 1647 669 1689 θαμάκις
693 1651 816 1694 ἔρνεσιν
838 1653 975 1691 χαίτας.
1035 1649 1100 1682 Est
1124 1654 1236 1682 autem
1262 1651 1446 1683 cumulatio

98 1718 176 1750 talis
209 1718 363 1750 consulto
397 1719 518 1760 posita.
567 1715 615 1748 Et
644 1725 731 1748 nunc
766 1715 900 1757 quidem
933 1725 994 1758 per
1027 1724 1212 1757 pauperem
1246 1719 1445 1756 amatorem,

98 1783 256 1816 Tibullus
290 1783 356 1824 ait,
394 1783 496 1815 etiam
531 1782 760 1815 conriviorum
799 1782 974 1824 voluptate
1010 1781 1152 1822 frueris,
1191 1781 1353 1824 dabitque
1391 1781 1445 1816 hic

99 1850 250 1884 studiose
283 1861 422 1894 operam
456 1854 494 1882 ut
527 1850 599 1882 sine
632 1852 726 1882 metu
760 1849 888 1892 possis3
923 1858 967 1881 ne
993 1848 1218 1881 interveniant
1252 1849 1445 1892 importune

98 1916 154 1949 alii
179 1916 317 1949 iuvenes
343 1916 402 1948 tibi
429 1916 557 1958 ignoti,
595 1915 623 1947 si
658 1915 885 1959 compererint
921 1915 1067 1957 puellam
1095 1914 1278 1947 formosam
1312 1914 1444 1955 adesse,

97 1983 211 2017 furtim
236 1984 338 2017 ducet
362 1983 405 2015 ad
431 1984 564 2016 occulte
590 1987 791 2023 coenantes,
818 1982 859 2014 ad
888 1982 1062 2014 occultum
1089 1985 1124 2014 et
1151 1981 1207 2014 alii
1232 1981 1356 2014 nemini
1382 1991 1444 2014 no-

97 2055 170 2084 tum
193 2050 382 2083 convivium
407 2051 603 2084 amicorum.
652 2049 772 2083 Vossn
799 2050 1028 2082 coniecturam
1054 2047 1168 2080 cultos
1193 2049 1316 2080 merito
1341 2048 1443 2080 casti-

97 2120 223 2159 garunt
258 2116 575 2149 WUNDERmmnns
613 2119 648 2148 et
672 2115 893 2148 Huscnxms.
920 2133 966 2138 —
1004 2115 1257 2156 Vinclaque
1297 2113 1444 2146 detra-

97 2183 179 2216 het.
228 2182 394 2215 Similiter
420 2181 570 2218 (Iemere‚
597 2179 748 2213 adimere
773 2181 884 2214 soleas
909 2180 1036 2213 dicunt.
1063 2179 1104 2212 cf.
1135 2180 1242 2212 Ovln.
1269 2179 1354 2212 Met.
1382 2179 1443 2221 ΙΙΙ,

97 2253 176 2284 168.
212 2249 290 2292 ibiq.
319 2249 517 2282 Binum-N.
552 2252 587 2281 et
619 2249 692 2283 Art.
720 2250 794 2282 Am.
821 2248 865 2289 ΙΙ,
888 2250 968 2281 212.
1027 2246 1225 2279 Detrahere
1250 2258 1366 2278 soccos
1391 2250 1444 2279 est

95 2315 266 2348 TERENT.
293 2314 418 2347 Heaut.
443 2313 471 2355 Ι,
493 2316 524 2355 1,
546 2316 602 2347 72.
651 2314 740 2347 Rem
766 2324 846 2346 vero
873 2313 963 2355 quod
989 2314 1121 2354 attinet,
1147 2313 1277 2346 denitas
1302 2313 1335 2345 in
1361 2323 1443 2345 con—

96 2382 191 2414 viviis
216 2381 327 2413 soleas
353 2380 594 2412 WmmNDms
628 2379 728 2412 docet
753 2379 795 2411 ad
823 2378 943 2412 Horat.
971 2379 1044 2412 Sat.
1072 2378 1115 2420 ΙΙ,
1140 2381 1174 2420 8,
1200 2381 1256 2412 78.
1287 2379 1442 2412 laudatus

96 2457 117 2479 a
140 2446 449 2486 WuNnssnmculo,
476 2449 510 2477 et
536 2444 796 2477 Hssmnomems
823 2444 902 2477 ibid.
952 2443 1049 2477 Adde
1074 2444 1212 2477 licosss.
1238 2444 1281 2477 ad
1304 2443 1441 2477 Autliol.

96 2512 221 2544 Graec.
252 2511 331 2544 Vol.
360 2510 404 2552 ll,
439 2522 471 2554 p.
497 2512 579 2543 235.
624 2510 837 2542 Scumimum
873 2509 915 2541 ad
951 2509 1070 2543 Horat.
1105 2500 1215 2553 Epist.
1242 2509 1270 2571 Ξ,
1300 2512 1354 2551 13,
1382 2512 1437 2543 15.

96 2576 168 2610 Res
192 2580 282 2609 nota.
308 2594 352 2600 ——
386 2577 493 2620 ipse.
543 2577 656 2619 Vulgo
683 2578 770 2610 euim
795 2577 884 2610 servi
910 2576 1088 2610 faciebant.

191 2641 233 2675 V.
259 2641 382 2676 67-ad
407 2643 519 2677 finem.
577 2643 751 2678 Exitus.
809 2643 912 2677 Cum
947 2653 1109 2688 preces
1142 2653 1226 2677 non
1258 2642 1440 2676 audian—
