1721 2953
446 130 589 172 hum.
619 131 650 168 l.
708 127 868 168 ELEG.
900 127 1012 168 wll.
1050 96 1054 102 ι
1322 131 1397 166 177

58 251 212 293 querelas
238 248 335 294 pueri
360 250 482 291 poeta,
507 241 700 286 interpellat
724 240 964 275 lamentantem
995 245 1029 274 et
1054 240 1209 275 hortatur
1233 244 1271 274 ut
1294 240 1395 274 finem

57 317 158 349 faciat
193 320 227 349 et
260 314 370 355 erigat
402 311 570 350 animum,
608 318 685 341 cum
718 317 785 340 non
817 307 931 339 audiat
957 306 1101 341 Pholoe.
1159 308 1256 343 Quae
1281 318 1335 341 res
1359 312 1396 340 ut

56 381 228 414 miseranti
253 383 375 423 poetae
399 377 547 410 suaviter
572 375 740 415 convenit,
766 374 813 406 ita
839 384 904 406 non
931 374 1039 407 minus
1064 374 1105 407 ad
1129 375 1274 418 puellam
1301 385 1395 408 com-

57 445 255 480 movendam
280 445 415 476 inventa
437 446 509 483 est3
534 451 611 474 nam
637 443 672 473 et
697 439 848 472 discessu
875 441 969 482 pueri
994 440 1107 473 futuro
1134 445 1239 473 terret
1264 451 1336 474 eam
1363 447 1398 475 et

56 514 98 546 ad
125 513 255 545 divinae
280 520 410 555 poenae
433 509 540 542 minas
562 508 740 540 transitum
766 505 842 539 hinc
865 506 929 538 sibi
956 512 1063 550 parat.
1088 526 1122 531 —
1150 507 1241 541 Nec
1267 509 1398 552 prod-

58 584 126 614 est
168 583 268 611 tura
311 576 494 610 dedisse
536 575 668 607 focis.
728 573 913 616 Impiorum
951 561 1047 606 sacra
1078 574 1160 607 deos
1193 575 1401 618 adspernari,

61 650 134 679 erat
167 649 317 677 veterum
351 642 483 686 opinio,
517 639 606 672 unde
633 638 760 672 CICER.
786 637 829 670 de
862 637 973 679 Legg.
997 638 1042 678 11,
1067 642 1100 672 9.
1135 639 1217 672 dicit
1241 640 1400 674 laudante

62 713 377 745 anm-mmcmo:
401 707 536 752 Impius
560 717 601 738 ne
627 704 758 737 ancleto
776 703 924 748 placare
951 703 1050 736 donis
1075 705 1164 736 iram
1190 705 1340 739 deorum,
1356 726 1402 731 -.

64 780 102 813 V.
125 781 167 812 71
195 789 268 821 sqq.
317 776 401 809 Hic
435 772 694 808 Marathus„
728 771 833 805 Suavi
865 771 972 803 ironia
1006 781 1093 804 nunc
1127 772 1232 815 ipsius
1258 772 1403 805 Maratlii

62 846 218 889 exemplo
238 845 354 885 utitur,
379 842 436 885 qui
456 842 611 875 similiter
631 842 922 873 antea-amatores
944 848 1024 870 suos
1048 841 1081 870 et
1102 838 1210 881 ipsum
1230 838 1403 871 Tibullum

61 912 197 944 luserat.
247 909 375 943 Notum
400 919 480 942 vero
506 907 669 941 ludere
694 906 736 939 de
762 906 852 938 fastu
877 906 909 938 in
935 905 1116 938 amoribus.
1140 924 1186 929 —-
1210 906 1405 939 ultorem

61 981 163 1020 post
189 980 325 1020 caput
350 985 461 1010 esse.
511 974 696 1017 Comparat
720 973 882 1006 Vumms
910 972 1032 1004 Senec.
1059 971 1200 1004 Hercul.
1225 972 1287 1005 fur.
1313 975 1406 1006 385:

61 1041 232 1087 Sequitur
255 1040 421 1087 superbos
446 1040 543 1073 ultor
568 1051 590 1071 a
611 1045 709 1084 tergo
734 1037 830 1070 dens.
881 1038 993 1080 Atque
1018 1038 1062 1070 ita
1089 1039 1224 1082 saepius
1249 1050 1271 1070 a
1295 1045 1407 1085 terge.

63 1109 219 1142 Tibullus
246 1115 330 1153 post
365 1114 474 1152 caput
500 1108 637 1148 dicens,
672 1106 876 1148 imaginatur
903 1115 992 1148 pone
1017 1109 1215 1146 sequentem
1243 1105 1343 1138 deum
1370 1110 1410 1138 ut

62 1177 168 1209 irruat
193 1177 225 1208 in
250 1179 362 1219 caput.
411 1175 463 1208 De
488 1174 600 1218 capite
625 1172 742 1206 confer
766 1173 876 1206 Sorfl.
901 1171 1018 1213 Antig.
1047 1173 1148 1204 1222.
1175 1173 1285 1204 1273:
1322 1171 1355 1203 ἐν
1379 1166 1411 1202 δ’

64 1242 132 1284 ἐμῷ
156 1237 243 1286 κάρᾳ
275 1238 356 1277 θεὸς
384 1237 457 1273 τότ’
481 1238 548 1284 ἄρα
571 1236 650 1272 τότε
675 1241 761 1281 μέγα
791 1235 897 1283 βάρος
930 1235 965 1276 μ’
988 1238 1071 1279 {yon
1095 1237 1240 1270 {hatum
1268 1256 1313 1262 —
1351 1238 1409 1270 la-

67 1307 240 1348 crimis,
268 1311 306 1339 ut
331 1307 473 1339 HORAT.
495 1307 598 1340 Satir.
617 1306 663 1348 11,
687 1309 720 1347 3,
743 1307 809 1339 72:
836 1304 940 1336 malis
965 1304 1137 1337 ridentem
1163 1303 1288 1335 alienis
1313 1303 1411 1337 dixit.

66 1372 131 1404 Est
159 1371 265 1414 igitur
289 1372 489 1415 exquisitior
522 1371 635 1404 lectio.
685 1371 901 1413 Quamquam
929 1369 1045 1403 nescio
1079 1379 1140 1403 cur
1164 1369 1322 1402 Tibullus
1350 1380 1411 1412 pro

66 1437 282 1481 simplicitate
306 1447 366 1470 sua
393 1447 460 1469 non
485 1435 687 1480 praetulerit
712 1434 924 1468 usitatiorem
949 1435 1192 1469 accusativum.
1218 1453 1262 1459 -—
1302 1435 1411 1468 ficta

68 1502 329 1536 detinuisse
363 1512 505 1543 mora,
540 1504 700 1534 causatus
734 1499 974 1543 impedimenta
1009 1504 1042 1532 et
1068 1501 1268 1543 promittens
1294 1506 1416 1544 postea

67 1579 104 1601 se
129 1572 318 1610 venturum,
343 1579 409 1601 non
434 1572 548 1600 tamen
573 1565 722 1598 veniens.
741 1582 789 1588 —
814 1565 1049 1607 opposita,
1075 1564 1227 1598 defendit
1253 1566 1415 1605 Vossms,

68 1645 143 1668 curn
169 1635 302 1668 dicant:
328 1635 455 1668 obdere
479 1633 609 1666 foribus
636 1631 820 1675 pessulum,
845 1631 1005 1663 obserare
1030 1630 1133 1672 sores,
1159 1633 1337 1674 oppositae
1364 1631 1415 1663 so«

69 1711 134 1741 rm,
161 1700 280 1733 clatliri
303 1701 440 1742 obiecti,
466 1700 577 1733 obiice
603 1699 738 1731 clausae
765 1697 865 1730 fores.
906 1698 957 1730 Ac
976 1698 1211 1730 Pnorun'rrus
1226 1697 1285 1739 IV,
1301 1700 1335 1737 ὃ,
1352 1700 1416 1730 48ε

69 1765 254 1798 obductam
290 1778 403 1799 seram
445 1766 548 1799 habet
586 1764 744 1798 laudante
778 1763 983 1796 Huscmsso.
1055 1762 1267 1806 Appositam
1304 1774 1417 1796 seram

69 1833 248 1866 Hssnssms
274 1834 373 1866 unice
398 1833 565 1877 probabat
589 1831 642 1865 hic
668 1835 702 1864 et
727 1830 818 1874 apud
844 1831 1029 1870 Ovmwm,
1060 1828 1104 1862 cf.
1129 1828 1172 1861 ad
1198 1829 1330 1862 Amorr.
1356 1828 1418 1870 111,

70 1903 124 1938 14.
153 1903 210 1933 10.
259 1900 331 1934 Sed
356 1900 458 1933 modo
485 1899 548 1933 hoc
573 1898 674 1932 modo
701 1898 784 1931 illud
809 1897 923 1931 sensui
950 1896 1082 1940 aptius,
1108 1898 1143 1928 et·
1169 1905 1256 1928 nunc
1282 1894 1418 1937 quidem

69 1968 125 2000 vix
157 1967 299 2009 negabis
325 1966 520 2010 oppositam
545 1966 654 2008 magis
680 1965 859 2008 quadrare.
907 1963 961 1996 De
999 1962 1252 1995 constructione
1285 1964 1419 1993 autem:

71 2037 203 2069 ianua
226 2035 334 2068 dura
359 2035 578 2078 opposita
604 2044 705 2067 sera
731 2032 774 2066 cf.
799 2032 826 2068 Ι,
853 2033 886 2073 1,
910 2033 952 2063 3:
989 2028 1088 2061 labor
1113 2027 1282 2060 assiduus
1307 2026 1421 2060 vicino

71 2101 181 2134 hoste.
222 2103 272 2135 Ac
296 2101 419 2145 copula
438 2101 590 2134 subiecta
616 2103 685 2132 est
708 2102 813 2141 auget
837 2097 904 2130 vim
928 2096 1023 2129 vocis
1047 2093 1218 2139 opposita,
1243 2091 1288 2126 cf.
1308 2103 1338 2126 v.
1353 2095 1423 2134 43„

72 2179 178 2211 quare
210 2179 278 2201 non
310 2167 460 2201 debebat
485 2178 505 2200 a
530 2167 659 2200 Vossro
684 2166 773 2200 eiici.
796 2182 842 2192 -
883 2163 997 2198 hunc
1033 2162 1161 2203 diem,
1202 2171 1271 2205 quo
1296 2161 1424 2194 monita

74 2245 150 2268 mea
175 2234 270 2268 audis
295 2240 330 2268 et
354 2234 451 2277 sequi
476 2237 585 2277 potes.

1001 2709 1050 2743 12
