1721 2953
272 125 300 168 6
689 120 929 166 'I'IBULLI
973 120 1084 168 Llss.
1113 120 1143 164 1.
1170 129 1202 165 2.

330 245 406 291 {lla
445 246 571 291 docet
610 242 760 290 sui-tim
795 244 919 292 molli
956 242 1170 292 decedere
1207 242 1343 299 lecto,

278 347 323 379 ’.ὀ
401 330 479 377 Illa
516 330 675 395 pedem
713 329 836 377 nullo
873 349 1040 396 ponere
1076 347 1207 395 posse
1238 347 1375 385 sono,

327 417 406 463 Illa
442 416 536 461 viro
574 434 725 463 coram
761 427 897 463 nutus
934 416 1137 463 conferre
1172 414 1381 479 loquaces

398 500 662 566 Blandaque
699 501 955 567 compositis
991 501 1156 548 abdere
1192 500 1325 547 verba
1360 497 1489 544 notis.

330 590 421 634 Nec
449 587 579 634 docet
609 587 692 634 hoc
727 587 888 644 omnis,
921 587 1000 634 sed
1028 605 1139 651 quos
1173 605 1255 632 nec
1284 585 1442 632 inertia
1475 583 1621 630 tardat

396 675 487 720 Nec
524 684 638 720 vetat
671 672 864 720 obscura
899 690 1083 735 surgere
1117 683 1245 718 nocte
1281 671 1426 717 timor.

278 760 404 805 2514311
443 777 526 822 ego
562 778 662 805 cum
698 757 893 805 tenebris
930 768 1019 804 tota
1049 775 1189 820 vagor
1225 755 1381 802 anxius
1413 753 1548 809 urbe⁷

332 883 423 930 Nec
457 882 563 928 sinit
598 893 804 929 occurrat
836 881 1097 946 quisquam,
1144 880 1220 946 qui
1255 898 1444 944 corpora
1476 880 1594 924 {erro

397 967 611 1015 Vulneret
644 978 720 1014 aut
749 979 878 1032 rapta
913 966 1112 1032 praemia
1149 977 1266 1012 veste
1295 976 1426 1031 petat.

333 1052 554 1116 Quisquis
590 1071 740 1100 amore
772 1063 970 1109 tenetur,
1012 1063 1082 1099 eat
1113 1063 1324 1115 tutusque
1359 1066 1571 1113 sacerque

279 1152 325 1184 30
395 1138 630 1201 Qualibet:
683 1138 869 1184 insidias
904 1157 997 1184 non
1034 1137 1232 1183 timuisse
1271 1136 1407 1182 decet.

338 1227 439 1271 Non
474 1224 584 1271 mihi
620 1223 753 1288 pigra
786 1234 950 1271 nocent
983 1222 1199 1270 hibernae
1234 1222 1405 1284 frigora
1440 1220 1608 1275 noctis,

403 1311 505 1356 Non
540 1309 675 1366 mihi,
721 1327 821 1356 cum
851 1309 989 1356 multa
1027 1308 1194 1356 decidit
1226 1307 1371 1354 imber
1406 1325 1533 1371 aqua.

332 1397 434 1444 Non
469 1395 599 1442 labor
633 1395 706 1442 hic
742 1394 902 1451 laedit,
947 1405 1112 1441 reseret
1145 1392 1281 1440 modo
1317 1391 1447 1439 Delia
1476 1403 1624 1457 postes

405 1482 461 1529 Et
495 1493 619 1528 vocet
655 1480 712 1527 ad
749 1480 878 1544 digiti
914 1499 983 1526 me
1019 1479 1240 1526 taciturna
1263 1496 1448 1539 sonum.

283 1584 328 1617 35
342 1569 515 1616 Parcite
551 1567 824 1624 luminibus,
869 1586 947 1614 seu
980 1567 1047 1613 vir
1081 1585 1159 1614 seu
1193 1565 1359 1612 femina
1390 1563 1467 1612 {iat

408 1654 576 1700 Obvia:
627 1653 759 1700 celari
791 1652 884 1699 vult
917 1672 998 1699 sua
1033 1653 1150 1699 furta
1186 1655 1350 1698 Venus.

337 1741 432 1785 Neu
468 1738 653 1803 strepitu
692 1750 848 1784 terrete
882 1738 1072 1802 pedum,
1107 1755 1194 1783 neu
1226 1736 1424 1801 quaerite
1451 1754 1628 1791 nomen,

405 1826 502 1871 Neu
536 1843 677 1889 prope
707 1823 896 1886 fulgenti
931 1824 1100 1870 lumina
1137 1823 1246 1869 ferte
1283 1823 1389 1870 face.

343 1910 494 1974 Siquis
528 1922 569 1955 et
603 1909 866 1973 imprudens
898 1909 1139 1972 aspexerit,
1183 1907 1356 1954 occulat
1388 1907 1459 1953 ille

286 2012 332 2043 40
409 1997 583 2059 Perque
614 1994 722 2041 deos
752 2012 905 2040 omnes
941 2012 986 2040 se
1017 1993 1271 2040 meminisse
1305 2004 1459 2056 neget:

343 2085 451 2128 Nam
484 2080 618 2127 fuerit
648 2080 904 2146 quicunque
933 2079 1109 2145 loqtiaX,
1139 2079 1176 2125 is
1206 2079 1423 2142 sanguine
1449 2090 1612 2135 natam,

410 2169 451 2213 Is
487 2161 704 2213 Venerem
742 2184 763 2212 e
800 2166 959 2231 rapido
995 2165 1152 2212 sentiet
1187 2183 1280 2212 esse
1315 2165 1440 2212 mari.

385 2282 424 2314 V.
448 2283 501 2313 19.
542 2281 656 2322 Vulgo
695 2279 895 2312 descendere
932 2279 974 2312 de
1012 2281 1207 2314 coniectura
1244 2281 1387 2313 Dousm
1425 2281 1495 2313 sine
1532 2290 1631 2313 causa

292 2342 423 2373 idonea.
487 2338 661 2382 Excerpta
697 2339 860 2371 Fmsum.
895 2338 989 2370 molli
1014 2338 1152 2383 furtim
1189 2339 1365 2382 derepere,
1408 2338 1468 2371 sed
1496 2337 1633 2382 furtim

292 2400 520 2443 praepositum
547 2409 622 2431 esse
648 2409 667 2429 a
693 2402 814 2440 poeta,
852 2397 953 2429 docet
977 2397 1074 2428 nullo
1106 2398 1136 2429 in
1164 2402 1385 2440 pentametro.

387 2459 425 2490 V.
442 2460 499 2490 25.
538 2456 636 2499 Apud
663 2457 920 2489 menmium-mi
957 2459 1078 2490 nr.25.
1105 2456 1258 2498 sequenti
1289 2454 1400 2487 versui
1431 2454 1633 2497 adscriptus.

387 2517 425 2547 V.
443 2518 499 2547 35.
536 2514 629 2546 fiat.
682 2515 794 2556 Vulgo
811 2514 889 2557 fias
919 2525 960 2547 ex
987 2515 1083 2555 aliis,
1119 2525 1186 2556 quo
1213 2523 1276 2545 non
1303 2523 1399 2555 opus.

388 2574 426 2604 V.
444 2574 498 2604 42.
528 2570 617 2603 Male
643 2568 762 2602 rabido
792 2572 957 2608 Vossius,
987 2571 1177 2611 ΒΑυΕιιυε,
1205 2570 1375 2610 ΒΑωηυε,
1401 2571 1635 2602 (ἷοιωκκγυιε.
