1721 2953
298 120 380 157 250
618 114 649 153 C
655 112 988 156 OMMENTAR.
1018 116 1078 157 IN
1108 116 1338 158 TIBULLI

297 231 511 264 luserim-10
536 228 613 262 Dlv.
636 228 721 265 Inst.
746 229 774 271 I,
800 231 863 264 18:
904 232 974 263 Cur
999 235 1119 263 autem
1136 229 1319 276 figulinae
1343 232 1512 275 repertori
1537 233 1642 265 honos

295 307 363 328 non
395 292 575 326 liabetur?
630 293 693 327 An
730 293 817 339 quia
849 294 912 328 isti
946 295 1073 327 divites
1106 306 1196 328 vasa
1231 296 1355 328 Samia
1392 298 1644 330 contemnunt?

296 361 381 394 Vide
411 361 512 393 etiam
546 361 655 393 PLIN.
679 360 828 402 XXXV,
860 363 916 402 12,
941 362 998 395 46.
1050 361 1296 405 Exposuerunt
1329 362 1372 394 de
1396 361 1447 395 llis
1472 363 1641 396 BRoucK-

293 436 420 458 nusms
445 431 479 459 et
506 427 664 460 Vunvws
691 431 724 460 et
750 428 925 461 PAROFKA
961 429 995 461 in
1030 429 1116 463 libro
1141 430 1195 463 cui
1221 430 1364 463 titulus:
1403 430 1474 461 Res
1506 430 1641 463 Samio-

289 503 367 522 rum
390 504 421 535 p.
440 494 554 526 17.—-
578 493 688 526 Porro
714 493 908 526 Cumana
934 504 1013 527 vasa
1038 500 1268 529 memorantur
1292 508 1312 529 a
1337 498 1470 531 Pmmo
1494 497 1640 538 XXXV,

289 561 354 592 12:
383 557 632 593 Nobilitantur
656 559 700 593 iis
725 560 854 605 oppida
874 573 1021 607 quoque,
1049 567 1091 593 ut
1110 561 1285 608 Rhegium
1307 569 1340 596 et
1363 566 1501 598 Cumae.
1553 564 1640 598 Vide

287 625 522 659 Bnoucxnus.
548 629 582 660 et
607 626 732 660 HuYN.
782 626 891 660 Erant
927 626 1010 661 haec
1048 627 1241 672 Campanae
1276 631 1516 673 supellectilis,
1552 641 1638 673 quae

285 691 453 725 modicam
480 692 646 727 fortunam
670 693 871 736 testabatur,
898 694 941 728 cf.
968 694 1113 728 Honm.
1140 695 1213 728 Sat.
1240 695 1266 737 Ι,
1293 699 1326 738 6,
1356 699 1434 730 118.
1481 697 1566 740 Egit
1591 697 1634 730 de

286 757 326 790 iis
349 768 456 801 nuper
481 760 581 793 etiam
609 761 814 794 Mt‘rmAEnns
840 762 874 794 in
900 761 975 794 libr.
1001 762 1045 795 de
1070 761 1226 795 Etruscis
1246 762 1343 796 Tom.
1366 763 1410 805 Π,
1436 775 1467 807 p.
1488 766 1569 797 245.
1594 783 1636 788 ——

285 824 465 858 lubrica
499 830 637 860 terra.
686 826 795 860 Erant
819 828 936 861 fictilia
961 828 1055 861 rubri
1080 828 1217 862 coloris,
1270 827 1390 861 'sellus
1423 830 1513 861 Osca
1538 831 1635 862 Pno-

284 901 392 924 Psslvr.
417 891 477 934 lv,
497 895 531 934 2,
551 895 607 926 62.
625 912 671 917 -
696 898 817 934 rota,
843 894 877 926 in
903 905 939 927 re
963 894 1091 936 figlina,
1119 893 1162 926 cf.
1184 893 1328 926 Honm.
1355 895 1427 927 Art.
1453 895 1494 928 P.
1522 905 1550 927 v.
1575 897 1632 928 22.

282 958 465 991 Postremo
490 958 533 993 de
557 960 687 993 ratione
717 960 876 1003 loquendi
904 961 1223 994 WUNDssRmcnms
1253 959 1384 993 confert
1409 961 1519 993 Sm'r.
1546 962 1631 993 Silv.

281 1023 342 1065 IV,
368 1026 401 1065 9,
427 1026 493 1057 43:
532 1026 685 1057 Cumano
716 1025 867 1069 patinas
899 1025 936 1057 in
971 1025 1050 1058 orbe
1091 1031 1208 1058 tortus
1245 1024 1376 1067 (collat.
1415 1026 1555 1058 anrr..
1590 1027 1631 1059 ad

280 1089 403 1122 Horat·
429 1091 502 1123 Sat.
528 1090 556 1133 Ι,
581 1093 615 1132 3,
645 1090 744 1133 91.)‚
785 1094 819 1124 et
847 1090 991 1124 Honff.
1018 1090 1044 1131 I,
1070 1092 1128 1131 20,
1154 1092 1188 1124 9.
1223 1090 1279 1132 qui
1313 1101 1374 1133 pro
1401 1090 1477 1123 vino
1505 1091 1632 1125 Caleno

281 1156 366 1189 dixit
396 1157 494 1201 prelo
529 1156 698 1190 domitam
731 1156 857 1189 Caleno
893 1169 1010 1190 uvam.
1037 1175 1082 1182 —
1118 1156 1162 1190 V·
1187 1158 1244 1190 49.
1269 1159 1326 1189 50.
1378 1157 1428 1188 De
1453 1167 1554 1189 sensu
1579 1157 1633 1190 di*

279 1221 375 1255 sticlli
396 1233 497 1265 supra
520 1223 723 1267 expositum.
749 1222 936 1255 veniant
959 1225 1072 1254 autem
1096 1225 1149 1255 est
1167 1222 1374 1265 contingant,
1396 1227 1431 1255 nt
1453 1234 1566 1266 saepe.
1583 1243 1629 1248 —

279 1288 323 1322 V.
349 1291 392 1321 51
422 1300 495 1332 sqq.
532 1291 721 1323 luxuria.
747 1290 879 1331 fluat,
914 1294 952 1322 ut
977 1294 1055 1323 sunt
1080 1290 1276 1323 notissimae
1309 1290 1499 1323 locutiones
1525 1290 1626 1325 lna-11,

279 1352 426 1385 luxuria
449 1355 585 1397 fluere,
622 1354 792 1398 diffluere.
818 1374 864 1379 —
903 1356 1108 1397 Incedat,
1147 1356 1190 1388 de
1216 1366 1336 1397 gressu
1361 1356 1404 1389 ad
1426 1357 1627 1398 gravitatem

280 1417 471 1460 fastumque
505 1420 694 1462 composito
729 1421 885 1463 usurpari
921 1424 1066 1453 constat.
1089 1438 1134 1443 —
1179 1421 1531 1464 conspicienda,
1570 1433 1628 1454 or-

278 1487 377 1526 nata,
404 1485 599 1528 conspicua.
633 1486 741 1518 Ovln.
768 1485 860 1518 Fast.
894 1486 932 1527 V,
960 1488 1046 1518 170:
1088 1487 1171 1517 Cum
1196 1492 1300 1517 satus
1325 1492 1378 1518 est
1395 1486 1520 1530 forma
1546 1499 1629 1519 con-

276 1549 477 1594 spiciendus
498 1553 617 1595 Hyas.
643 1538 966 1585 WUNDancmos
993 1552 1126 1585 confert
1151 1552 1293 1584 Honxr.
1311 1552 1422 1596 Epist.
1441 1553 1484 1593 ll,
1506 1557 1539 1593 3,
1561 1555 1628 1586 37:

275 1617 508 1660 spectandam
547 1617 659 1662 nigris
696 1617 808 1650 oculis
845 1618 1014 1663 nigroque
1053 1616 1192 1661 capillo.
1218 1636 1265 1642 —
1304 1618 1390 1651 Mox
1424 1625 1537 1651 vestes
1573 1625 1626 1650 le-

277 1693 383 1717 nnes,
433 1694 522 1726 quas
553 1681 697 1726 femina
737 1684 806 1714 Coa
852 1682 991 1719 texuit,
1035 1687 1113 1716 sunt
1154 1684 1258 1726 vulgo
1295 1684 1495 1728 simpliciter
1533 1685 1626 1718 Coae

275 1752 389 1781 vestes
415 1748 548 1790 dictae,
580 1748 745 1782 tenuitate
771 1748 934 1790 infames,
963 1752 1002 1782 ut
1027 1748 1168 1791 notum,
1194 1760 1334 1792 quarum
1360 1750 1526 1783 inventrix
1553 1751 1624 1783 Coa

274 1815 454 1860 Pamphile
481 1814 679 1860 perhibetur
705 1813 821 1856 fuisse,
847 1815 890 1850 cf.
915 1815 1022 1849 Pam.
1048 1815 1138 1848 Hist.
1158 1815 1201 1850 N.
1226 1816 1286 1858 XI,
1311 1819 1368 1849 22.
1391 1822 1425 1850 et
1452 1819 1624 1852 Amsrov.

274 1885 366 1918 Hisl.
404 1883 484 1916 Nat.
516 1883 558 1924 V,
594 1885 660 1915 19:
705 1878 825 1926 πρώτη
862 1882 900 1914 δὲ
938 1883 1070 1923 λέγεται
1106 1878 1232 1921 {wama
1270 1884 1303 1914 ἐν
1337 1884 1403 1926 Κῷ
1441 1884 1620 1928 Παμφίλη,

275 1951 385 1985 Erant
410 1950 654 1991 bombycinae‚
681 1960 699 1982 e
726 1951 886 1992 lanugine
911 1950 1106 1992 bombycis,
1132 1961 1175 1984 ex
1200 1950 1342 1984 Seribus
1368 1962 1429 1996 per
1453 1957 1623 1985 mercato-

274 2028 329 2050 res
355 2017 476 2057 allata,
508 2018 624 2048 textae
650 2014 682 2047 in
709 2014 771 2048 hac
798 2015 917 2048 insula.
968 2015 1053 2048 Loci
1079 2016 1212 2048 classici
1236 2020 1313 2049 sunt
1345 2027 1400 2060 ap.
1425 2017 1531 2050 Pam.
1558 2017 1622 2060 XI,

272 2085 331 2114 23.
356 2092 382 2114 s.
408 2084 466 2114 27.
500 2081 557 2121 vl,
588 2083 639 2121 17,
666 2090 692 2112 s.
717 2082 773 2112 20.
822 2079 911 2113 Vide
947 2083 1083 2123 praeter
1108 2080 1290 2114 Ham-mm
1319 2081 1360 2114 ad
1396 2080 1483 2115 hunc
1509 2083 1620 2117 locum

273 2149 433 2182 Vossmm
460 2146 513 2179 hic
549 2151 583 2179 et
615 2146 657 2179 ad
685 2146 804 2188 virgil.
833 2147 964 2188 Georg.
994 2146 1038 2188 11,
1068 2149 1144 2180 121.
1177 2157 1253 2180 cnm
1280 2147 1449 2181 TURNEB.
1476 2148 1618 2183 Advers.

271 2213 299 2255 I,
328 2215 381 2246 15.
431 2212 650 2245 Notissimum
678 2214 779 2245 etiam
804 2216 1021 2257 ταρανῑίιίον
1047 2224 1073 2246 S.
1095 2215 1370 2258 ταραντινίδιον,
1397 2215 1440 2248 cf.
1466 2215 1617 2249 LUCIAN.

274 2281 408 2321 Dialog.
436 2280 577 2312 Meretr.
606 2280 681 2321 vll,
705 2282 738 2312 2.
770 2279 986 2313 Βοῐε5οΝΑ1).
1013 2280 1054 2312 ad
1084 2281 1286 2315 Aristaenet.
1313 2292 1344 2324 p.
1371 2284 1452 2316 559.
1479 2281 1618 2314 BuN'rr..

272 2345 336 2389 Ep.
373 2345 543 2379 Phalaricl.
582 2357 613 2388 p.
649 2348 728 2378 347.
767 2346 820 2379 ed.
859 2347 954 2390 Lips.
994 2347 1138 2380 Bienor..
1172 2347 1214 2380 ad
1253 2347 1396 2392 Alciplu:
1425 2348 1451 2389 l,
1476 2350 1532 2389 36,
1564 2350 1617 2383 12.

271 2412 488 2445 Gerebantur
523 2416 634 2445 antem
676 2413 769 2445 Coae
810 2417 922 2446 vestes
962 2415 1028 2447 isto
1070 2418 1226 2458 tempore
1263 2425 1282 2447 a
1321 2414 1401 2446 solis
1442 2413 1617 2455 libertinis,

271 2481 388 2519 postea
415 2477 515 2509 etiam
540 2488 558 2509 a
588 2478 749 2510 matronis
776 2477 974 2511 libidinosis.
999 2497 1045 2502 —
1076 2483 1260 2512 auratas
1285 2478 1615 2522 disposuitque

271 2543 387 2581 vias,
422 2541 452 2575 Ιι.
480 2552 508 2573 e.
535 2547 573 2574 nt
598 2542 747 2584 ridetur,
782 2543 895 2585 virgas
922 2553 1064 2584 aureas,
1100 2554 1185 2585 quae
1215 2544 1299 2576 inter
1326 2545 1410 2577 telas
1436 2555 1617 2588 procurre-

278 2608 594 2652 rentimprimisque
652 2620 745 2642 oram
783 2614 941 2643 ornarent
980 2610 1166 2651 (Vosswm
1210 2608 1442 2643 durclzwsrkte
1475 2610 1522 2643 sie
1555 2610 1616 2643 mit
