1721 2953
465 209 609 249 LlBR.
638 208 712 248 lV.
771 207 938 250 GARM.
969 209 1001 249 Ι.
1307 211 1388 249 403

38 324 103 363 ‘'E}
134 325 173 358 δέ
203 325 241 357 τὲ
274 323 305 356 οἶ
337 324 448 368 δειραὶ
478 320 689 368 περιμήκεες,
722 323 754 354 ἓν
788 323 825 355 δὲ
858 320 983 368 ἑκάστῃ
1016 322 1216 368 Σμερὸαλέη
1251 320 1389 367 κεᾳαλή,

45 395 78 426 ἐν
111 393 148 425 δὲ
179 395 367 437 τρίστοιχοι
400 388 552 430 ὅὸένῑες,
585 391 717 423 Πυκνοὶ
747 391 803 422 καὶ
828 392 975 431 θαμέες,
1008 391 1117 423 πλεῖοι
1147 390 1290 429 μέλανος
1320 393 1388 422 θα-

45 454 172 492 νάτοιο.
212 459 333 500 Μέσσῃ
358 457 417 495 μέν
440 469 476 489 τε
501 452 589 489 κατά
614 457 747 491 σπείους
773 454 896 486 κοίλοιο
923 456 1072 491 δέδυκεν.
1113 453 1199 493 ’Έξω
1224 453 1256 490 δ’
1274 457 1391 498 ἓξίσχει

47 519 194 560 κεφαλάς
213 522 333 554 δεινοῖο
352 523 538 566 βερέθρου,
557 517 681 553 Αὐτοῦ
702 516 735 552 δ’
757 516 909 564 ἰχθυάᾳ,
935 518 1095 555 σκόπελον
1115 519 1390 567 περιμαιμώωσα,

46 584 214 625 Δελφϊνάς
242 600 278 620 τε
310 584 413 624 κύνας
443 600 497 626 τε,
539 588 599 619 καὶ
625 587 735 619 εἴποτε
767 584 878 624 μεῖζον
910 585 1024 632 Hylam
1056 589 1194 632 Κῆτος,
1230 585 1252 621 (ἶ
1285 591 1405 633 μυρία·

45 650 159 694 βόσκει
186 649 372 694 ἀγάστονος
395 650 618 697 Ἀμφιτρίτη.
669 653 790 697 Capita
816 653 963 687 Vossms
989 654 1100 698 Epist.
1121 654 1266 697 Mythol.
1288 655 1314 697 1,
1334 658 1394 698 33,

47 723 83 753 et
106 720 149 753 ad
177 721 324 755 Viae-m.
350 721 471 763 Eclog.
498 720 564 762 VI,
589 721 646 753 74.
671 720 831 762 intelligit
857 722 1022 763 anguina,
1063 726 1200 755 secutus
1228 723 1391 755 Scuonu

48 787 90 821 ad
116 798 146 821 v.
163 791 226 822 91:
259 788 460 832 Σμερδαλὲι]
485 783 631 832 κεφαλή·
664 782 752 819 nam=
777 787 836 825 μὲν
862 783 942 824 Totis·
967 784 1112 825 πολλοιῖς
1137 785 1252 828 κυνός,
1283 791 1395 821 πιθα-

45 850 189 897 νώτερον
223 854 260 886 δὲ
293 851 499 898 δράκοντος·
538 854 595 885 καὶ
627 848 692 897 γιῖρ
726 848 826 891 μόνος
861 849 997 897 δράκων
1034 861 1125 899 ’τρεῖς
1161 858 1296 896 στίχους
1330 855 1396 896 ἔχει

50 917 208 953 ὀδόντων.
285 921 415 953 Tamen
456 923 573 952 noster
609 923 713 962 poeta
754 930 831 953 cum
870 921 1040 964 plerisque
1083 923 1248 956 canina
1289 922 1395 957 fuisse

47 988 184 1028 statuit,
217 997 293 1020 cum
319 988 420 1020 etiam
444 983 546 1023 πόδες
573 987 751 1020 memorati
784 989 934 1031 serpenti
971 999 1036 1022 non
1070 990 1280 1024 conveniant.
1329 990 1396 1024 His

47 1052 153 1093 igitur
185 1052 280 1084 collis
306 1053 422 1093 Scylla
456 1061 596 1095 serpens
630 1051 717 1085 inter
752 1051 859 1085 undas
884 1054 1071 1087 venationis
1099 1066 1218 1098 causa,
1254 1059 1396 1099 repente

49 1120 147 1151 elatis
179 1118 333 1151 faucibus
367 1118 514 1161 abripuit
547 1117 718 1150 sociorum
754 1121 896 1160 partem.
949 1119 1064 1155 Quare
1090 1120 1201 1153 omnia
1231 1121 1280 1154 sic
1304 1122 1396 1154 clara

46 1189 135 1218 sunt.
198 1184 261 1217 Alii
299 1194 376 1217 cum
408 1184 634 1217 PAsSERmo
669 1181 816 1215 canibus
851 1183 998 1227 rapidas
1034 1185 1149 1218 undas
1182 1186 1326 1230 probant
1362 1189 1397 1220 et

47 1251 312 1293 interpretantur
343 1251 494 1283 insanum
529 1250 563 1282 in
595 1248 732 1282 modum
767 1250 918 1283 concitas
943 1256 977 1284 et
1002 1256 1188 1285 commotas
1221 1263 1240 1285 a
1269 1253 1397 1286 latran-

49 1315 139 1347 tibus
174 1316 352 1357 monstris,
391 1316 512 1358 quibus
545 1316 719 1349 succincta
744 1317 879 1359 Scylla,
912 1318 946 1350 in
975 1328 1043 1360 quo
1073 1329 1116 1351 ue
1149 1319 1192 1352 de
1225 1319 1397 1352 succincta

47 1382 186 1414 canibus
211 1383 327 1424 Scylla
351 1381 460 1414 dicam
486 1383 528 1414 ab
548 1383 706 1415 Homnno
731 1383 860 1424 aliena,
891 1385 935 1417 cf.
958 1383 1000 1416 ad
1027 1384 1088 1425 llI,
1109 1387 1142 1426 4,
1162 1387 1239 1426 89.,
1266 1385 1398 1418 etiamsi

47 1447 136 1480 colla
166 1447 285 1479 canina
318 1447 509 1488 intelligas,
545 1445 754 1488 ineptissima
787 1446 995 1488 conspicitur
1026 1447 1182 1480 iunctura
1207 1448 1399 1490 verborum,

48 1524 136 1556 quae
169 1524 317 1557 unquam
351 1514 538 1556 excogitari
574 1513 696 1557 potuit.
758 1513 874 1547 Quare
905 1514 977 1546 iure
1005 1515 1137 1548 mireris
1163 1515 1399 1557 Husclfflmm,

47 1582 104 1623 qui
128 1581 297 1614 scribens:
324 1579 407 1626 quin
431 1578 577 1612 canibus
600 1578 747 1628 rapidas
769 1578 863 1611 inter
879 1578 987 1624 freta
1010 1586 1165 1613 curreret
1189 1581 1322 1623 undas,
1356 1582 1399 1614 ad

50 1647 206 1688 Ulyssem
239 1647 346 1679 relato
382 1644 445 1677 hoc
480 1654 599 1684 versu,
640 1643 741 1675 simili
773 1653 873 1677 sensu
907 1642 1052 1676 canibus
1098 1645 1244 1689 rapidas
1278 1646 1400 1688 iungit,

50 1711 278 1753 intelligitque
315 1719 456 1752 rapaces
497 1718 558 1751 per
596 1717 695 1740 canes
731 1708 880 1749 Scyllae.
955 1709 1054 1743 Quae
1095 1711 1170 1752 quis
1207 1715 1399 1754 concoquat

48 1776 180 1810 hodie?
237 1775 390 1808 Eandem
421 1783 614 1818 perversam
647 1773 935 1807 constructionem
964 1774 1114 1809 Vossms
1153 1775 1327 1819 adoptavit
1363 1782 1398 1809 et

48 1843 256 1883 Bmcmus,
296 1841 468 1884 explicant
503 1842 616 1872 autem
662 1838 800 1871 marinis
838 1840 996 1873 monstris
1033 1841 1149 1883 plenas
1187 1841 1397 1885 infestasque

48 1909 242 1952 naviganti,
277 1918 363 1941 nova
396 1917 433 1940 re
465 1907 577 1948 illata,
620 1905 662 1938 de
693 1915 758 1948 qua
793 1904 972 1938 HOMERUS
1005 1908 1179 1949 ceterique
1213 1908 1398 1952 scriptores

50 1979 185 2016 tacent,
221 1974 327 2007 solam
353 1973 503 2014 Scyllam
539 1975 574 2004 et
607 1969 822 2013 Charybdin,
861 1981 928 2005 non
962 1972 1028 2004 alia
1061 1977 1238 2016 praeterea
1271 1976 1401 2009 minora

52 2044 223 2082 monstra,
258 2040 292 2073 in
317 2039 391 2072 istis
415 2038 511 2072 fretis
536 2042 772 2072 memorantes.
820 2038 868 2072 Et
893 2043 987 2073 recte
1013 2040 1150 2083 quidem
1175 2052 1243 2076 non
1268 2053 1401 2077 memo-

51 2110 147 2149 rant3
186 2107 262 2149 quis
296 2106 383 2139 enim
417 2105 544 2138 leviora
573 2104 652 2137 talia
686 2103 886 2136 recordetur
918 2104 1007 2138 inter
1031 2107 1178 2140 maxima
1205 2108 1269 2141 ista
1297 2109 1401 2142 mira-

52 2172 159 2205 cula?
230 2172 285 2205 Ne
322 2172 442 2215 plura3
490 2171 572 2204 satis
609 2169 821 2203 defendimus
864 2172 1126 2215 explicationem
1163 2178 1324 2208 nostram.
1357 2194 1402 2201 -

0 2279 1 2282 Ἴ
52 2237 96 2271 V.
111 2239 158 2271 74
179 2248 230 2280 sq.
254 2237 346 2272 Nec
371 2248 450 2271 suo
475 2236 724 2270 consumsit
748 2246 867 2270 more
886 2235 1157 2280 Charybdis,
1191 2238 1223 2274 h.
1240 2251 1270 2275 e.
1290 2251 1402 2284 neque

56 2304 158 2336 etiarn
194 2314 235 2338 eo
263 2303 365 2337 modo
398 2304 546 2345 interiit,
586 2313 653 2346 quo
687 2303 731 2336 ab
766 2304 875 2336 altera
909 2308 1004 2347 parte
1037 2304 1225 2348 Charybdis
1258 2306 1403 2350 perdere

54 2370 153 2403 solet.
210 2370 316 2403 Vides
341 2382 405 2402 suo
430 2381 520 2401 more
546 2370 675 2413 optime
705 2369 830 2403 dictum
864 2375 1004 2414 propter
1029 2372 1279 2415 oppositionem
1304 2377 1403 2405 ante-

55 2434 267 2475 cedentium,
299 2439 333 2467 et
361 2434 497 2468 minime
524 2435 668 2468 otiosum
694 2438 732 2468 ut
757 2435 936 2468 videbatur
960 2436 1132 2479 ΗιςΥΜος
1165 2448 1271 2480 quare
1300 2438 1403 2472 etiam

54 2501 203 2535 Vossius
231 2502 374 2543 erravit,
413 2512 431 2535 e
458 2512 560 2545 prava
586 2502 747 2536 librorum
776 2503 997 2545 complurium
1023 2504 1189 2547 scriptura
1220 2503 1287 2545 „in
1315 2516 1370 2536 ore
1381 2504 1404 2521 “

56 2567 113 2610 qui
139 2569 307 2602 censuerit
333 2568 394 2610 „in
419 2568 520 2601 ονῖη»ιι
545 2580 620 2603 esse
646 2570 868 2611 eliciendum,
900 2570 1001 2613 idque
1026 2572 1185 2605 continuo
1211 2572 1244 2605 in
1270 2576 1400 2605 textum

54 2635 215 2668 intulerit.
266 2635 382 2668 Taceo
403 2637 485 2669 alias
508 2638 648 2670 aliorum
672 2638 884 2671 coniecturas
908 2648 975 2669 sua
1001 2636 1102 2679 mole,
1131 2649 1198 2670 ,ςαα
1224 2644 1341 2671 morte.
1358 2655 1399 2661 —-

55 2698 203 2734 fluctu
238 2706 553 2745 consurgeret
586 2703 692 2746 imo,
733 2703 869 2738 sublato
904 2703 973 2737 imo
1007 2703 1123 2738 fluctu.
1185 2703 1403 2737 Constructio

941 2768 1027 2808 26*
