1721 2953
254 100 318 147 24
437 162 442 165 ι
667 98 909 147 TIBULLI
957 100 1067 147 Lux.
1096 102 1126 146 1.
1157 110 1189 146 6.

257 225 378 272 65Te
413 241 591 289 semper
626 234 865 291 natamque
900 237 1021 275 tuam
1054 237 1095 274 te
1125 236 1311 293 propter
1342 225 1526 274 amabo:

377 310 609 375 Quicquid
645 311 759 374 agit,
803 313 985 377 sanguis
1017 325 1081 360 est
1116 325 1263 360 tamen
1295 312 1371 360 illa
1402 324 1517 361 tuus.

313 397 380 444 Sit
415 396 550 443 modo
588 408 732 454 casta,
778 397 912 457 doce,
949 400 1150 465 quamvis
1184 419 1277 447 non
1309 399 1414 446 vitta
1446 397 1605 462 ligatos

374 482 595 547 Impediat
626 483 770 530 crines
806 503 888 532 nec
925 484 1036 532 stola
1070 484 1205 549 longa
1241 485 1392 551 pedes.

312 569 367 616 Et
402 568 512 615 mihi
547 568 637 616 sint
665 569 804 616 durae
835 568 979 633 leges,
1025 570 1208 617 laudare
1242 589 1325 618 nec
1360 569 1497 617 ullam

258 668 304 702 70
381 654 558 701 Possim
593 673 699 718 ego,
746 655 852 721 quin
887 655 1040 702 oculos
1078 668 1257 721 appetat
1286 655 1360 703 illa
1392 675 1540 711 meos,

310 740 367 786 Et
401 740 552 806 siquid
587 759 795 806 peccasse
832 751 987 806 puter,
1032 741 1260 806 ducarque
1291 740 1463 806 capillis

377 825 590 873 Inmerito
622 845 789 892 pronas
826 826 1143 892 proripiarque
1179 826 1283 873 vias.

305 911 407 958 Non
445 930 528 975 ego
564 924 604 959 te
640 911 820 978 pulsare
853 912 1007 970 velim,
1051 912 1154 970 sed,
1193 912 1362 959 venerit
1395 911 1475 958 iste

379 998 429 1045 Si
464 998 614 1057 furor,
660 999 853 1064 optarim
886 1017 979 1046 non
1017 998 1228 1045 habuisse
1262 1016 1445 1045 manus:

260 1096 305 1132 75
319 1084 410 1131 Ν66
447 1103 576 1131 saevo
614 1084 674 1131 sis
712 1096 831 1132 casta
867 1096 1012 1142 mem,
1061 1084 1141 1131 sed
1175 1095 1321 1131 mente
1357 1081 1500 1129 fideli:

379 1169 566 1217 Mutuus
603 1169 776 1217 absenti
811 1180 852 1217 te
888 1169 999 1216 mihi
1030 1180 1173 1216 servet
1205 1186 1341 1215 amor.

314 1255 395 1312 At,
444 1274 556 1320 quae
590 1254 681 1303 fida
714 1255 800 1303 fuit
835 1254 971 1313 nulli,
1015 1266 1119 1320 post
1152 1255 1264 1302 victa
1301 1264 1476 1301 senecta

380 1341 517 1387 Ducit
552 1341 684 1405 inops
721 1340 909 1388 tremula
950 1341 1139 1387 stamina
1176 1352 1290 1387 torta
1323 1359 1460 1386 manu

311 1427 552 1492 Firmaque
578 1426 812 1474 conductis
851 1425 1046 1473 adnectit
1079 1425 1179 1472 licia
1215 1424 1313 1471 telis

261 1528 308 1561 80
386 1514 637 1578 Tractaque
675 1513 729 1559 dc
766 1513 894 1560 niveo
930 1511 1089 1559 vellere
1127 1511 1260 1558 ducta
1297 1520 1436 1574 putat.

312 1602 440 1648 Hanc
478 1600 628 1647 animo
667 1600 889 1664 gaudente
916 1600 1067 1646 vident
1093 1600 1392 1662 iuvenumque
1415 1607 1612 1643 catervae

383 1688 746 1734 Commemorant
780 1687 938 1733 merito
976 1696 1039 1732 tot
1075 1684 1192 1732 mala
1228 1684 1344 1731 ferre
1379 1701 1554 1739 senem,

313 1773 442 1820 Hanc
478 1775 628 1820 Venus
666 1791 717 1819 ex
751 1771 837 1819 alto
873 1771 1051 1818 flentem
1087 1770 1291 1817 sublimis
1328 1768 1526 1836 Olympo

384 1859 563 1924 Spectat
600 1870 639 1905 et
676 1858 829 1905 infidis
863 1877 996 1923 quam
1035 1857 1092 1904 sit
1128 1856 1288 1904 acerba
1323 1866 1485 1903 monet.

263 1945 443 1993 85Haec
482 1944 577 1991 aliis
615 1944 848 1991 maledieta
886 1943 1069 1990 cadant:
1122 1960 1228 1998 nos,
1265 1940 1417 1998 Delia,
1450 1943 1614 1988 amoris

386 2030 647 2096 Exemplum
680 2049 789 2078 caua
825 2029 963 2076 simus
1001 2040 1187 2096 uterque
1224 2046 1363 2075 coma.

361 2204 400 2236 V.
419 2206 475 2238 66.
507 2204 623 2247 agit,
649 2209 753 2237 recte.
803 2203 897 2237 Male
923 2203 1202 2245 Bnouxnusms,
1229 2204 1400 2243 Vossms,
1427 2202 1614 2235 thnun-

268 2279 430 2311 melitus,
466 2270 647 2312 Bacmus,
681 2270 906 2302 Gonnumus
932 2279 975 2303 ex
1000 2269 1074 2302 aliis
1100 2275 1209 2314 agat,
1243 2268 1333 2311 quod
1362 2268 1521 2301 alienum.

362 2354 476 2388 RN.
516 2353 679 2387 Praesero
715 2364 791 2387 cum
829 2353 951 2386 I‘rAms
988 2357 1142 2396 puter,
1189 2355 1226 2385 ut
1263 2352 1318 2385 alii
1359 2351 1430 2386 viri.
1492 2349 1614 2382 Licn-

267 2429 415 2452 nimmrs
444 2424 567 2460 putet,
603 2419 692 2461 quod
719 2419 874 2451 Puccms
902 2418 1013 2451 offert.
1064 2417 1159 2450 Libri
1180 2422 1313 2461 putat,
1344 2421 1463 2459 putor.

362 2503 479 2535 [⁸6.
521 2502 672 2534 simus.
738 2502 839 2537 Quod
882 2505 1058 2545 praeterea
1101 2499 1242 2533 habetur
1281 2503 1436 2537 stemus,
1485 2496 1617 2530 videtur

269 2568 458 2603 emendatio
486 2578 570 2599 csse.
