1721 2953
483 164 629 204 LfflR.
658 165 730 204 IV.
792 164 959 206 (ΑΒΜ.
987 169 1020 208 1.
1358 174 1437 214 419

86 277 246 323 flammis
277 284 313 310 et
347 284 521 314 cremata,
558 276 711 310 cominus
744 288 874 320 vapore
900 284 1093 313 torrentur.
1117 299 1162 305 —-
1202 283 1244 315 V.
1271 287 1338 317 165
1364 298 1439 329 sqq.

96 345 218 378 inter
241 363 288 369 —
314 345 547 387 interque,
588 345 730 388 repetita
758 346 1030 388 praepositione,
1068 348 1124 380 nbi
1150 350 1255 381 semel
1286 350 1438 383 sufficie-

96 411 174 452 bat,
209 415 291 444 noto
322 421 395 443 usu.
445 411 533 444 Vide
558 411 662 443 multa
695 410 798 443 allata
831 421 885 454 ap·
920 413 1076 445 SCHMID.
1105 413 1147 445 ad
1172 414 1292 448 Horat.
1326 415 1439 459 Epist.

97 478 123 515 Ι,
155 480 188 518 2,
225 480 279 511 12.
317 481 351 510 et
389 477 600 511 Hmmnomv.
634 477 677 510 ad
713 478 786 511 Sat.
821 477 847 518 Ι,
882 482 916 520 7,
951 482 1006 511 12.
1073 480 1225 513 Similem
1269 482 1436 523 quandam

100 542 234 574 articuli
267 543 506 586 repetitionem
542 542 644 576 habet
676 543 786 576 Pmn.
814 542 911 576 Nem.
938 545 1032 586 VIII,
1060 547 1115 580 fin.
1147 566 1191 572 --
1230 548 1438 590 rigentes

96 610 209 642 verior
233 609 334 641 lectio
360 609 512 650 videtur,
540 619 606 641 non
631 607 820 654 rigentem,
856 609 957 642 modo
983 615 1177 653 teneamus,
1203 612 1235 645 in
1260 615 1437 656 sequenti-

98 675 180 708 bus:
206 675 461 718 Nostraque
487 682 528 709 et
550 695 597 701 —-
622 687 723 719 pars
749 677 915 717 altera,
943 679 1124 719 particulas
1145 691 1209 724 que
1228 686 1263 711 et
1282 691 1347 714 non
1367 681 1438 715 dis-

100 742 266 775 iunctivas
295 753 380 784 esse,
404 742 463 776 sed
491 742 561 776 fere
587 754 634 786 pr.
661 754 726 776 una
754 743 893 786 positas,
919 747 956 775 ut
981 745 1017 775 τέ
1042 763 1088 768 ——
1115 747 1170 776 καὶ
1198 747 1332 781 Graece
1357 759 1437 791 pas-

99 809 159 841 sim
195 815 384 851 ponuntur,
420 808 463 843 cf.
490 809 692 842 HERMANN.
718 808 759 841 ad
793 808 900 852 Soph.
934 809 1060 842 Electr.
1087 814 1166 845 873.
1209 812 1368 845 Lancx.
1395 813 1438 846 ad

96 873 278 915 Plirynich.
316 887 348 918 p.
374 876 453 908 410.
504 875 590 908 Nam
622 876 741 909 ambae
774 881 852 909 sunt
886 877 975 909 inter
1010 878 1171 911 torridam
1208 883 1242 912 et
1275 879 1439 922 rigentes,

95 949 317 981 unaquaeque
343 945 455 973 antem
481 941 569 974 inter
594 941 757 974 torridam
782 945 816 974 et
842 942 1007 984 rigentem
1034 944 1230 976 alterutram
1257 948 1319 978 est.
1369 945 1439 979 Ce-

95 1009 203 1037 terum
229 1005 311 1037 huic
336 1012 455 1038 nostro
487 1006 560 1039 solo
594 1007 777 1040 adversam
806 1008 900 1041 vides
925 1010 1106 1042 australem
1133 1020 1253 1043 zonam
1281 1021 1367 1044 esse.
1391 1029 1438 1036 —-

95 1071 262 1103 similis
285 1072 455 1104 vicinia
480 1073 597 1105 caeli
624 1073 890 1116 Temperat,
915 1073 946 1108 h.
975 1085 1004 1107 e.
1029 1075 1145 1108 similis
1170 1077 1254 1109 caeli
1280 1078 1436 1120 aelrisque

95 1136 184 1168 ratio
210 1136 252 1167 ab
278 1141 420 1178 utraque
446 1142 542 1179 parte
568 1138 676 1170 vicina
705 1142 882 1181 temperat.
940 1140 1054 1173 Habet
1078 1143 1166 1175 enim
1192 1147 1334 1185 utraque
1363 1148 1437 1177 ἴοι·-

96 1200 202 1232 ridam
230 1204 264 1233 et
288 1200 443 1242 frigidam
469 1213 487 1234 a
514 1203 639 1244 latere,
679 1207 714 1235 et
745 1204 895 1247 spirante
922 1204 997 1238 hinc
1023 1207 1154 1249 calido,
1191 1209 1283 1242 illinc
1308 1209 1435 1252 frigido

95 1268 174 1299 aere
201 1267 347 1300 eflicitur
371 1268 553 1310 temperies
579 1269 718 1311 optima,
743 1270 833 1311 quia,
858 1274 896 1302 ut
918 1275 1018 1313 poeta
1039 1272 1142 1314 addit,
1170 1273 1262 1306 alter
1287 1273 1437 1307 alterius

93 1333 186 1366 vires
219 1339 322 1365 necat
357 1337 429 1367 ae'r.
479 1335 532 1367 Ad
566 1346 597 1368 v.
633 1340 860 1379 temperat
892 1337 1008 1370 confer
1041 1349 1116 1372 cum
1152 1339 1304 1373 Hermo
1338 1341 1437 1374 Ovid.

94 1398 181 1431 Met.
216 1398 244 1439 I,
275 1401 342 1431 51:
396 1398 670 1443 Temperiequce
705 1400 801 1430 dedit
836 1401 950 1432 νηί-τίη
995 1413 1072 1433 cam
1100 1402 1243 1447 frigore
1275 1406 1439 1448 flamma.

94 1464 203 1497 Porro
229 1468 392 1497 tenens
417 1468 469 1497 est
495 1466 723 1508 amplectens,
749 1466 912 1499 ambiens.
964 1467 1118 1510 Denique
1147 1474 1298 1510 necat,
1332 1471 1437 1503 veluti

93 1531 261 1563 MACROB.
286 1531 358 1563 Sat.
385 1530 428 1572 ΙΙ,
454 1534 494 1564 7:
533 1530 638 1563 edera
663 1543 804 1575 serpens
830 1531 921 1564 vires
946 1531 1110 1565 arboreas
1144 1540 1267 1570 necat,
1300 1535 1437 1570 Same.

93 1596 235 1639 Hippoi.
257 1598 346 1629 454:
374 1595 470 1639 Quid
493 1601 527 1626 te
552 1598 686 1627 coerces
711 1602 746 1626 et
765 1608 870 1628 necas
895 1602 1026 1628 rectam
1048 1596 1224 1630 indolem?
1264 1599 1438 1633 Observa-

94 1661 146 1693 bis
172 1661 294 1701 etiam,
321 1670 396 1693 cnm
419 1660 530 1701 logica
555 1660 641 1691 ratio
666 1661 893 1694 membrorum
919 1660 1003 1694 haec
1028 1663 1092 1695 sit:
1117 1667 1303 1707 temperat,
1329 1667 1438 1699 altero

94 1726 174 1757 aere
199 1724 339 1757 alterius
364 1724 451 1757 vires
476 1728 629 1764 necante,
656 1734 717 1767 pro
743 1725 922 1768 participio
948 1735 1042 1759 more
1070 1732 1247 1770 poetarum
1269 1729 1437 1773 frequenti

94 1791 225 1823 finitum
251 1790 389 1822 verbum
414 1791 580 1833 positum,
615 1790 704 1832 quod
730 1802 837 1833 genus
863 1792 998 1826 dicendi
1024 1795 1214 1828 monuimus
1242 1796 1305 1829 iam
1331 1808 1435 1841 supra

94 1857 268 1890 nervosius
299 1867 374 1889 esse
403 1861 437 1890 et
463 1858 538 1900 plus
564 1858 690 1900 vigoris
716 1857 852 1892 habere.
902 1858 1015 1893 Etiam
1042 1859 1128 1894 hunc
1153 1862 1263 1895 locum
1289 1864 1438 1907 corrupit

94 1923 243 1955 Vossms
278 1933 328 1965 pr.
363 1928 398 1953 et
424 1928 527 1954 necat
552 1923 607 1965 qui
634 1929 675 1955 ut
709 1929 806 1955 necet
838 1926 1008 1968 receperit
1040 1936 1228 1970 perperam.
1287 1929 1435 1961 Secutus

94 1993 207 2022 tamen
243 1994 294 2022 est
327 1989 499 2022 BAcnms.
525 2008 572 2014 —
612 1991 652 2024 V.
682 1993 748 2024 169
774 2001 846 2033 sqq.
888 2001 966 2034 per
999 1996 1219 2036 tempora.
1269 1994 1436 2035 Vertitur,

93 2055 161 2096 ait,
197 2058 231 2087 et
256 2055 401 2088 volvitur
426 2066 533 2088 annus
559 2055 733 2098 placidus,
768 2066 831 2088 nec
856 2056 952 2089 nimis
979 2057 1106 2090 calidus
1131 2068 1194 2090 nec
1215 2058 1313 2091 nimis
1339 2059 1438 2101 frigi-

92 2118 166 2160 duS,
192 2130 252 2163 per
277 2123 432 2163 tempora
458 2124 619 2162 quattuor
644 2119 788 2161 diversa,
813 2130 890 2153 cum
916 2121 977 2153 sub
1005 2132 1091 2155 zona
1117 2123 1244 2156 torrida
1269 2129 1436 2167 perpetua

93 2189 204 2218 aestas
234 2186 297 2228 sit,
333 2187 396 2219 sub
434 2186 554 2229 frigida
588 2190 700 2219 autem
728 2192 892 2230 perpetua
925 2186 1043 2222 hiems.
1070 2207 1112 2214 -
1153 2191 1279 2224 lenta
1315 2192 1435 2230 vitis„

93 2252 228 2287 flexilis.
288 2255 503 2287 excelsos
547 2255 859 2288 conscendere
904 2265 1050 2289 ramos
1103 2257 1290 2300 didicit,
1338 2260 1436 2292 ulmis

92 2319 219 2362 quippe
256 2320 410 2353 maritata
449 2324 550 2362 atque
591 2323 692 2355 etiam
731 2322 885 2365 populi5,
922 2325 959 2354 ut
995 2323 1142 2356 maxime
1182 2325 1214 2356 in
1250 2324 1436 2366 Campania

93 2383 241 2425 factum,
274 2385 382 2420 Prm.
408 2385 502 2428 XlV,
531 2390 560 2420 l.
585 2406 632 2412 -—-
668 2399 821 2431 seges,
854 2399 942 2422 nunc
966 2393 1055 2422 terra
1080 2390 1255 2424 frumentis
1282 2391 1332 2423 vel
1358 2392 1435 2424 viti-

93 2449 157 2482 bus
183 2450 323 2483 consita.
374 2451 527 2495 Nempe,
551 2455 590 2485 ut
614 2452 744 2486 Lexica
770 2453 903 2486 abunde
929 2454 1074 2497 docent,
1098 2467 1195 2500 seges
1222 2460 1273 2489 est
1299 2456 1434 2488 omnino

94 2518 185 2548 terra
216 2528 303 2559 quae
330 2517 472 2559 colitur,
511 2519 582 2552 sive
617 2519 785 2554 destinata
811 2521 932 2554 sationi
967 2523 1037 2556 sive
1069 2524 1217 2565 consita,
1258 2527 1291 2556 et
1326 2524 1434 2556 latiori

93 2592 196 2615 sensu
232 2584 333 2618 etiam
372 2595 498 2629 pascua
538 2587 777 2630 complectitur
810 2598 919 2630 eaque
954 2588 1046 2630 loca,
1090 2589 1148 2623 ubi
1185 2594 1305 2634 sponte
1341 2594 1435 2622 satae

95 2652 252 2681 crescunt
285 2647 430 2693 herbae,
467 2655 504 2684 ut
541 2652 647 2687 Vina.
675 2653 805 2696 Georg.
832 2653 891 2696 IV,
918 2655 1006 2687 128:
1043 2666 1104 2686 nec
1123 2654 1264 2700 fertilis
1289 2654 1351 2688 illa
1377 2655 1435 2686 ιἰι-

1007 2721 1060 2741 »a

1011 2742 1021 2762 A
