1721 2953
680 128 920 170 TIBULLI.
1370 141 1471 164 xxm

127 254 218 299 tim,
258 250 340 290 sive
374 248 453 288 alio
484 247 534 286 sit
563 254 746 298 tempore
786 244 959 289 factum,
1004 238 1101 281 editi
1139 247 1234 279 sunt
1271 239 1472 279 Amorum

125 328 222 366 libri
259 324 444 378 quinque
480 319 706 362 secundum
743 319 985 359 Massonum
1023 317 1117 355 circ.
1149 319 1244 354 739.
1277 322 1315 354 et
1344 314 1473 354 serius

127 404 247 444 etiam
285 401 358 454 qui
395 398 518 440 hodie
553 399 761 437 habentur
795 404 899 445 tres,
938 397 978 435 h.
1009 410 1042 435 e.
1085 393 1154 434 diu
1188 401 1283 446 post
1317 393 1474 432 Tibulli

126 485 324 526 mortem,
372 483 412 515 et
448 473 562 515 vides
602 486 688 513 non
724 471 904 525 potuisse
944 470 1063 510 edere
1099 468 1316 518 Ovidium,
1360 467 1474 522 quod

125 551 557 607 repugnarefTibulli
586 550 834 591 carminibus
870 547 1007 599 edilis,
1049 561 1154 601 quae
1185 560 1277 586 cum
1307 545 1474 585 nonnisi

126 629 226 669 duas
265 627 435 668 laudent
471 627 629 680 puellas
672 633 711 664 et
747 624 968 665 memoriae
1011 621 1279 671 tradiderint,
1323 619 1372 659 de
1410 619 1474 659 his

126 706 222 745 solis
253 703 332 743 dici
364 703 507 743 debuit
540 703 590 742 ab
622 715 692 752 eo,
731 701 888 740 etiamsi
919 699 1042 738 sciret
1069 706 1251 750 poetam,
1292 709 1384 736 cum
1413 696 1475 736 vi-

127 791 260 832 veret,
302 781 400 820 alias
430 788 644 834 praeterea
673 792 841 819 amasse.
905 774 1020 826 Quae
1055 787 1146 815 cum
1179 775 1237 813 ita
1266 773 1366 822 sint,
1401 785 1473 823 ego

128 868 173 898 ul
201 860 484 912 Ayrmamlus,
514 858 723 910 Heynius,
751 853 1117 902 h'litscherliehius,
1147 850 1342 897 Vossius,
1374 847 1475 900 Gly-

129 948 261 973 ceram
291 933 411 973 aliam
434 941 473 974 et
501 932 703 973 diversam
732 932 864 971 habeo
894 944 916 968 a
938 930 1058 968 Delia
1080 936 1119 967 et
1137 926 1317 974 Nemesi,
1352 938 1476 978 quam

128 1019 261 1050 tamen
291 1010 486 1051 amaverit
514 1010 704 1050 Tibullus
743 1024 826 1049 non
867 1015 961 1060 post
998 1006 1207 1046 Nemesim
1242 1012 1281 1043 et
1315 1003 1359 1040 in
1397 1001 1476 1040 fine

126 1087 254 1135 vitae,
298 1095 343 1125 ut
378 1099 595 1138 perperam
633 1086 789 1134 visum,
835 1082 906 1123 sed
937 1091 1028 1134 post
1060 1081 1225 1120 Deliam
1260 1078 1352 1116 circ.
1383 1089 1478 1114 ann.

132 1166 226 1202 729.
256 1170 294 1201 et
325 1166 420 1201 730.
477 1163 602 1202 Poeta
633 1160 754 1200 eliam
784 1168 870 1199 tum
900 1173 947 1198 ea
978 1166 1105 1197 aetate
1135 1163 1241 1205 erat,
1274 1163 1316 1192 ut
1340 1152 1479 1191 iunior

130 1240 166 1278 ei
191 1239 392 1292 praeferri
418 1247 568 1292 posset,
598 1236 946 1292 quemadmodum
969 1234 1166 1275 Horatius
1190 1231 1355 1271 indicat.
1413 1229 1477 1267 De

127 1316 404 1368 temporibus,
450 1315 600 1368 quibus
630 1313 826 1357 Horatius
864 1312 993 1350 libros
1031 1316 1267 1361 poematum
1307 1317 1474 1344 suorum

127 1390 345 1442 scripserit,
374 1404 508 1442 nuper
536 1397 679 1429 contra
708 1388 942 1428 Bentleium
976 1385 1070 1426 data
1101 1398 1227 1437 opera
1257 1381 1480 1434 disputavit

127 1467 191 1505 vir
234 1464 490 1504 doctissimus
536 1465 793 1503 Kirchnerus
841 1463 885 1501 in
931 1461 1211 1516 Quaestionihus
1259 1460 1479 1497 Horatianu-

127 1540 356 1592 Numburg.
387 1554 482 1580 ann.
514 1541 658 1589 1834„
692 1538 801 1578 unde
832 1537 962 1587 discas
995 1537 1116 1577 etlam
1144 1537 1241 1575 hinc
1271 1534 1374 1573 nihil
1405 1534 1478 1572 ob-

127 1625 233 1656 stare
271 1616 496 1656 sententiae
531 1624 710 1656 nostrae.
777 1614 891 1666 Elegi
920 1621 1056 1653 autem
1093 1611 1160 1652 isti
1197 1609 1479 1650 lamentabiles

127 1694 348 1732 certissime
378 1707 463 1733 nou
494 1691 593 1732 editi
623 1699 757 1739 erant,
790 1689 860 1731 sed
889 1690 998 1729 inter
1031 1688 1182 1728 amicos
1209 1688 1480 1731 habebantur,

130 1766 240 1806 unde
281 1780 349 1806 eos
382 1767 580 1806 Horatius
619 1773 805 1805 noverat.
868 1764 977 1802 Nam
1013 1771 1178 1815 praeter
1212 1763 1393 1814 primum
1429 1763 1480 1799 li-

130 1844 248 1882 brum
279 1841 435 1882 videbis
465 1842 574 1881 infra
601 1842 703 1880 nihil
734 1840 907 1879 edidisse
933 1840 1159 1878 Tibullum.
1220 1836 1379 1886 Quodsi
1409 1837 1479 1876 de-

129 1920 254 1972 nique
295 1919 508 1972 quaeritur
547 1931 745 1971 quorsum
777 1916 954 1956 abierint
986 1915 1053 1956 isli
1086 1916 1208 1965 elegi,
1247 1927 1394 1953 vereor
1428 1927 1478 1951 ne

128 1996 220 2049 plus
251 1996 353 2034 scire
383 1995 556 2034 velimus
590 2007 713 2047 quam
752 1993 868 2042 licet,
916 1993 1088 2032 sortasse
1118 1997 1260 2042 postea
1290 1987 1480 2040 displice-

128 2073 228 2111 bant
259 2072 448 2121 Tibullo,
488 2080 535 2111 ut
563 2072 650 2124 ipse
681 2084 749 2111 eos
782 2070 998 2119 deleverit,
1037 2069 1072 2108 si
1101 2067 1221 2106 nimis
1252 2066 1407 2106 flebiles
1443 2074 1480 2104 el

127 2148 409 2187 lamentabiles
442 2155 578 2197 erant,
618 2144 966 2201 quemadmodum
996 2159 1048 2184 ex
1077 2145 1252 2184 Horatio
1282 2142 1481 2195 suspicari

127 2224 234 2263 licet,
301 2223 494 2264 Ceterum
527 2238 657 2264 unum
688 2238 852 2264 carmen
888 2221 939 2262 ad
975 2222 1192 2275 Glyceram
1231 2220 1334 2259 forte
1371 2227 1480 2258 aeta-

130 2308 210 2338 tem
239 2300 383 2340 tulisse
413 2301 610 2353 suspicor,
637 2302 834 2353 scriptum
863 2312 963 2339 vero
995 2296 1098 2337 illud
1128 2297 1267 2349 priore
1296 2304 1481 2347 tempore

129 2375 252 2415 huius
293 2375 466 2426 amoris,
511 2375 625 2430 quod
665 2377 752 2416 sine
791 2374 958 2415 nomine
993 2373 1152 2426 puellae
1191 2380 1397 2425 repertum
1438 2372 1479 2409 in

131 2451 288 2492 schedis
333 2453 488 2492 Tibulli
529 2453 636 2493 inter
680 2453 819 2507 quarti
858 2452 954 2491 libri
1001 2450 1179 2491 carmina
1227 2449 1377 2489 editum
1423 2456 1481 2486 esl

133 2540 195 2567 nr.
229 2532 289 2568 13.
349 2525 482 2582 (Adde
514 2543 576 2569 nr.
613 2528 692 2582 14.)
736 2529 879 2568 Deliae
914 2527 1108 2581 scriptum
1139 2540 1219 2566 uon
1258 2525 1346 2571 suit,
1378 2538 1481 2577 quac

134 2618 216 2643 uon
241 2606 405 2646 immitis
439 2616 476 2646 et
507 2608 684 2659 superba
715 2616 814 2657 erat,
850 2614 893 2646 ut
919 2608 1031 2655 haec,
1061 2613 1100 2644 et
1131 2605 1244 2643 cuius
1280 2614 1480 2654 nusquam
