1721 2953
433 165 435 167 ι
461 109 703 155 TIBULLI
752 109 862 155 LlB.
890 110 920 155 1.
947 120 981 154 7.
1317 112 1382 157 27

97 233 151 280 Et
188 233 349 301 Tyriae
380 244 519 280 vestes
556 245 597 279 et
633 230 777 279 dulcis
808 232 917 280 tibia
954 243 1087 279 cantu

159 319 213 365 Et
244 318 347 364 levis
380 318 564 366 occultis
599 318 778 366 conscia
815 318 923 366 cista
953 318 1103 366 sacris.

95 405 191 450 Huc
228 402 334 450 ades
365 416 406 451 et
440 416 618 452 centum
647 403 766 451 ludis
802 404 1087 468 Geniumque
1124 403 1297 451 choreis

40 503 87 536 50
165 488 438 538 Concelebra
475 503 517 538 et
551 490 690 538 multo
725 502 925 556 tempora
956 490 1096 537 funde
1131 508 1276 537 mero:

92 575 214 622 lllius
253 588 295 623 et
328 576 472 624 nitido
505 576 672 625 stillent
705 588 935 641 unguenta
967 575 1155 642 capillo,

163 662 220 709 Et
254 663 397 728 capite
435 676 476 711 et
512 663 627 712 collo
659 663 808 711 mollia
846 676 964 711 serta
1000 673 1137 726 gerat.

97 748 171 796 Sic
209 749 357 796 venias
395 750 634 798 hodierne:
680 750 761 798 tibi
799 750 900 797 dem
936 748 1048 796 turis
1083 747 1306 801 honores7

164 835 277 882 Liba
315 847 356 882 et
389 836 634 902 Mopsopio
671 835 821 884 dulcia
856 834 985 882 melle
1020 834 1173 881 feram.

44 932 90 965 55
104 920 161 967 At
196 920 278 967 tibi
315 934 567 970 succrescat
598 921 773 988 proles,
820 940 934 987 quae
969 921 1085 968 facta
1120 919 1317 985 parentis

170 1007 345 1071 Augeat
381 1020 422 1055 et
458 1009 576 1056 circa
612 1021 695 1056 stet
726 1008 981 1056 veneranda
1016 1025 1180 1055 senem.

96 1095 187 1141 Nec
222 1106 365 1142 taceat
395 1107 685 1143 monumenta
720 1096 840 1153 viae,
874 1113 1007 1160 quem
1037 1091 1235 1140 Tuscula
1267 1090 1394 1138 tellus

170 1181 465 1247 Candidaque
501 1182 686 1247 antiquo
723 1181 890 1229 detinet
922 1180 1041 1228 Alba
1074 1181 1199 1227 Lare.

95 1268 299 1333 Namque
335 1268 499 1333 opibus
533 1280 745 1331 congesta
777 1267 864 1314 tuis
900 1266 973 1314 hic
1010 1265 1160 1329 glarea
1193 1264 1306 1310 dura

48 1368 94 1401 60
173 1353 420 1411 Sternitur,
467 1353 541 1401 hie
581 1365 683 1418 apta
716 1352 919 1416 iungitur
954 1362 1046 1398 arte
1076 1349 1197 1397 silex.

102 1441 166 1486 Te
199 1439 319 1487 canit
354 1438 574 1503 agricola,
618 1457 640 1486 e
675 1457 840 1502 magna
879 1457 980 1485 cum
1016 1436 1185 1483 venerit
1221 1435 1328 1481 urbe

166 1527 302 1573 Serus
338 1525 615 1573 inoffensum
651 1524 956 1590 rettuleritque
991 1523 1167 1589 pedem.

101 1617 160 1660 At
197 1625 266 1670 tu,
314 1611 484 1660 Natalis
516 1611 680 1659 multos
717 1611 985 1660 celebrande
1021 1629 1102 1675 per
1138 1629 1305 1664 annos,

172 1699 421 1746 Candidior
457 1717 633 1763 semper
669 1697 997 1761 candidiorque
1033 1695 1144 1742 veni.

149 1947 189 1980 V.
206 1948 262 1981 47.
296 1947 446 1980 dulcis
477 1946 630 1979 defendit
653 1947 883 1979 Gienflannus
915 1945 1018 1978 allato
1044 1943 1187 1977 Homw.
1207 1943 1241 1983 1,
1271 1945 1325 1983 17,
1350 1945 1404 1975 10.

54 2018 87 2045 et
114 2013 299 2045 Pnopssnw.
315 2012 375 2054 lv,
392 2014 424 2053 4,
443 2015 475 2046 5.
493 2031 538 2035 —
589 2012 629 2045 V.
644 2013 700 2046 49.
728 2011 849 2044 ludis
874 2010 1033 2043 EBoRAc.
1055 2020 1122 2041 rec,
1145 2009 1269 2050 aliique
1295 2007 1406 2050 pauci.

56 2079 99 2110 Et
122 2079 171 2111 sie
196 2079 283 2111 bene
308 2078 522 2111 emendatum
546 2082 598 2111 est
622 2089 641 2111 a
666 2079 805 2111 STA'mo
832 2087 880 2121 pr.
903 2076 1024 2118 ludos,
1055 2086 1141 2119 quae
1167 2078 1219 2109 est
1244 2075 1406 2107 librorum

55 2144 126 2176 fere
159 2143 306 2177 omnium
335 2144 453 2184 lectio,
489 2143 634 2185 ideoque
668 2143 817 2186 reposita
850 2142 892 2175 ab
927 2142 1171 2176 Licumfflso.
1197 2159 1241 2163 —
1292 2140 1332 2173 V.
1351 2142 1407 2172 51.

57 2209 193 2241 lllius
227 2213 280 2241 et.
332 2209 403 2241 Cur
435 2208 575 2252 probem
599 2207 706 2239 Illius
735 2219 751 2239 e
777 2208 920 2240 aliorum
949 2206 1104 2240 codicum
1136 2206 1335 2246 lectionem,
1374 2208 1410 2236 ut

56 2275 113 2307 alii
141 2274 315 2315 fecerunt,
351 2274 544 2316 expositum
568 2274 601 2306 in
627 2272 874 2317 Explicatione.

152 2357 193 2391 V.
209 2359 267 2391 58.
303 2355 503 2389 Candida
535 2367 636 2401 quem
666 2357 769 2399 vulgo
792 2355 834 2390 de
860 2356 1056 2389 coniectura
1075 2355 1324 2396 Bnomfflusn,
1350 2355 1410 2388 sed

58 2422 168 2455 aliena
192 2421 245 2456 hic
270 2420 447 2466 emphasis.

158 2506 197 2538 V.
215 2508 269 2538 61.
305 2506 424 2538 canit
454 2508 559 2539 recte.
613 2506 726 2547 Vulgo
752 2511 852 2536 canet
881 2515 923 2538 ex
951 2505 1137 2539 mecmo
1164 2506 1310 2545 S'rnwi,
1342 2514 1410 2546 quo

62 2580 126 2602 non
155 2580 249 2613 opus.
