1721 2953
271 110 380 136 cxxx
800 94 874 132 DE
910 89 1065 133 POESI

267 206 485 246 sitionibus
527 201 770 257 explicanda
810 204 911 252 sint,
962 201 1087 243 veluti
1119 201 1292 242 Vossius
1331 200 1372 238 in
1411 200 1490 240 hoc
1526 200 1617 239 loco

270 283 374 320 male
419 280 568 320 eximIa
612 279 907 330 iuterpretatur
947 278 1135 328 grandia,
1188 277 1259 330 qui
1300 284 1436 315 tamen
1478 275 1618 326 paullo

269 364 361 408 post
397 372 433 396 v.
462 357 646 394 desertam
677 361 716 392 et
750 356 785 392 in
814 357 915 392 trivio
948 355 1053 392 bene
1084 360 1348 405 perspexerat
1381 349 1459 390 sibi
1489 361 1621 400 oppo-

269 432 344 469 sita
377 444 475 469 esse.
549 427 627 467 Sed
670 436 712 467 tu
751 442 861 466 nunc
900 427 1004 467 illud
1040 428 1165 467 sentis
1197 427 1375 479 epitheta
1405 433 1552 464 tenerae
1583 430 1622 461 et

267 508 434 556 grandia
473 505 547 543 etsi
590 518 642 542 ex
681 511 830 542 natura
868 503 1039 542 istarum
1079 517 1220 542 rerum
1260 502 1408 554 petita,
1453 501 1621 539 minime

267 592 404 623 tamen
431 582 562 622 otiosa
588 589 628 620 et
650 580 859 633 superflua
883 594 988 630 esse,
1018 579 1089 619 sed
1114 578 1322 619 acuendae
1350 577 1622 630 oppositionis

270 674 390 700 causa
428 656 565 697 addita
605 657 859 709 praeclaram
897 655 981 695 vim
1018 655 1186 695 habere.
1260 654 1394 692 Etiam
1432 654 1477 691 in
1517 654 1621 692 hoc:

381 733 458 773 Hic
489 733 587 786 quia
618 732 735 771 fortis
766 730 880 770 adest
915 728 1104 778 audacia,
1147 728 1276 780 cepit,
1317 736 1358 767 at
1385 727 1446 767 illi

435 807 657 859 Virgineus
686 815 848 846 teneras
879 813 957 845 stat
987 804 1125 858 pudor
1154 812 1247 842 ante
1275 816 1420 854 genas,

272 884 363 938 quis
395 883 572 923 otiosum
606 882 713 922 dicat
737 881 872 934 fortis,
912 889 949 920 et
978 894 1062 920 non
1093 879 1240 918 sentiat
1270 879 1456 917 consulto
1489 875 1624 928 dupli-

272 968 401 999 catam
442 959 526 998 vim
571 957 747 996 nominis
792 964 964 1008 propter
1009 950 1345 1007 oppositionem?
1426 950 1626 992 Tenenda

270 1036 372 1073 llaec
405 1033 639 1073 observatio
670 1031 872 1083 imprimis
903 1031 1024 1069 etiam
1053 1029 1134 1079 ibi,
1172 1029 1245 1068 ubi
1279 1026 1446 1066 nonnisi
1475 1029 1626 1066 alteru-

272 1117 381 1148 trum
424 1106 727 1148 substantivum
769 1104 968 1145 adiectivo
1009 1112 1200 1143 ornatum
1243 1110 1322 1152 est,
1375 1111 1421 1142 ut
1463 1103 1506 1142 in
1547 1104 1626 1142 hoc

271 1186 311 1235 I,
342 1186 388 1233 4,
423 1188 500 1224 11:
665 1191 684 1226 ἰ

384 1259 461 1298 Hic
491 1259 636 1310 placet,
667 1254 845 1308 angustis
876 1253 986 1308 quod
1013 1268 1166 1307 equum
1193 1253 1413 1306 compescit
1434 1254 1626 1294 habenis:

441 1334 518 1372 Hic
552 1330 755 1384 placidam
785 1331 907 1370 niveo
942 1337 1108 1380 pectore
1138 1329 1255 1380 pellit
1286 1343 1450 1381 aquam.

273 1408 380 1449 Sunt
414 1407 496 1447 duo
536 1407 630 1447 satis
669 1413 769 1451 nota
806 1405 1000 1443 exercitia
1036 1417 1286 1455 puerorum,
1329 1411 1367 1441 et
1402 1402 1629 1453 opponitur

275 1498 383 1538 equo
411 1479 593 1537 (rapido)
619 1480 794 1529 habenis
820 1476 1117 1530 compescendo
1142 1475 1300 1529 placida
1324 1490 1443 1529 aqua.
1490 1474 1628 1524 Quare

274 1561 432 1599 fallitur
471 1556 710 1596 Huschkius
747 1553 1111 1605 transpositionem
1150 1555 1248 1591 niveo
1282 1553 1475 1604 placidam
1517 1565 1629 1591 com-

276 1633 497 1681 mendans,
540 1639 579 1670 ct
607 1630 781 1669 Vossius
810 1628 969 1679 facilem
1009 1627 1228 1677 corrigens.
1294 1625 1390 1665 Non
1427 1627 1629 1677 fecissent,

277 1709 311 1747 si
357 1707 407 1745 ad
448 1720 568 1745 usum
614 1703 885 1755 oppositionis
930 1702 1157 1742 accuratius
1200 1699 1467 1740 attendissent
1518 1700 1630 1753 apud

275 1792 453 1836 poetam.
519 1780 736 1820 Neminem
766 1777 932 1817 latuerit
962 1777 1166 1829 oppositio
1195 1777 1238 1815 in
1268 1778 1347 1816 hoc
1377 1777 1416 1825 I,
1442 1781 1485 1824 8,
1504 1778 1581 1818 49:

390 1875 754 1886 —————
782 1865 914 1904 puero
948 1866 1055 1904 quae
1085 1851 1215 1901 gloria
1243 1851 1352 1890 victo
1384 1849 1472 1891 est?

444 1931 491 1968 ln
523 1935 683 1968 veteres
715 1935 799 1965 esto
834 1925 959 1974 dura,
997 1926 1159 1977 puella,
1191 1938 1331 1974 senes,

278 2009 371 2047 licet
412 2020 495 2045 vox
533 2018 647 2056 puero
687 2017 771 2042 non
804 2009 948 2040 ornata
983 2001 1034 2040 sit
1069 2000 1271 2052 epitheto,
1320 2008 1357 2039 et
1397 2014 1488 2039 cum
1520 2000 1561 2049 I,
1591 2005 1630 2049 2,

283 2089 350 2124 72.
382 2087 447 2121 73.
479 2080 742 2131 celeri-equo
783 2084 1054 2129 opponuntur
1090 2077 1233 2115 boves.
1298 2074 1380 2115 Sed
1418 2090 1544 2128 pergo
1581 2075 1632 2115 ad

283 2156 407 2197 aliud.
476 2155 584 2194 Nam
623 2161 787 2207 praeter
827 2151 1083 2191 substantiva
1122 2149 1212 2190 fieri
1249 2158 1385 2203 potest
1427 2159 1471 2189 ut
1511 2152 1633 2190 etiam

281 2217 411 2277 verba
451 2233 639 2286 opposita
677 2231 778 2279 siut,
822 2238 860 2268 et
897 2228 961 2268 his
991 2242 1074 2267 una
1110 2227 1266 2267 nitatur
1301 2227 1363 2267 vis
1396 2228 1634 2266 sententiae.

283 2310 349 2351 Sic
381 2312 419 2357 l,
449 2313 496 2356 2,
533 2311 607 2346 17:

395 2385 468 2423 Illa
502 2383 630 2429 favet,
667 2394 740 2419 scu
770 2379 862 2432 quis
894 2377 1054 2418 iuvenis
1084 2390 1194 2416 nova
1223 2375 1365 2414 limina
1394 2382 1546 2423 tentat,

451 2457 532 2496 Seu
561 2463 717 2494 rcscrat
745 2454 828 2493 fixo
861 2453 980 2492 dente
1014 2452 1152 2504 puella
1182 2451 1314 2499 sores,

286 2549 352 2576 vv.
379 2535 502 2572 lt'mina
532 2537 646 2570 tentat
673 2537 712 2568 et
741 2536 881 2568 reserat
901 2526 1009 2580 sores
1036 2524 1223 2578 opposita
1254 2530 1347 2562 sunt
1374 2530 1419 2561 ut
1441 2525 1572 2561 iuvenis
1598 2529 1635 2560 et
