1721 2953
544 201 616 240 ET
646 195 967 239 VERBORUM.
1346 198 1426 236 473

725 322 774 368 P.

89 430 209 465 Palilia
236 430 290 461 18.
315 429 399 461 295.

88 498 199 542 palla,
223 494 303 538 quid
330 496 412 526 160.
437 493 519 526 431.

88 561 292 606 pallentibus
316 558 430 592 herbis
456 555 683 598 metonymice
709 562 758 597 pr.
786 553 944 595 pallorem
970 549 1196 583 efficientibus
1222 552 1301 583 170,

89 626 259 662 Panchaia
282 628 364 659 329.

88 694 404 738 παρακλαυσίθυρα
428 699 513 723 LXXI
539 699 591 730 sq.

91 757 301 803 parenthesis
326 766 474 790 Lxxxxx.

90 836 231 870 parvum
258 834 383 867 corpus
407 825 489 856 423.

94 901 246 935 pascere,
272 889 479 923 cons'zructio
504 889 587 921 246.

90 959 165 991 Pax
189 960 260 991 202
282 968 355 1000 sqq.

91 1023 211 1066 pedem
237 1033 363 1066 ponere
390 1021 484 1063 sede,
509 1022 609 1054 tectir}
634 1023 715 1053 348.

90 1089 239 1122 Penates
263 1090 321 1122 71.

91 1154 260 1198 periuria,
285 1164 391 1197 grave
420 1154 546 1186 crImen
571 1154 628 1185 75.
678 1150 738 1183 sed
763 1159 829 1183 non
856 1152 1029 1183 amantum
1057 1151 1102 1182 92
1129 1160 1202 1190 sqq.

92 1229 238 1263 persona
263 1220 364 1252 tertia
389 1228 440 1262 pr.
465 1216 614 1250 secunda
639 1217 696 1248 41.
725 1217 802 1248 173.

93 1283 343 1327 personificatio
370 1291 532 1315 cnxxvlu
557 1292 609 1323 sq,

95 1350 408 1394 personificationes
434 1359 502 1382 non
526 1358 628 1381 verae
653 1356 798 1379 chxflx.

93 1416 231 1459 pluralis
257 1415 468 1459 emphaticas
495 1418 572 1448 190.
622 1413 762 1457 pluralis
787 1422 837 1455 pr.
864 1410 1026 1452 singulari
1045 1412 1101 1442 59.
1132 1410 1220 1442 150.
1246 1408 1328 1440 216.
1356 1407 1437 1438 409.

92 1482 209 1514 Poena
235 1483 314 1513 180.

93 1557 216 1590 pompa
240 1548 322 1580 317.

92 1623 218 1657 porcus
242 1623 305 1656 pro
330 1611 443 1644 reditu
469 1614 612 1643 vovetur
637 1612 671 1642 et
696 1607 890 1640 immolatur
915 1607 994 1637 197.

93 1688 195 1722 posse
219 1688 269 1721 pr.
292 1677 405 1709 valere
431 1677 510 1708 149.
535 1676 618 1706 206.

93 1744 289 1789 praedicata
315 1742 458 1775 vestium
485 1744 520 1773 et
545 1748 714 1772 armorum
742 1736 785 1771 ad
810 1744 987 1780 personam
1015 1733 1256 1767 tramferuntur
1280 1735 1338 1766 53.

94 1810 239 1855 praefari
265 1809 387 1842 Manes
412 1810 494 1841 327.

95 1878 244 1923 praemia
267 1879 314 1911 39
340 1887 390 1918 sq.

96 1953 255 1987 praesens
281 1952 332 1985 pr.
357 1940 473 1973 futuro
495 1941 578 1972 230.

94 2018 279 2053 pronomen
304 2006 401 2040 alteri
425 2006 577 2038 membro
597 2004 726 2036 illatum
750 2003 832 2035 1313.
882 2009 977 2043 pron.
1006 1997 1152 2042 positum
1169 1999 1260 2031 inter
1290 2007 1436 2040 praepo—

244 2075 402 2108 sitionem
433 2074 575 2115 eiusque
607 2080 720 2104 casum
747 2070 827 2102 111.
877 2064 1085 2111 pronominis
1111 2066 1240 2099 onmsio
1269 2066 1325 2097 69.
1354 2066 1435 2096 305,

96 2144 204 2188 pudor
228 2147 296 2176 stat
320 2146 399 2175 ante
423 2151 528 2183 genas
554 2142 611 2173 90.

97 2211 258 2254 puniceus
284 2213 319 2242 et
344 2218 535 2252 purpureus
562 2206 655 2239 co¹or
680 2205 760 2237 ⁴254.

97 2288 181 2321 pure
207 2275 311 2309 lavari
334 2277 390 2308 68.

748 2392 802 2452 Q.

98 2491 214 2533 quales
242 2490 350 2533 qualis
376 2492 457 2523 376.

98 2566 164 2599 que
188 2575 234 2580 —
259 2566 325 2599 que
350 2573 395 2579 —
418 2564 485 2598 que
512 2573 555 2578 —-—
583 2558 639 2594 et,
666 2554 697 2586 in
724 2552 989 2596 amplificatione
1015 2552 1071 2583 40,

97 2622 177 2666 quid
202 2624 261 2656 fiet
286 2622 430 2656 Amori?
454 2624 535 2655 302.

99 2688 179 2731 quid
205 2688 265 2721 tibi
289 2688 448 2722 mecum?
477 2689 553 2720 131.
