1721 2953
233 100 251 136 1
262 100 312 134 88
541 87 916 131 COMMENTAR.
948 91 1005 131 ΙΝ
1037 88 1266 130 TlBULLI

231 209 333 243 debet
357 210 394 240 ut
421 215 508 239 uxor
532 209 790 250 corrumpatur3
814 215 920 249 quare
946 203 1038 248 quod
1063 214 1152 237 nunc
1178 203 1221 237 de
1246 213 1366 237 sorore
1391 202 1484 244 dicit,
1511 213 1576 236 non

231 280 283 310 est
309 273 529 318 imprecatio,
554 271 617 306 sed
641 273 852 316 comparatio
885 271 1080 306 sarcastica.
1130 271 1217 304 Cum
1242 271 1331 304 enim
1357 268 1440 303 haec
1464 269 1577 302 libidi-

228 341 326 373 nibus
351 338 506 382 pessimis
529 338 684 379 serviret,
708 337 850 371 similem
878 337 910 370 ei
936 338 1008 370 vult
1032 347 1107 370 esse
1129 346 1283 369 uxorem.
1333 335 1442 369 Simul
1466 334 1579 367 discas

231 406 306 439 binc
331 415 444 438 veram
473 403 644 438 historiam
669 405 812 438 subesse
837 404 999 445 carmini3
1034 414 1145 446 neque
1170 403 1257 436 enim
1285 401 1368 435 baec
1393 402 1505 434 onmia
1527 401 1577 434 sic

229 471 366 504 tinxerit
391 470 434 503 de
459 469 574 504 nihilo.
592 489 639 494 —
663 470 848 503 Pocula.
895 469 981 502 Erat
1007 469 1094 501 enim
1121 468 1306 509 multibiba,
1335 467 1517 507 vinolenta,
1539 469 1579 498 ut

225 536 377 569 Damalis
411 546 465 580 ap.
500 536 594 570 HoR.
620 537 648 578 I,
673 539 731 578 36,
759 538 812 569 13.
837 554 884 560 -
923 536 1198 577 emeruisse,
1231 534 1440 575 confecisse,
1472 533 1580 566 veluti

227 603 339 636 Ovrn·
363 604 498 636 Amorr.
523 602 586 644 Ill,
615 606 668 644 ll,
697 606 761 636 13:
798 603 980 635 emeritam
1015 602 1127 638 latus,
1177 601 1276 634 Conf.
1310 601 1510 634 BURMANN.
1535 598 1578 632 ad

225 668 411 712 Antholog.
448 670 525 703 Lat.
561 669 603 702 T.
629 669 673 709 ΙΙ,
711 680 744 712 p.
771 671 852 700 509.
878 687 926 693 —
968 668 1118 708 Illam,
1156 677 1320 700 sororem.
1344 672 1347 675 “
1370 663 1579 699 convivia

227 733 393 767 ducere
427 734 524 767 dum
561 738 625 766 etc.
655 732 686 766 b.
714 744 743 766 e.
779 733 931 766 convivia
966 732 1156 776 producere
1190 732 1233 764 ad
1270 735 1381 765 ortum
1414 729 1578 771 Luciferi,

227 803 263 832 et
294 798 472 832 Baccho
508 803 577 832 est:
615 798 776 842 potando.
827 798 898 831 Sed
925 799 1099 841 quaeritur
1126 808 1213 841 quae
1247 799 1290 830 sit
1326 801 1424 830 rota
1449 796 1578 829 Luci—

226 864 325 898 feri.
384 865 495 898 Curru
530 863 603 898 velli
640 865 838 897 Luciferum
875 875 950 897 raro
989 865 1103 906 legas,
1140 864 1292 908 reperias
1319 868 1430 896 tamen
1456 862 1580 895 frustra

225 935 375 974 negante
402 932 552 974 Voss10,
589 935 627 964 ut
662 932 768 964 Ovn).
797 934 931 964 Amorr.
959 931 985 970 1,
1011 934 1044 972 6,
1069 934 1126 965 65.
1167 936 1202 964 et
1235 931 1347 964 Carm.
1381 930 1415 962 in
1449 929 1578 963 obitum

224 997 419 1031 Maecenat.
457 1000 555 1039 132„
602 997 662 1030 sed
700 997 803 1039 vulgo
839 998 987 1040 equitem
1028 1007 1104 1029 eum
1144 997 1272 1029 finxere
1310 1001 1461 1036 veteres,
1499 995 1578 1028 vide

224 1062 407 1096 Hm'muiu
431 1067 466 1096 et
487 1063 739 1095 Wssmx'snoxw.
765 1062 808 1095 ad
835 1063 933 1095 Poet.
955 1063 1032 1096 Lat.
1057 1063 1139 1095 Min.
1166 1063 1209 1095 T.
1228 1062 1290 1104 lll,
1317 1074 1347 1106 p.
1367 1064 1449 1095 509.
1499 1062 1578 1095 Hoc

225 1130 300 1162 luco
328 1129 476 1161 Vossius
503 1128 704 1161 rotationem
731 1129 879 1171 explicat
905 1129 976 1161 sive
1003 1128 1203 1170 circuitum,
1238 1128 1298 1161 sed
1326 1129 1372 1161 ita
1398 1133 1478 1160 orla
1503 1132 1578 1162 rota

224 1197 291 1229 ‹iici
327 1197 464 1238 nequit,
500 1196 550 1229 uti
584 1196 649 1228 iam
684 1196 1005 1229 sznuumcmcs
1040 1195 1181 1230 monuit.
1232 1196 1331 1232 Quae
1357 1207 1421 1229 vox
1447 1197 1578 1239 suadet,

225 1268 263 1295 ut
287 1262 329 1294 ad
354 1263 510 1304 Dousffl,
538 1263 792 1296 Bnoucfflmsu
819 1267 853 1296 et
882 1264 1012 1297 ch‘n
1038 1263 1243 1297 senteutiam
1267 1267 1491 1305 revertamur,
1516 1274 1579 1297 nu-

225 1338 288 1370 per
313 1329 415 1361 etiam
439 1329 481 1361 ab
513 1329 704 1362 Huscffluo
730 1330 926 1372 defensam,
954 1331 1010 1373 qui
1036 1335 1145 1363 rotam
1172 1341 1248 1363 esse
1273 1331 1382 1374 ipsum
1408 1330 1525 1362 orbem
1551 1342 1578 1364 s.

225 1392 356 1426 discum
382 1394 538 1437 planetae
564 1400 781 1429 censuerunt.
838 1396 1027 1439 Perspicue
1061 1396 1277 1429 LucRss'rms
1308 1397 1350 1438 V,
1375 1399 1465 1430 566:
1506 1397 1579 1429 Nec

225 1459 331 1493 nimio
356 1460 439 1494 solis
464 1461 576 1493 maior
601 1468 680 1494 rota
705 1474 766 1494 net:
792 1462 903 1495 minor
928 1462 1034 1496 ardor
1058 1475 1132 1496 esse
1153 1470 1293 1508 potest,
1320 1464 1450 1497 noslrt's
1475 1476 1579 1510 quam

226 1524 386 1559 sensibus
411 1538 485 1559 esse
513 1526 666 1562 videtur.
715 1527 762 1560 Et
796 1528 877 1561 ibid.
908 1530 998 1562 434:
1038 1529 1110 1561 Hic
1135 1541 1245 1576 neque
1272 1536 1348 1562 lum
1382 1530 1466 1564 solis
1499 1538 1580 1564 rota

227 1592 321 1624 cerni
345 1592 474 1624 lumine
499 1592 601 1638 largo
625 1593 820 1626 altivolans
848 1601 996 1638 poterat
1029 1606 1139 1640 neque
1171 1596 1291 1640 magni
1326 1595 1443 1628 sidera
1480 1597 1580 1629 caeli,

225 1658 439 1692 liuscnxms
464 1656 637 1701 Aristoph.
663 1657 911 1700 Thesmophor.
939 1662 994 1693 17.
1020 1666 1208 1703 comparat,
1238 1661 1294 1703 qui
1321 1658 1502 1700 davala&
1527 1661 1580 1695 di-

225 1727 272 1759 est
297 1723 474 1765 α’νϊίμιμον
501 1723 597 1771 ἡλίου
620 1727 744 1771 τροχῷ,
771 1730 805 1759 et
832 1727 1017 1760 APOLLON·
1044 1728 1166 1761 RHOD.
1192 1727 1254 1770 ΠῙ,
1276 1731 1378 1764 1229.
1404 1730 1460 1773 qui
1482 1732 1575 1775 περί-

224 1807 348 1838 τροχον
377 1796 497 1835 φέγγος
522 1790 629 1838 ἡλίου.
681 1793 778 1827 Nove
812 1794 920 1828 Ovm.
957 1794 1044 1828 Met.
1067 1794 1146 1836 XV,
1175 1797 1255 1828 192.
1293 1795 1379 1829 adeo
1415 1795 1470 1828 dei
1500 1795 1576 1841 cl)-

219 1873 327 1905 joeum
355 1860 440 1893 dixit
464 1871 514 1904 pr.
543 1861 627 1893 orbe
653 1862 744 1894 solis.
797 1861 947 1894 Vossms
971 1861 1028 1904 qui
1054 1860 1141 1895 hunc
1169 1872 1304 1895 sensum
1331 1873 1361 1894 v.
1385 1867 1465 1894 tola
1489 1864 1578 1906 apud

225 1927 399 1960 Tibullum
427 1927 574 1959 ieiunum
611 1925 730 1968 babet,
766 1927 919 1960 timuisse
953 1927 1088 1960 videtur
1115 1938 1156 1960 nc
1187 1927 1294 1960 inanis
1320 1931 1354 1960 et
1377 1928 1505 1961 inutilis
1529 1928 1579 1962 sic

225 1992 391 2026 inferatur
416 1991 698 2034 circumscriptio.
747 1991 785 2024 ln
809 2002 876 2034 quo
903 1996 1017 2025 tamen
1043 1992 1182 2025 fallitur.
1232 1992 1388 2026 Tibullus
1412 1993 1577 2026 volvendo

224 2060 354 2093 moveri
387 2058 584 2091 Luciferum
620 2057 803 2098 credebat,
837 2068 943 2099 quare
972 2068 1049 2090 cum
1083 2068 1170 2091 nuuc
1205 2059 1313 2102 ipsum
1348 2058 1390 2091 de
1423 2062 1517 2091 motu
1543 2061 1578 2091 et

226 2128 303 2158 ortu
340 2123 413 2156 eius
451 2127 592 2164 agutur,
630 2122 716 2155 bene
755 2122 873 2155 orbem
907 2123 1091 2156 volubilem
1128 2124 1284 2167 planetae
1324 2128 1498 2156 memorat.
1531 2142 1577 2148 --

226 2195 458 2236 provocet.
487 2191 592 2222 Ovu).
614 2175 708 2222 Met.
734 2189 794 2230 IV,
825 2192 913 2222 629:
950 2189 1031 2221 dum
1057 2190 1207 2235 Luczser
1231 2190 1329 2235 ignes
1353 2197 1469 2223 evocet
1494 2191 1574 2223 Au-

227 2268 347 2292 rorae,
373 2267 500 2287 currus
527 2255 672 2287 Aurum
701 2254 855 2290 diurnos.
881 2256 943 2297 XI,
970 2258 1060 2290 296:
1099 2256 1160 2301 qui
1186 2263 1289 2289 vocat
1315 2257 1505 2300 Auroram.
1528 2274 1573 2280 -

227 2322 269 2355 V.
296 2324 340 2354 63
365 2332 415 2363 sq.
457 2325 608 2362 queat,
655 2330 719 2352 non
757 2325 808 2353 est
845 2322 1016 2365 optantiS,
1061 2323 1253 2365 precantis,
1295 2320 1575 2365 quemadmodum

227 2392 320 2421 recte
358 2387 676 2419 wL-snmmcums
711 2387 860 2428 notavit,
895 2387 955 2419 sed
989 2387 1204 2431 suspicantis.
1261 2388 1324 2421 llla
1357 2391 1414 2420 lua
1446 2398 1574 2429 sorore,

227 2453 349 2493 credo,
375 2453 442 2492 ail,
470 2453 559 2484 nulla
587 2454 783 2486 lascivarum
810 2454 931 2487 artium
959 2455 1108 2498 peritior.
1161 2456 1270 2497 Atque
1296 2457 1331 2486 ut
1357 2453 1474 2493 credo,
1500 2454 1573 2498 opi-

228 2531 311 2552 nor,
347 2520 426 2553 ιυως
461 2518 491 2550 ἰιι
528 2519 584 2550 tali
619 2521 785 2554 sententia
821 2532 1025 2555 sarcasmum
1054 2521 1194 2561 habent,
1227 2520 1364 2554 sichon
1391 2522 1465 2554 loco
1490 2533 1573 2555 con-

229 2584 406 2618 iunctisus.
434 2602 473 2608 -
521 2596 702 2629 operum
739 2587 885 2621 xarias
922 2587 1061 2627 vices,
1098 2586 1241 2626 formas,
1276 2588 1420 2630 figuras,
1456 2587 1573 2622 modos
