1721 2953
298 162 380 199 420
618 158 988 202 COMMENTAR.
1016 162 1076 203 IN
1106 163 1335 205 TIBULLI

298 276 431 312 vent-is,
459 276 530 308 Nec
551 273 669 318 pecori
693 278 894 317 opportuna
919 287 1038 321 seges,
1063 286 1124 307 nec
1150 275 1326 308 commoda
1354 276 1505 312 Baccho.
1557 279 1649 312 Dixit

299 343 340 375 de
373 353 404 374 v.
438 340 490 373 hic
524 339 625 372 etiam
652 338 943 373 Bnoucxnnsms.
996 341 1100 374 Vides
1125 345 1239 375 autem
1265 347 1419 377 nostrum
1444 354 1578 378 versum
1605 345 1647 378 ad

296 407 536 441 antecedentes
573 405 659 438 duos
693 405 928 449 referendum
963 419 1039 441 cum
1077 408 1167 441 enim
1199 408 1242 441 de
1274 410 1428 444 aratione
1461 415 1496 444 et
1530 413 1647 446 vitium

298 477 430 509 cultura
462 474 606 515 dixerit,
641 483 729 507 nunc
763 474 866 507 etiam
900 474 943 508 de
978 476 1180 509 collectione
1212 477 1387 520 utriusque
1413 480 1549 521 generis
1575 479 1646 512 sru—

296 553 376 585 gum
409 541 508 583 dicit,
545 545 583 573 ut
617 551 678 584 par
710 545 774 575 est.
824 541 940 577 Quare
966 541 1108 575 tondere
1133 542 1176 576 ad
1202 544 1324 577 aristas
1350 549 1385 578 et
1413 556 1494 579 uvas
1520 547 1647 590 pariter

295 609 450 652 pertinet.
479 626 522 631 —
561 607 798 640 Tondetur
822 618 967 641 annua
994 607 1026 643 h.
1051 620 1081 642 e.
1115 611 1314 652 quotannis,
1352 615 1390 644 ut
1414 622 1517 656 supra
1541 613 1587 655 ll,
1615 616 1644 654 1,

294 676 350 706 48.
377 693 421 698 —
456 673 577 706 ferro
604 674 745 706 tellus
771 674 1067 708 confinditur.
1117 675 1347 709 Instrumenta
1370 678 1495 712 rustica
1520 679 1645 712 intelli-

292 741 361 783 git,
400 744 548 773 aratrum
582 744 616 773 et
651 741 844 783 bidentem,
883 752 923 774 ac
956 751 1000 774 ne
1035 743 1122 775 male
1159 747 1193 776 te
1229 742 1352 777 habeat
1387 756 1462 779 cum
1493 746 1645 787 ΒΑοΗῐο,

291 808 381 849 quod
406 807 470 839 iam
497 807 583 840 dixit
609 807 650 840 dc
676 808 808 840 cultura
834 815 1013 850 agrorum,
1051 809 1194 842 observa
1226 811 1407 843 artificium
1440 811 1507 844 iam
1542 822 1645 855 supra

291 874 496 917 explicatum
522 873 549 914 I,
575 876 632 914 10,
654 876 710 907 49.
762 873 947 906 Additurus
981 875 1068 907 enim
1107 885 1226 907 novam
1262 885 1331 908 rem
1368 876 1511 919 primum
1546 881 1644 910 ante-

292 942 449 975 cedentia
475 941 580 975 verbo
607 942 846 984 complectitur
871 945 1041 985 repetens,
1067 946 1139 974 tum
1165 942 1244 974 inde
1270 944 1384 986 pergit
1407 944 1450 976 ad
1476 945 1580 979 aliud.
1601 962 1643 968 —

291 1019 405 1042 aere.
457 1008 570 1041 Naves
606 1008 692 1040 enim
727 1011 761 1041 et
795 1008 908 1041 clavos
944 1007 1068 1042 habent
1100 1019 1219 1042 aereos
1255 1013 1290 1042 et
1324 1010 1392 1043 alio
1427 1011 1529 1044 modo
1563 1022 1643 1044 aere

290 1076 494 1107 muniuntur.
557 1072 718 1106 Ceterum
762 1073 934 1106 Hermus
980 1084 1123 1106 acumen
1166 1084 1283 1116 parum
1326 1079 1459 1117 gratnm
1506 1076 1641 1111 iudicat.

290 1142 360 1175 Sed
399 1142 430 1174 in
467 1141 526 1173 tali
560 1140 667 1173 forma
704 1139 866 1172 orationis
902 1139 1148 1182 propemodum
1182 1144 1303 1183 sponte
1339 1141 1571 1184 oppositiones
1605 1153 1642 1175 se

289 1207 446 1239 offerunt.
473 1223 517 1229 ·-—
566 1208 832 1245 exsurgunt.
892 1203 1035 1236 Confert
1073 1203 1286 1236 Huscnmus
1322 1205 1395 1237 Liv.
1425 1206 1483 1246 VI,
1510 1208 1551 1239 4:
1592 1208 1641 1238 Ist

289 1273 400 1303 Roma
427 1268 734 1314 c1c11zfi·equenlia
761 1278 929 1303 crescere,
963 1274 1040 1299 Iam
1074 1274 1153 1300 tota
1185 1268 1294 1301 simul
1326 1281 1514 1316 exsurgere
1541 1271 1639 1302 aecli-

280 1336 389 1379 ficiis.
417 1355 462 1361 --
502 1335 541 1368 V.
571 1337 636 1367 175
662 1345 734 1376 sqq.
784 1334 855 1366 Pro
890 1334 1031 1366 ierint
1064 1333 1317 1368 LAchxNNus
1351 1340 1450 1370 acute
1483 1338 1639 1370 coniicit:

287 1402 421 1437 cierint,
449 1401 479 1435 ΙΙ.
505 1413 535 1435 e.
561 1402 734 1434 moverint.
785 1400 916 1431 Tamen
942 1401 1085 1431 debilior
1111 1401 1242 1432 videtur
1269 1403 1395 1434 locutio
1423 1413 1504 1445 prae
1531 1404 1638 1436 altera

286 1480 348 1512 per
374 1468 487 1499 claros
514 1467 641 1502 ierint,
678 1470 716 1497 ut
741 1466 930 1498 ScAmGssR
958 1466 1140 1508 scripserat
1177 1472 1211 1499 et
1242 1468 1345 1510 vulgo
1371 1470 1549 1511 probatum
1577 1474 1639 1504 est.

287 1536 400 1568 Recte
426 1535 547 1577 opinor
572 1532 719 1565 dixeris:
758 1531 846 1564 facta
882 1542 943 1575 per
977 1532 1093 1564 laudes·
1130 1531 1301 1566 hominnm
1336 1534 1405 1575 ire,
1442 1545 1502 1577 per
1527 1536 1637 1567 claros

288 1601 432 1634 honores
459 1601 530 1640 ire,
564 1597 595 1631 h.
622 1609 653 1632 e.
688 1598 835 1640 experiri
870 1609 949 1638 eos;
987 1598 1027 1630 ad
1055 1609 1154 1639 quam
1180 1609 1332 1632 normam
1358 1601 1385 1632 si
1412 1602 1636 1643 explicueris:

287 1667 344 1699 ubi
376 1676 437 1709 per
462 1662 706 1706 triumphorum
733 1663 842 1695 claros
868 1660 1013 1694 honores
1040 1662 1129 1694 sacta
1157 1666 1215 1695 tua
1241 1664 1382 1705 iverint,
1417 1669 1535 1697 ornata
1562 1666 1638 1699 fue-

286 1735 353 1766 rint
386 1732 568 1776 splendore
604 1728 872 1772 triumphorum,
912 1728 1060 1772 placebit
1085 1730 1263 1771 magnifica
1296 1730 1402 1764 forma
1437 1733 1635 1767 sententiae.

288 1802 450 1833 RM'HlUs
485 1798 526 1830 ad
559 1801 677 1830 cantus
703 1797 845 1829 militum
872 1796 905 1828 in
931 1794 1103 1838 triumpho
1128 1796 1368 1839 imperatorem
1395 1797 1636 1831 celebrantium

288 1867 409 1910 respici
437 1868 551 1909 putat,
578 1874 644 1897 non
669 1864 819 1895 sentiens
843 1863 892 1895 sic
919 1863 1021 1895 minui
1047 1863 1113 1896 vim
1139 1864 1319 1897 locutionis
1344 1864 1387 1897 ad
1412 1868 1521 1898 totum
1547 1864 1635 1898 haud

286 1933 388 1964 dubie
415 1930 575 1963 honorem
603 1934 637 1961 et
661 1929 803 1971 gloriam
831 1928 989 1972 triumphi
1015 1930 1228 1972 pertinentis.

382 1996 738 2031 Y.177-a‹if1ne1n.
791 1994 966 2028 Exitus.
1018 1996 1171 2029 Denuo
1208 2002 1397 2030 excusat
1434 2000 1635 2032 tenuita-

287 2069 373 2096 tem
408 2064 588 2104 virium,
627 2065 670 2094 et
705 2061 934 2095 addictum
969 2072 1014 2095 se
1042 2063 1273 2097 Messalae
1307 2064 1560 2108 profitetur
1593 2066 1633 2098 in

287 2133 562 2173 perpetuum.

381 2195 424 2228 V.
451 2197 518 2228 177
545 2205 633 2240 ειμι..
671 2195 762 2228 Non
791 2205 871 2238 ego
897 2206 987 2229 sum
1013 2196 1137 2229 satis.
1173 2195 1311 2229 Luem.
1338 2196 1366 2238 I,
1392 2199 1448 2229 66.
1473 2195 1632 2229 laudante

286 2260 494 2293 Huscnxlo:
537 2262 589 2291 Tu
624 2267 715 2292 salzs
750 2261 798 2292 ad
833 2262 921 2294 vires
954 2264 1115 2294 Romana
1150 2264 1187 2296 in
1221 2261 1378 2294 carmina
1409 2262 1558 2294 dandas.
1585 2281 1632 2287 —-

286 2326 590 2368 praescribat,
629 2332 793 2360 monstret
830 2333 864 2361 et
900 2331 1096 2372 praecipiat.
1147 2330 1206 2362 Sic
1240 2340 1290 2372 pr.
1328 2329 1453 2362 docere
1487 2329 1629 2362 verbum

286 2392 411 2433 legitur
436 2403 490 2435 ap.
519 2392 594 2425 Cre.
622 2393 662 2425 de
691 2394 799 2427 Divin.
826 2394 871 2435 ll,
897 2398 977 2436 59.‚
1014 2396 1089 2428 loco
1116 2395 1157 2427 ab
1186 2394 1375 2427 Husemuo
1402 2394 1524 2426 allato:
1567 2394 1629 2426 An

284 2456 547 2500 Aesculapius,
584 2469 629 2488 an
664 2459 804 2503 Serapis
835 2465 953 2502 polest
979 2459 1077 2492 nobis
1103 2458 1340 2504 praescribere
1370 2471 1434 2503 per
1458 2458 1628 2491 somnium

283 2522 500 2555 curationem
542 2522 777 2559 valetudinis,
827 2526 1015 2568 Neplunus
1056 2523 1337 2569 gubernantibus·
1376 2536 1444 2556 non
1479 2524 1629 2567 potest?

285 2589 373 2622 Nam
401 2589 584 2631 improprie
619 2599 703 2621 voce
740 2594 879 2623 utuntur
917 2592 1018 2624 etiam
1054 2591 1147 2625 alias,
1198 2591 1310 2632 Atque
1343 2587 1509 2623 hocloco
1537 2590 1626 2625 idem

283 2658 335 2687 est
360 2654 450 2697 quod
477 2655 557 2687 alias
585 2653 737 2691 dictare,
761 2655 981 2700 praecipere,
1015 2646 1200 2690 Pnorssn'r.
1226 2655 1269 2697 ll,
1299 2657 1328 2696 l,
1355 2657 1389 2689 3.
1427 2655 1572 2689 Honxr.
1598 2656 1624 2698 Ι,

1716 2497 1721 2566 Ξ
