1721 2953
245 90 327 126 216
563 84 593 123 C
599 82 807 127 OMMEN
810 86 933 128 TAR.
964 88 1018 128 ΙΝ
1053 87 1282 131 TlBULLI

252 205 322 233 tum
349 198 430 232 satis
455 197 616 240 frequens
654 199 687 232 in
713 199 812 234 Italia
847 199 911 235 hoc
945 203 1058 236 vinum
1084 203 1209 246 fuisse,
1248 208 1286 237 ut
1319 204 1420 239 etiam
1454 205 1599 240 rusticus

248 276 362 301 emere
387 265 538 308 potuerit
563 265 706 308 cadum,
739 267 1001 303 solemnioribus
1026 269 1122 303 festis
1147 281 1216 313 quo
1241 275 1407 305 uteretur.
1456 271 1496 305 In
1522 272 1601 306 tali-

248 334 312 367 bus
345 332 433 365 enim
468 333 690 375 generosiore
724 335 802 368 vino
837 335 1010 380 libabant,
1050 337 1094 371 cf.
1120 338 1220 372 Voss.
1247 337 1268 371 l.
1295 338 1352 371 cit.
1389 350 1422 382 p.
1447 339 1529 371 267.
1555 355 1601 362 --

248 400 360 432 Vina
385 398 500 433 diem
525 400 789 444 celebrent,
813 402 848 436 in
875 414 975 448 prosa
1002 405 1157 438 oratione
1181 405 1285 447 dicas,
1310 405 1389 439 vino
1411 405 1484 438 dies
1510 406 1601 438 cele-

248 468 374 500 bretur.
398 484 446 492 —
482 477 566 501 non
591 467 715 502 festa
747 470 848 504 luce
881 471 1059 505 madere
1085 475 1154 505 est
1177 472 1340 515 rubor,
1376 473 1420 507 cf.
1444 483 1547 516 supra
1572 472 1602 516 1,

248 536 305 575 10,
339 536 397 567 51.
455 534 555 570 Adde
589 547 669 571 cum
701 538 845 573 vomo
880 539 1042 574 iudicium
1080 539 1246 574 Demetrii
1281 540 1373 584 apud
1407 540 1488 574 L1v.
1525 540 1604 583 XL,

247 613 322 646 cap.
351 604 414 636 14:
456 603 537 636 Non
560 610 615 637 est
639 616 695 638 res
721 617 794 652 qua
817 604 1040 644 erubescam,
1068 613 1196 651 pater,
1233 606 1267 640 .ςὶ
1300 605 1355 639 die
1382 606 1485 653 sesto
1511 606 1605 640 inter

246 666 415 713 aequales
450 667 603 715 largiore
634 670 717 704 vino
753 684 834 705 sum
867 685 964 706 usus·
1023 673 1186 708 Ceterum
1221 672 1328 707 rubor
1351 680 1405 706 est
1429 678 1469 707 ut
1493 675 1603 708 Ovm.

247 735 323 768 Art.
351 735 426 768 Am.
451 735 514 778 111,
539 738 620 770 167.
667 736 798 772 Tim.
824 739 988 772 German.
1018 740 1075 773 13.
1124 739 1225 773 Adde
1255 739 1464 773 locutionem
1486 738 1604 783 pudor

247 805 302 832 est
327 799 389 842 ΠΙ,
419 802 453 843 2,
479 805 514 836 7.
539 820 584 826 -
621 802 805 836 madere
843 808 960 838 autem
983 805 1176 848 significat,
1215 809 1254 839 ut
1281 806 1385 839 etiam
1410 805 1604 839 WUNDER-

248 877 397 901 memus
422 873 557 911 monet,
593 871 734 914 proprie
769 872 898 914 largius
931 882 970 906 se
996 873 1141 906 invitare
1177 873 1274 915 vino,
1312 871 1403 906 unde
1436 882 1526 906 nunc
1559 871 1604 905 de

249 932 354 967 ebriis
386 938 450 969 est.
474 953 523 959 —-
559 936 674 970 male
706 935 833 970 serre
866 937 1019 981 pedes.
1070 939 1252 972 Cumulate
1286 938 1420 972 addidit
1454 949 1605 972 erran-

248 1003 342 1041 tes,
365 997 595 1044 {vacillante5,
630 1005 669 1035 ut
700 1002 837 1046 poetica
865 1003 925 1036 fiat
954 1002 1104 1047 phrasis3
1139 1015 1216 1038 nam
1250 1003 1340 1036 male
1365 1004 1468 1049 serre
1497 1003 1607 1048 pedes

248 1066 354 1100 etiam
388 1066 422 1100 in
457 1077 560 1111 prosa
594 1069 751 1103 oratione
786 1070 893 1103 dicas.
920 1086 967 1094 --
1004 1071 1046 1104 V.
1072 1073 1117 1102 31
1144 1081 1196 1112 sq.
1252 1069 1324 1103 Sed
1360 1070 1450 1103 inter
1484 1071 1607 1114 pocula

248 1134 441 1168 meminerit
466 1135 610 1179 quisque
635 1137 737 1171 etiam
761 1136 963 1173 Messalae,
1000 1138 1097 1170 cuius
1122 1137 1313 1181 patrocinio
1338 1137 1473 1171 videtur
1498 1141 1606 1170 tutam

248 1200 499 1243 possessionem
533 1202 664 1246 praedii
700 1203 811 1236 relicti
856 1202 1016 1235 debuisse
1050 1202 1222 1236 Tibullus.
1286 1202 1398 1236 bene
1434 1202 1608 1236 Messa-

249 1266 333 1300 lam
366 1268 440 1302 scil.
477 1279 600 1312 precor
633 1269 759 1303 valere.
809 1268 876 1303 Est
909 1269 1056 1303 formula
1092 1269 1280 1303 convivalis
1314 1273 1396 1302 nota
1421 1279 1440 1303 e
1465 1269 1606 1303 PLAUT.

249 1331 357 1366 Stich.
384 1334 426 1375 V,
453 1336 486 1375 4,
511 1338 577 1368 27:
614 1334 696 1368 bene
719 1348 800 1372 vos,
827 1334 910 1368 hene
933 1348 1019 1372 nos,
1045 1334 1127 1368 hene
1151 1342 1204 1373 te,
1233 1335 1315 1369 bene
1341 1348 1412 1373 me,
1438 1334 1520 1368 bene
1543 1348 1607 1369 no-

249 1404 364 1431 stram
396 1399 505 1431 etiam
530 1401 784 1445 Stephanium,
819 1405 855 1434 et
889 1402 999 1435 ΟΠ».
1024 1402 1119 1435 Fast.
1146 1402 1190 1443 11,
1215 1405 1308 1436 637:
1342 1403 1392 1434 Et
1425 1399 1507 1433 bene
1534 1413 1608 1439 vos,

248 1465 392 1509 patriae
418 1465 500 1500 bene
525 1473 560 1499 te
579 1473 688 1511 pater
712 1466 840 1511 optime
865 1469 1016 1504 Caesar,
1043 1466 1175 1501 Dicite.
1197 1485 1245 1492 --
1281 1467 1510 1509 absentis,
1545 1468 1605 1510 qui

250 1530 285 1562 in
309 1531 394 1564 urbe
420 1535 504 1565 erat.
531 1550 578 1557 --
616 1533 801 1574 singula
836 1532 986 1566 verba.
1036 1532 1190 1574 Singulis
1216 1533 1466 1576 propemodum
1491 1533 1607 1566 verbis

251 1596 370 1630 redeat
394 1598 468 1631 eius
495 1598 634 1631 mentio.
684 1599 753 1633 Qui
780 1599 973 1641 explicant:
1008 1598 1175 1639 cuiusque
1199 1607 1227 1630 s.
1253 1598 1466 1640 singulorum
1491 1599 1609 1640 verba,

251 1672 321 1696 non
340 1663 455 1696 vident
473 1663 522 1696 sic
541 1663 689 1696 ieiunam
707 1663 945 1707 repetitionem
966 1662 1082 1695 inferri
1107 1662 1385 1696 antecedentium
1411 1663 1611 1706 quisque

253 1727 391 1764 dicat.
439 1728 548 1762 Plane
572 1727 637 1762 hoc
657 1729 891 1770 intolerabile;
917 1728 1021 1762 debet
1039 1729 1232 1762 necessario
1251 1733 1465 1772 pentameter
1482 1729 1610 1764 addere

252 1793 346 1837 quod
381 1795 491 1828 maius
527 1798 562 1828 et
596 1795 719 1828 fortius
754 1794 810 1828 sit.
836 1811 882 1820 —-
922 1794 964 1827 V.
991 1797 1038 1827 33
1064 1805 1140 1838 sqq.
1188 1794 1260 1828 Iam
1299 1805 1437 1828 orsurus
1469 1794 1612 1828 deorum

252 1862 441 1904 agrestium
469 1861 588 1895 laudes
611 1867 783 1904 tamquam
808 1860 852 1895 ad
879 1871 1004 1895 numen
1029 1861 1073 1894 ad
1098 1861 1284 1894 Messalam
1310 1861 1540 1903 convertitur,
1572 1864 1612 1893 ut

253 1928 305 1963 his
348 1929 527 1963 conatibus
562 1929 680 1962 favens
718 1929 817 1962 adsit.
852 1947 898 1954 —
943 1928 1186 1973 triumphis
1221 1927 1254 1963 h.
1288 1939 1319 1964 e.
1354 1927 1533 1972 triumpho
1567 1927 1610 1962 de

253 1995 434 2037 Aquitanis
453 1998 532 2028 acto
555 2004 630 2028 ann.
648 1997 729 2028 727.
778 1995 927 2028 Pluralis
949 1995 1085 2038 poetice
1106 2004 1157 2038 pr.
1177 1995 1343 2037 singulari
1363 1997 1402 2028 ut
1421 1995 1449 2036 I,
1466 1997 1500 2035 7,
1519 1996 1611 2027 5.—

253 2062 456 2095 intonsis
481 2062 586 2096 avis.
637 2063 723 2098 Quis
749 2063 905 2096 Valerios
929 2063 1067 2106 ignorat
1091 2062 1171 2096 inde
1195 2063 1239 2096 ab
1264 2063 1361 2096 initio
1385 2063 1514 2095 liberae
1540 2063 1612 2095 rei-

255 2127 415 2173 publicae
447 2128 587 2162 claros?
637 2128 799 2162 Ceterum
834 2133 991 2162 tonsores
1023 2130 1058 2162 in
1090 2129 1225 2162 Italiam
1262 2139 1306 2162 ex
1332 2128 1451 2161 Sicilia
1483 2137 1612 2161 venere

255 2197 335 2237 post
366 2204 446 2227 ann.
475 2196 556 2227 454.
591 2177 641 2227 ab.
668 2195 743 2228 urb.
777 2194 877 2229 cond.
913 2194 1001 2227 conf.
1032 2195 1150 2228 vinu.
1184 2193 1227 2227 de
1262 2194 1318 2228 Re
1343 2193 1516 2235 Rust.11,
1542 2196 1610 2234 113

256 2263 356 2292 antea
389 2259 521 2293 barbati
555 2264 652 2293 erant
685 2260 853 2302 Romani,
889 2261 932 2294 cf.
958 2261 1060 2295 Voss.
1096 2261 1139 2293 ad
1165 2260 1262 2303 Virg.
1288 2259 1411 2302 Eclog.
1439 2259 1466 2301 Ι,
1492 2271 1526 2302 p.
1551 2260 1609 2298 25,

257 2329 293 2358 et
317 2325 411 2358 locos
436 2336 491 2369 ap.
516 2326 684 2360 Rapum.
710 2325 783 2360 luv.
807 2338 840 2370 p.
864 2328 947 2359 268.
976 2342 1021 2350 ——
1067 2335 1225 2369 magna
1260 2325 1414 2368 gloria
1447 2323 1609 2363 victor,

260 2391 409 2425 victoriis
433 2392 516 2424 suis.
541 2410 587 2416 —

351 2459 539 2501 v.37sqq.
566 2460 833 2503 Sequuntur
857 2461 1018 2494 laudes
1044 2460 1162 2493 ruris
1188 2462 1232 2492 et
1254 2455 1479 2491 ruralium
1505 2453 1610 2487 deo-

260 2535 368 2567 rum,
402 2525 506 2558 veluti
532 2526 642 2559 Ovin.
668 2528 762 2563 Fast,
788 2529 834 2571 11,
860 2532 939 2562 658.
971 2528 1005 2562 in
1028 2527 1280 2562 Terminalibus
1305 2525 1393 2557 inter
1416 2522 1523 2566 dapes
1549 2532 1610 2554 ca-

261 2594 385 2625 nuntur
405 2590 520 2626 laudes
540 2591 703 2627 Termini.
754 2593 867 2629 Totus
893 2596 987 2628 locus
1014 2593 1123 2627 tribus
1146 2592 1298 2637 partibus
1324 2593 1468 2630 constat,
1490 2597 1609 2630 quem—
